2454 4500
55 300 57 335 ³
115 324 119 330 »
177 248 958 383 muraenasuemmmcns-161.
1044 274 1101 384 ss
1161 308 1189 386 '.

55 476 226 546 venerabilis:
249 499 281 543 at
306 496 356 561 (8,
373 494 463 558 540.):
487 493 571 548 Tibri
590 507 675 561 pater.
711 493 786 561 Ergo
809 493 862 546 hoc
887 510 988 547 nomen
1006 496 1087 551 etad

55 566 145 614 'britan
167 570 278 632 patrem
301 563 437 633 pertinet,
461 572 490 615 et
513 566 549 616 ad
565 565 703 616 honorem
719 569 846 614 retertur.
882 563 963 630 (Sana
979 575 1085 619 veteres

55 631 143 683 onnes
167 634 235 684 deos
258 644 353 698 patres
377 632 534 694 dicebant.)
571 633 707 700 Caeloque
733 634 859 682 inuectus
884 646 995 698 aperto,·
1026 650 1084 691 non

82 717 97 752 r
119 701 232 753 coelum
254 708 361 764 vectus,
385 700 432 752 sed
450 703 527 752 coelo
545 702 602 753 iam
619 717 731 757 sereno,
754 707 847 751 vectas
864 718 915 770 per
932 704 1029 756 maria.
1046 729 1083 744 ···

55 713 106 827 iifl.
129 768 254 841 uecta,
284 769 405 837 Quidam
422 771 516 838 flectit
540 786 591 840 pro
614 772 688 838 regit
711 769 863 838 accipiunt,
888 777 918 819 ut
940 771 1083 830 interdum

55 851 153 904 osquer
169 839 200 889 in
218 837 317 890 eodem
334 838 491 905 significatu
528 839 586 889 onit
610 843 670 905 (12,
690 838 774 899 180.):
799 834 858 902 Qui
886 842 1010 890 numine·
1026 854 1083 897 tor.

55 903 138 980 praes]
174 906 286 967 Curru3
311 921 383 972 non,
407 915 438 959 ut
454 858 565 975 quitiam
583 914 695 978 putant,
718 922 769 976 pro
788 910 888 957 currui
904 910 1008 978 posuit,
1030 931 1083 967 neo

55 983 81 1027 st
105 977 251 1056 Apocope:
274 975 323 1027 sed
344 975 417 1025 ratio
441 976 506 1026 artis
529 980 674 1044 antiquae,
697 976 761 1043 quia
787 976 875 1027 omnis
897 977 1082 1034 nominativus

55 1043 155 1096 laralis
172 1045 248 1112 regit
264 1040 417 1112 genitivum
433 1045 617 1113 singularem,
642 1051 670 1095 et
685 1041 844 1110 isosyllabus
861 1060 919 1096 asse
936 1046 1033 1116 debet,
1049 1059 1081 1105 ut

55 1130 88 1167 ae
109 1130 227 1178 musae,
251 1111 340 1173 liuius
358 1129 471 1178 musae,
495 1112 528 1163 ἤι’
544 1113 634 1178 docti,
656 1112 744 1168 liuius
763 1113 845 1163 docti.
876 1114 953 1165 item
969 1132 986 1168 a
1003 1121 1082 1185 geni.

55 1197 90 1233 vo
109 1181 249 1249 singulari
266 1182 371 1232 dativus
387 1182 494 1250 regitur
511 1181 671 1248 singularis,
688 1188 719 1231 ut
734 1181 891 1248 isosyllnbus
909 1183 957 1234 sit:
981 1193 1011 1236 ut
1028 1188 1080 1240 hu-

55 1269 81 1303 ss
101 1250 199 1315 docti,
223 1249 292 1300 huic
310 1251 397 1300 docto.
434 1250 502 1301 Inde
520 1264 587 1317 ergo
606 1256 646 1302 est
664 1254 727 1314 (12,
744 1249 832 1312 511.)':
858 1249 1004 1319 curruque
1030 1260 1080 1309 ab·
1156 1274 1159 1279 ·

55 1322 129 1372 sissa
157 1319 281 1370 duorum
305 1318 457 1385 Suspendit
481 1321 582 1385 capita.
618 1318 655 1367 Et
681 1318 726 1383 (G.
747 1324 778 1382 1,
795 1316 884 1376 208.):
908 1317 997 1372 Libra
1023 1327 1076 1378 die.

55 1392 88 1457 e,
115 1389 140 1439 si
160 1388 221 1438 diei
243 1388 368 1451 iecisset,
391 1388 480 1439 maior
507 1395 577 1439 esset
598 1386 768 1437 nominativo
789 1386 899 1456 plurali.
934 1387 1079 1461 Secunda,-

55 1457 167 1511 roianis
194 1454 371 1535 obsequenti:
394 1456 430 1505 Et
453 1463 558 1507 tractas
583 1462 624 1506 est
647 1470 739 1506 sermo
756 1454 967 1522 assequentibus
984 1465 1078 1531 servis,

62 1549 89 1580 e.
109 1525 288 1597 pedissequis
304 1523 437 1575 secundis.
472 1520 553 1576 Unde'
571 1528 598 1575 et
616 1525 768 1573 secundam
781 1523 933 1591 fortunam
951 1526 1077 1600 dicimus,

55 1594 105 1647 rod
132 1595 292 1645 secundum
317 1607 368 1642 nos
392 1600 447 1658 est,
470 1591 488 1644 i.
513 1611 536 1646 a.
563 1607 650 1660 prope
673 1607 723 1642 nos
749 1594 778 1659 [a
800 1592 946 1658 sepiendo.
989 1599 1037 1651 Vel
1059 1620 1079 1657 ι

55 1662 218 1716 nilitudine
248 1661 322 1714 venti
351 1668 472 1711 tractum
502 1669 544 1711 est
572 1661 702 1728 propitii,
733 1661 780 1728 qui
809 1660 860 1710 ilat
883 1677 900 1711 a
922 1669 1016 1731 terg0,
1045 1678 1079 1722 ut
1163 1690 1167 1697 =

58 1771 66 1800 ,
88 1731 189 1793 130.):
216 1729 399 1796 Prosequitur
417 1747 536 1797 surgens
555 1747 572 1778 a
592 1732 679 1795 puppi
696 1741 796 1778 ventus
813 1727 930 1794 euntes]
947 1756 981 1768 ·-
1016 1742 1077 1794 157,

55 1802 151 1872 efessi
163 1800 331 1861 Aeneadae,·
349 1815 423 1850 nunc
442 1797 565 1862 Troiani,
581 1797 727 1866 aliquando
744 1796 879 1847 Romani:
897 1807 927 1848 ut
940 1803 976 1864 (8,
989 1806 1079 1868 648,);

55 1870 182 1922 madae
209 1871 258 1921 in*
266 1868 380 1936 ferrum
404 1885 454 1935 pro
481 1868 607 1917 libertate
634 1867 759 1916 ruebant.
802 1863 947 1932 [Proxima
973 1871 1057 1923 litora
1066 1899 1077 1941 ,-

55 1942 89 1992 ia
112 1943 183 2006 post
199 1936 356 2005 periculum
373 1951 430 1986 non
447 1935 557 2002 eligitur
580 1935 660 1999 litus,
683 1935 732 1985 sed
749 1934 932 2012 ‹prodeunque
949 1952 1077 1996 occurre·

82 2004 267 2074 occupatan]
311 2004 421 2068 Cursu5
452 2012 500 2055 aut
523 2003 773 2072 secandumpuod
796 2017 921 2068 superius
944 2005 1076 2065 diximus:
1135 2040 1139 2056 .

55 2077 160 2128 oxima
187 2090 284 2138 cursu,
307 2072 325 2123 i.
344 2092 367 2125 e.
391 2073 492 2123 cursui.
526 2073 581 2122 Aut
602 2072 773 2123 contendunt
795 2086 878 2121 cursu
901 2081 1005 2138 petere.
1039 2080 1077 2132 Et
1132 2082 1137 2089 '

55 2163 60 2195 ;
85 2143 232 2211 septimus
255 2156 341 2193 casus.
376 2143 425 2209 (Ut
441 2140 486 2191 hic
505 2155 592 2190 cursu
610 2140 644 2191 de
663 2139 791 2202 navibus,
808 2139 846 2190 ita
865 2142 917 2191 iter
935 2147 972 2210 (3,
987 2149 1074 2211 507.)2
1094 2136 1098 2149 '

55 2215 107 2265 ide
137 2216 195 2264 iter
218 2208 352 2273 Itaiiarn:
377 2217 406 2262 et
429 2209 459 2260 in
477 2211 507 2260 V.
533 2206 597 2270 (2.):
623 2208 721 2259 Certus
746 2209 806 2261 iter.
843 2207 976 2262 stationes
1003 2217 1074 2278 (cod.

55 2280 211 2341 tentiones)
235 2280 322 2331 etiam
339 2278 451 2330 navium
469 2277 613 2342 dicebant,
638 2278 712 2345 quod
730 2284 771 2327 est
793 2277 960 2332 animalibus
983 2288 1074 2337 terre·-

55 2353 129 2404 ibus
143 2348 313 2418 proprium.)
327 2374 361 2386 -
385 2344 447 2404 158.
468 2346 637 2409 Venantum
654 2346 787 2397 sciliceta
802 2349 945 2413 proposito
957 2347 1075 2405 itinere:
1169 2398 1173 2418 ,

55 2439 70 2472 c
94 2427 142 2472 est
162 2418 201 2469 ab
216 2417 305 2468 Italia.
322 2443 358 2454 -
393 2421 453 2473 159.
477 2415 529 2464 Est
546 2418 578 2465 in
597 2431 707 2465 secessu
726 2415 827 2479 long05
851 2415 1007 2482 topothesia
1024 2429 1075 2487 est,

55 2509 80 2542 e.
109 2488 196 2538 fictus
220 2485 373 2537 secundiori
397 2483 536 2553 poeticam
559 2483 702 2534 licentiam
725 2481 808 2534 locus.
849 2483 892 2535 Ne
918 2491 1012 2537 autem
1035 2490 1074 2540 vi·

55 2566 124 2611 stur
157 2554 269 2623 penitus
300 2573 317 2606 a
347 2555 463 2605 veritate
493 2551 649 2616 discedere,
678 2550 866 2618 Hispaniensis
897 2552 1072 2624 Carthaginis

55 2635 142 2679 rtum
160 2621 301 2675 describit
337 2618 471 2675 Ceterum
494 2621 567 2672 hunc
585 2621 677 2671 lucum
695 2637 832 2687 nusquam
855 2619 885 2671 in
903 2622 996 2674 Africa
1014 2642 1073 2680 esse

55 2700 150 2758 astat,
182 2709 234 2744 nec
262 2691 416 2761 incongrue
447 2698 564 2757 propter
592 2689 712 2747 nominis
741 2688 949 2742 similitudinem
973 2693 1073 2758 posuit.
1104 2713 1114 2729 ¹

55 2782 92 2816 ,m
123 2759 335 2828 Topographis
354 2766 395 2811 est
426 2759 470 2811 rei
494 2774 574 2810 verae
600 2756 758 2823 descriptio.
810 2758 887 2823 (Hoc
917 2766 1012 2812 tamen
1034 2763 1072 2816 ad

56 2830 142 2885 meri
186 2829 376 2881 imitationem
417 2826 514 2880 fecisse
544 2823 674 2901 Virgilius
713 2825 841 2890 videtur,
878 2827 926 2895 qui
957 2837 1071 2895 portum

55 2918 137 2954 ‚aeae
154 2898 198 2949 sic
214 2897 359 2963 descripsit
376 2895 440 2963 (οἀ.
453 2914 477 2958 ν,
493 2893 562 2956 96.);
579 2889 718 2960 Φόρκυνος
731 2889 761 2946 δέ
777 2896 817 2945 tls
833 2891 890 2947 iou
906 2893 989 2965 λιμήν
1006 2904 1071 2964 (etc.

55 2988 108 3041 (ue
136 2968 177 3020 ad
193 2983 217 3017 v.
236 2971 296 3024 106.
321 2964 380 3017 sine
402 2965 555 3016 lectionum
579 2960 746 3023 varietate).)
788 2962 902 3014 secessu
910 2988 920 3029 ,-
944 2966 1006 3017 sinu
1030 2986 1097 3022 seu

55 3048 107 3094 pto.
146 3034 247 3087 Locus
262 3042 373 3099 autem,
396 3031 525 3152 sugendis
545 3048 639 3097 quem,
655 3039 687 3097 ut
702 3031 827 3098 superius
845 3039 889 3098 (1,
907 3036 985 3095 12.):‘
996 3034 1071 3088 Urbs
1136 3030 1140 3037 ¹

55 3111 149 3176 siqua
169 3104 243 3174 fuit.
285 3103 322 3153 Et
350 3101 425 3153 scien
446 3118 494 3152 um
518 3107 574 3164 est,
606 3099 732 3168 quotiens
764 3100 858 3165 (codd.
890 3105 957 3168 quia
984 3107 1070 3171 quot.)

55 3173 281 3231 aetermittimus
297 3185 403 3224 nomen
421 3167 568 3220 mriuslibet
583 3168 710 3236 generis,
733 3176 761 3222 at
784 3167 945 3235 interposito
969 3188 1071 3238 prono·

55 3265 96 3299 ne
116 3242 248 3311 sequitur
265 3256 369 3292 nomen
392 3238 505 3290 alterius
522 3237 646 3304 generis:
672 3236 796 3287 medium
821 3239 891 3303 (cod.
909 3239 938 3289 F.
958 3241 1077 3306 meiius),

55 3315 88 3367 sd
115 3327 281 3380 pronomen
305 3307 414 3376 proprii
437 3305 558 3358 nominis
589 3318 676 3371 genus
701 3304 840 3371 sequitur,
871 3312 903 3356 ut
929 3305 1069 3362 Sallustius

55 3383 115 3436 atil.
135 3378 208 3440 55.):
232 3377 283 3429 Est
309 3380 340 3427 in
366 3393 475 3426 carcere
494 3376 590 3436 locus,
614 3371 688 3438 quod
708 3372 875 3423 Tullianum
901 3378 1067 3443 appellatur.

55 3469 91 3504 ce
112 3448 236 3518 proprio
255 3445 410 3510 coniunxit,
433 3459 491 3496 non
516 3440 687 3508 appellativa.
724 3440 892 3493 Tullianum
911 3447 987 3496 enim
1004 3463 1069 3514 pro-

55 3523 117 3574 ium
144 3514 276 3586 [nomen]
301 3523 355 3567 este
387 3530 499 3578 carcer,
529 3509 732 3577 appellativum.
782 3510 808 3561 Si
833 3519 927 3564 autem
951 3523 1070 3583 utraque

55 3591 139 3642 mina
158 3584 324 3652 appellativa
343 3583 462 3645 fuerint,
485 3581 601 3632 licenter
618 3579 663 3628 cui
681 3579 846 3631 voluerimus
863 3585 1069 3649 respondemus.

55 3659 135 3711 tsula
163 3666 278 3723 portum
295 3652 413 3722 Efficit,·
428 3651 491 3713 ,hoc
517 3649 592 3700 enim
609 3648 781 3698 solummodo
799 3656 910 3715 portus,
933 3654 1005 3718 quod
1028 3654 1069 3706 illi

55 3729 109 3780 :ula
129 3723 290 3791 anteposita
307 3727 356 3778 est.
391 3720 482 3788 Quem
504 3718 597 3768 locum
619 3715 811 3780 subaudimus,
834 3718 876 3769 vel
899 3719 927 3770 in
946 3737 1000 3788 quo
1025 3721 1068 3774 in·
1161 3730 1165 3741 ’

57 3816 76 3850 a
103 3799 230 3864 portum
255 3787 357 3853 efficit]
380 3816 416 3826 -
458 3792 519 3845 161.
544 3787 632 3852 Inque
664 3787 880 3839 sinus'scindit
904 3805 962 3838 sese
990 3791 1067 3841 unda
1131 3830 1133 3837 .
1158 3848 1162 3859 .

55 3869 175 3927 luctas,-
203 3859 297 3911 dividit
323 3875 353 3909 se
378 3857 452 3908 unda
476 3857 505 3907 in
531 3855 605 3907 sinus
629 3854 772 3917 reductos,
796 3855 813 3906 i.
838 3876 861 3907 e.
886 3858 1067 3925 replicabiles.

55 3952 123 4004 ique
143 3933 239 3991 sinus
252 3937 346 3980 autem
363 3927 478 3996 antiqua
495 3932 537 3976 est
553 3922 661 3975 locutio.
696 3920 743 3996 Sic,
756 3921 816 3990 ipse
833 3925 900 3977 alibi
915 3931 960 3995 (9,
977 3929 1067 3990 288.)s

55 4021 109 4072 pue
134 4000 297 4052 salutatam
323 3998 431 4063 linquo.
468 3993 549 4043 Caius
566 3988 718 4043 Memmius
743 3991 777 4042 de
803 3993 958 4060 Triumpho
974 3996 1068 4048 Lucil·

55 4089 92 4128 no
120 4068 199 4137 (cod.
216 4064 377 4117 Lucilium.
410 4064 505 4114 Bam
520 4059 667 4122 Luculli)
684 4059 756 4111 1111.:
780 4061 870 4128 inque
895 4060 1068 4116 luxuriosi&

830 4178 868 4264 s*
921 4172 1143 4238 Δ
