2454 4500
923 70 953 127 ΙΙΙ

154 276 157 287 .
191 250 255 320 304
442 246 583 316 sinin
602 237 980 359 ,conuamsmus

191 427 281 497 tristi
291 432 405 504 quidam
419 433 449 486 in
466 443 581 506 utroque
595 452 673 490 versu
688 452 739 505 pro
757 454 836 506 quem
853 439 947 509 legunt
962 443 1022 509 qui,
1038 441 1122 495 nteit
1137 453 1205 498 vetus

190 504 278 573 figura
294 514 343 573 per
360 503 485 573 eclipsin,
508 506 556 557 uhi
572 514 648 572 sunt,
669 507 719 588 spui
732 506 809 558 aiunt
831 509 933 576 patrios
948 519 1065 576 penates
1080 520 1203 581 portasse,

190 581 219 626 et
235 579 377 640 parentem
393 571 516 624 humeris
531 575 641 626 subisse.
672 575 743 626 bane
759 575 806 626 hic
821 575 923 629 subisse
944 579 1018 632 iuxn
1035 588 1199 648 praesentem

190 654 297 693 versum
320 640 470 693 accusativo
493 642 593 708 iunxit,
615 657 679 694 cum
697 642 767 695 slilri
788 643 846 694 enti
865 660 900 696 ue
916 645 1006 699 dativo
1024 642 1089 699 ustis
1104 647 1154 715 sit,
1173 656 1196 699 ut

188 711 233 775 (8,
257 705 341 771 1259:
363 707 484 760 Suheunt
505 711 582 774 luco,
604 717 633 763 et
656 713 702 776 (9,
726 711 819 774 371.):
845 660 982 781 istumque
1006 717 1149 768 subibant.
1168 740 1194 753 -

189 780 250 835 599.
268 776 445 844 Confectum
462 785 493 828 ut
507 797 524 830 e
539 779 678 830 contrario
696 781 739 844 (2,
756 779 845 840 638.):
862 780 972 848 Integer
988 787 1061 837 aeni.
1077 809 1113 822 -
1142 789 1190 849 699

189 844 255 897 Non
271 847 350 911 potui
367 847 523 915 abreptum3
548 847 601 897 hoc
624 854 665 899 est
687 861 742 898 non
765 846 835 898 milti
857 848 1000 902 subvenire
1023 854 1188 922 poteremit

187 929 250 965 meo
266 913 387 980 regno?]
403 939 437 951 -
470 920 531 972 602.
548 915 649 982 Ipsum.
660 915 832 978 Aseanium5
848 923 895 968 sut
911 917 959 985 qui
975 927 1017 971 est
1032 937 1115 974 causa
1128 919 1186 971 nsvi-

188 980 317 1050 gutionis:
339 988 370 1032 ut
386 980 483 1047 (355.):
510 981 599 1048 Quem
617 1000 700 1050 regno
717 981 867 1049 Hesperiae
878 984 989 1053 fraudo.
1012 988 1051 1054 [et
1060 988 1185 1057 fatalibus

188 1047 299 1114 servin]
317 1050 415 1111 eistad
451 1051 516 1102 atris
532 1050 670 1103 dolorem:
686 1057 717 1100 ut
733 1055 776 1118 (2,
792 1051 877 1114 5589:
895 1051 953 1119 Qui
970 1057 1033 1106 neti
1050 1073 1138 1108 coram
1153 1070 1183 1104 us

187 1134 296 1168 eernere
318 1118 403 1169 letum
424 1066 533 1169 iecisti.
575 1119 753 1184 Epulendum
774 1136 889 1185 ponere3
912 1123 985 1190 quod
1006 1124 1074 1176 fecit
1095 1124 1185 1191 Progne·

187 1187 275 1237 occiso
287 1185 328 1252 [ty
343 1186 399 1247 filio
416 1195 529 1256 propter
537 1194 665 1257 stuprum
676 1186 784 1239 sororis.
797 1214 833 1224 -
864 1192 926 1246 604„
942 1189 1073 1257 (Verum5
1088 1188 1181 1249 retem]
1213 1242 1221 1263 ,

113 1262 116 1267 “
186 1254 222 1306 In
246 1266 338 1306 eastra
362 1255 504 1319 tulissem,·
533 1255 629 1308 classes
651 1255 735 1322 [dixit
754 1254 874 1320 castrus]
897 1264 929 1307 ut
951 1261 1002 1325 (3,
1018 1263 1116 1323 519.st
1134 1256 1180 1311 Nos

26 1322 30 1329 ’
187 1334 279 1374 castra
298 1340 443 1373 movemur.
477 1324 561 1441 (lliam
576 1323 712 1391 sequitur:
737 1323 945 1392 implessemque
955 1326 1042 1393 feros
1051 1320 1199 1397 flammisl.
1219 1340 1221 1345 '

185 1414 221 1429 —-
244 1395 313 1449 (505.
330 1389 432 1455 Fores,
453 1396 482 1443 ts
502 1392 576 1444 ulatu
596 1392 722 1457 navium,
744 1392 780 1442 sb
806 1407 838 1443 eo
893 1393 927 1444 od
949 1395 1069 1446 incessus
1084 1394 1178 1464 ferant:
1216 1392 1221 1465 ,“

185 1467 214 1512 et
230 1466 270 1510 est
285 1460 393 1527 generis
409 1460 567 1525 masculini,
589 1460 698 1511 numeri
719 1467 828 1518 tantum
850 1460 969 1529 purslis.
984 1489 1021 1500 -
1053 1468 1112 1522 606.
1127 1462 1179 1513 Gru

184 1544 281 1596 genere
305 1529 459 1593 extinxem3
489 1528 595 1594 [utrum
625 1542 705 1578 omne
728 1524 827 1597 ge'nus,
851 1526 905 1591 en]
927 1538 1018 1583 morte
1041 1532 1144 1589 Aeneae
1159 1532 1179 1579 et

184 1595 300 1649 Ascanii.
338 1594 486 1662 [Quoniam
499 1594 551 1646 illis
568 1595 689 1648 extinctis
704 1595 849 1647 interitura
865 1612 931 1664 gens
947 1599 1037 1649 omnis
1054 1596 1179 1662 essetne

184 1673 227 1719 est
249 1662 370 1733 syncope
393 1664 550 1731 [extinsem
580 1679 632 1732 pro
663 1662 876 1730 retinuissem]¹
907 1663 1007 1717 Memet
1028 1684 1111 1733 super
1132 1668 1179 1730 ipss

185 1734 333 1793 dedissem3
349 1734 413 1783 setis
429 1731 564 1785 amatorie
603 1730 682 1798 [Sane
699 1749 757 1782 sese
773 1747 838 1783 cum
854 1731 969 1783 dicimus
985 1735 1083 1787 ultima
1097 1731 1179 1802 syllnlt

183 1801 356 1870 producitur,
379 1800 505 1868 Virgilius
528 1801 589 1864 (12,
606 1799 690 1861 390·):
713 1799 826 1868 Seseque
851 1802 882 1851 in
901 1802 971 1852 betta
990 1804 1142 1865 remittam
1159 1804 1179 1849 st
1211 1838 1214 1843 .

182 1887 246 1922 vero
263 1885 327 1919 curn
342 1868 506 1938 proferimus
524 1879 619 1918 memet
635 1875 663 1918 et
678 1879 750 1931 tute,
765 1869 878 1923 ultimae
895 1868 989 1921 breves
1004 1879 1080 1922 sunt:
1096 1870 1180 1933 Lustr-

182 1939 236 1990 tius
259 1940 308 2003 (1,
331 1934 402 1996 103.)
431 1943 578 2003 utrumque
599 1935 693 1986 simul:
722 1937 844 1987 Tutemet
867 1946 896 1986 α’
910 1939 991 1991 nohis
1016 1941 1073 1988 iam
1097 1937 1180 2005 puscit

183 2021 301 2073 tempore
330 2016 433 2063 votum.
487 2003 559 2071 Quas
589 2003 735 2071 particulas
763 2006 855 2056 volunt
884 2006 1006 2057 nonrmlli
1034 2006 1182 2074 significare,

141 2076 144 2085 '
182 2074 327 2143 quiddam,
357 2078 387 2122 ut
408 2072 443 2122 sit
467 2083 574 2136 memet,
607 2075 753 2139 meipsum,
781 2085 854 2136 tute,
883 2076 979 2136 tuipse.
1021 2075 1074 2126 Alii
1094 2081 1181 2132 auum,

138 2184 147 2195 .
181 2142 255 2211 quod
271 2139 358 2207 magis
374 2140 542 2207 sequendum
559 2147 607 2203 ost,
622 2149 793 2192 excrementa
809 2141 906 2191 comici
922 2141 1021 2210 leporis
1036 2143 1180 2200 existimant,

165 2222 248 2262 'narn
265 2207 409 2260 Terentius
426 2207 492 2260 dicit
508 2210 613 2274 (Heaut.
626 2218 662 2270 -2,
679 2217 710 2272 3,
729 2210 815 2272 133.);
834 2210 956 2259 Tutemet
974 2212 1123 2272 mirober'e3
1138 2211 1179 2261 io

180 2279 231 2343 tu]
248 2305 283 2315 -
314 2281 376 2332 607.
392 2275 454 2341 Sol,-
478 2276 536 2326 iam
552 2277 636 2327 utitur
653 2277 907 2345 imprecationibus,
923 2279 976 2328 hoc
993 2287 1034 2329 est
1050 2274 1180 2330 devotioni·
1219 2318 1221 2345 ,

179 2346 244 2398 bus:
268 2344 340 2395 unde
358 2351 386 2394 et
402 2345 512 2395 denotor
530 2352 556 2396 et
572 2347 697 2395 devotrix
713 2346 826 2408 dicitur,
851 2347 898 2413 qui
922 2346 1097 2412 imprecatur.
1130 2345 1178 2394 Nun
1219 2358 1221 2417 j

179 2423 272 2466 antem
290 2412 439 2462 Terrarum
450 2413 596 2479 flammis,
618 2413 664 2463 sed
683 2413 772 2478 Opera
798 2427 942 2464 terrorum.
978 2415 1015 2464 Et
1032 2414 1103 2465 bene
1120 2415 1179 2465 into·
1219 2448 1221 2457 ·

179 2491 225 2535 cst
249 2481 353 2544 Solem,
382 2481 428 2530 cui
449 2496 532 2550 supra
554 2480 625 2548 (58)
648 2498 697 2549 per
721 2498 824 2532 numen
847 2482 941 2533 Liberi
971 2482 1179 2534 sacrificavit*
1217 2476 1221 2507 ¹

178 2556 240 2610 608.
258 2551 393 2615 interpres
418 2564 566 2613 curarum
592 2554 639 2598 sut
661 2564 726 2614 quas
749 2552 850 2617 patior,
873 2550 907 2615 [i.
925 2568 947 2600 e.
975 2567 1101 2602 mearum
1116 2563 1180 2600 curs-
1215 2568 1219 2579 ·

178 2617 274 2682 rum:]
297 2625 343 2668 sut
365 2617 529 2684 generaliter-
551 2632 681 2667 curarum
705 2618 889 2682 coriiugslium
912 2617 1062 2685 interpres,
1084 2620 1134 2671 hoc
1148 2620 1179 2667 est

178 2687 270 2739 medis
285 2693 313 2739 et
329 2685 502 2736 conciliatrix.
537 2684 634 2735 Cicero
651 2687 737 2749 (Verr.
756 2691 784 2747 1,
804 2685 873 2747 129:
898 2683 1007 2749 Quique
1033 2691 1178 2753 interpretes

179 2755 374 2820 corrumpendi
399 2754 501 2803 iudicii
524 2753 573 2819 (al.
597 2752 627 2802 in
649 2754 855 2821 corrumpendis
876 2754 995 2815 iudiciis)
1020 2757 1109 2806 solent
1125 2767 1176 2804 esse.

177 2825 240 2894 [Alii
258 2826 408 2888 interpres,
430 2822 520 2883 testis,
542 2819 635 2884 iudex,
657 2820 762 2872 arbrtrn
785 2820 930 2887 accipiunt
965 2821 1035 2874 Sane
1059 2828 1176 2888 interpres

178 2893 245 2960 quid
259 2892 295 2941 sit
310 2890 459 2941 secundum
475 2896 577 2940 veteres
593 2888 650 2956 ipse
668 2890 788 2955 exposuit
803 2889 915 2953 dicendo
934 2895 1064 2941 conscia:
1089 2901 1176 2944 veteres

178 2961 253 3012 enirn
277 2961 450 3024 interpretem
474 2956 614 3007 conscium
644 2963 672 3006 et
694 2965 835 3008 auctorem
858 2957 998 3008 dicebant:
1030 2960 1135 3011 Plautus
1153 2956 1175 3006 in
1215 2952 1218 2959 '

177 3029 265 3080 milite
282 3032 323 3092 (4,
340 3033 370 3090 1,
387 3026 434 3086 5.):
457 3023 535 3090 Quae
560 3024 631 3074 milti
653 3025 774 3075 conditio
794 3041 864 3074 noun
882 3039 907 3074 et
923 3028 1093 3079 luculentior
1110 3025 1175 3095 offer·

177 3110 224 3148 tur
240 3115 288 3162 per
312 3107 336 3145 te
361 3097 545 3161 interpretum.
578 3092 654 3142 ldem
677 3091 705 3141 in
723 3093 885 3143 Curculione
909 3101 956 3158 (3,
973 3095 1042 3155 Mi:
1067 3096 1175 3162 Quodis
1216 3116 1219 3121 ·

176 3176 316 3235 praesente
340 3162 385 3212 hic
409 3164 464 3228 egit
486 3175 564 3226 teque
588 3159 751 3226 interprete]
787 3159 903 3210 Conscia
923 3162 1011 3223 Ιιιιιο,Ι
1035 3165 1109 3216 siluit
1128 3175 1175 3214 retu
1216 3166 1220 3173 '

175 3242 300 3302 turpem:
317 3231 355 3282 sic
373 3238 400 3282 et
416 3246 498 3299 snpra
515 3231 607 3294 0669:
631 3229 665 3276 Et
681 3229 807 3293 pronuba
827 3229 905 3279 luno.
925 3255 955 3267 ·-
992 3236 1053 3289 609
1072 3232 1173 3284 Noctur-

177 3305 240 3365 nis,-
258 3318 313 3352 non
330 3298 414 3350 triviis
430 3295 611 3365 [nocturnis,]
634 3297 681 3347 sed
698 3304 928 3362 per-nocturnum
945 3307 1062 3368 tempus.
1098 3300 1174 3368 [δαιτί

176 3372 260 3425 enim·
269 3370 390 3420 Hecatae
412 3366 442 3417 in
464 3364 550 3416 triviis
573 3366 782 3431 frequentantur
799 3381 849 3430 per
866 3374 982 3417 noctem.
1018 3369 1081 3420 Ideo
1098 3376 1173 3421 autent

176 3439 295 3490 Hecaten
311 3436 433 3499 invocat,
446 3432 522 3501 qnasi
538 3448 609 3498 quse
627 3433 696 3483 tanti
713 3432 919 3484 matrimonium
934 3436 1047 3500 fecerit,
1071 3445 1101 3487 ut
1115 3448 1173 3505 sper·

175 3514 254 3558 neret
276 3499 422 3565 matrem]
463 3500 576 3550 Ululutn
601 3500 648 3564 per
674 3503 768 3563 urbes3
800 3501 1006 3571 Proserpinam,
1036 3513 1172 3572 raptam!

175 3572 239 3625 Dite
258 3581 350 3640 patre,
375 3586 439 3620 cum
456 3570 539 3621 Ceres
563 3567 648 3632 [crim]
670 3569 785 3619 incensis
808 3570 902 3620 faculis
919 3589 970 3639 per
987 3571 1087 3624 orbem
1102 3581 1170 3625 terri·

174 3658 239 3693 rum
256 3640 418 3708 requireret,
433 3654 482 3709 per
499 3635 577 3687 trivia
594 3653 657 3687 eum
673 3637 714 3687 vol
731 3637 868 3703 quadrivia
886 3639 1000 3688 vocabat
1016 3639 1171 3692 clamoribus.

174 3708 252 3760 Unde
270 3707 422 3776 permansit
445 3707 473 3756 in
497 3704 553 3756 eins
570 3705 667 3767 sacris,
691 3712 720 3754 ut
743 3705 824 3756 certis
841 3705 934 3755 diebus
959 3725 1010 3776 per
1034 3711 1172 3777 compita!

173 3777 306 3829 matronis
321 3782 477 3828 exerceatur
494 3771 624 3823 ululatus:
651 3773 718 3821 sicut
740 3773 769 3822 in
786 3773 860 3823 isidis
876 3774 973 3837 sacris,
999 3776 1047 3828 nbi
1071 3787 1110 3831 est
1123 3770 1171 3826 imi·
1215 3772 1218 3777 ’

174 3843 242 3897 titio
265 3844 369 3897 inventi
393 3841 505 3894 Osiridis
530 3855 612 3906 quem
641 3839 803 3890 dilaniatum
827 3859 843 3892 s
867 3842 999 3908 Typhone
1024 3845 1081 3896 eius
1102 3847 1173 3896 trane
1215 3870 1219 3911 i

173 3928 241 3963 uror
256 3914 303 3963 Isis
315 3928 364 3980 per
377 3918 464 3960 totum
479 3908 576 3958 orbem
589 3907 730 3974 requisisse
745 3918 879 3960 narratur.
912 3912 1046 3963 luvenalis
1058 3919 1094 3978 (6,
1103 3906 1173 3972 §st-lt
1215 3914 1219 3969 ,ἔ

173 3978 337 4051 Plangenses
352 3978 450 4049 populi
467 3977 558 4030 currit
576 3976 683 4029 derisor
700 3977 816 4030 Anubis.
852 3979 974 4033 Hecaten
998 3989 1093 4037 sutem
1108 3986 1175 4035 csstt
1214 3972 1219 4025 l

1211 4170 1221 4327 l
