2454 4500
57 234 69 315 j
126 244 188 317 uo
312 196 323 332 ἰ
356 229 519 315 Ιειιιιιιιι
542 224 900 321 communiamus

129 406 246 475 intentio
263 424 337 476 erat3
361 428 427 482 ergo
450 416 547 479 capio,
569 410 661 484 placet
684 411 755 464 mihi
778 405 910 472 attinere.)
941 407 999 479 [sat
1017 417 1045 459 ru

130 487 263 558 quoniam
286 501 398 547 amens,
412 538 414 543 ,
427 484 491 535 ideo
520 497 573 534 nec
596 490 639 534 sat
667 477 816 544 rationist]
847 477 1045 545 (aut-ostender<

131 559 254 625 primam
278 550 304 605 ei
327 547 523 619 cogitationem
545 550 629 603 fuisse
652 550 687 601 de
720 549 828 620 patria3
859 547 911 600 sed
938 545 1045 598 subvenit

132 624 217 677 armis
229 622 335 674 nullam
344 616 431 672 luisse
444 620 596 682 rationem,
613 619 729 670 ardente
745 618 802 668 iam
816 615 922 688 petrin
939 614 1044 685 quomod

132 698 275 747 incensam
297 687 533 749 defendereti—
577 690 637 745 315.
662 686 756 751 Bello,
781 685 817 736 ad
841 681 954 736 bellum.
994 684 1033 752 (ln

133 761 208 830 quod
240 757 305 822 inde
336 756 418 808 facile
445 754 529 826 possit
552 755 706 823 pugnari*
730 752 829 821 (cum)
857 752 1045 819 hostibus.)-

131 831 239 894 Furor‚
263 828 361 894 iraque
389 838 504 876 mentem
529 822 737 891 Praecipitant3
762 829 855 890 potest
878 822 992 889 quidem
1013 837 1045 891 spe

133 896 237 966 accipi,
259 893 278 947 i.
295 914 319 947 e.
342 900 465 946 mentem
491 909 584 944 meam
607 892 685 944 furor
703 897 731 943 et
751 891 797 961 ‚ira
814 886 1045 960 praecipimvelru

134 966 232 1018 melius
249 972 291 1016 est
311 961 492 1030 generaliters
516 961 580 1011 Non
603 961 708 1012 mirum
732 964 785 1024 est,
808 974 855 1011 me
878 973 960 1010 arma
984 957 1045 1040 cepit

79 1040 88 1097 ,’
133 1031 256 1088 ratione:
279 1032 359 1082 furor
384 1031 460 1082 enim
483 1038 512 1083 et
533 1031 577 1081 ira
594 1036 719 1080 mentem
743 1027 928 1097 praecipitant
944 1027 1044 1096 [honuo

136 1110 199 1161 317.
216 1100 379 1162 Succurrit3
405 1100 486 1165 (ratio
504 1096 557 1149 viri
579 1097 672 1157 lortis3
698 1094 764 1164 quid
788 1098 865 1148 enim
887 1093 964 1153 aliud
988 1113 1005 1146 a
1021 1095 1045 1146 br

135 1179 164 1225 et
178 1171 244 1221 forti
262 1168 378 1219 amissae
394 1167 500 1237 patriae
526 1166 610 1234 possit
624 1165 764 1232 impendi;
788 1164 830 1228 et)
855 1159 1034 1230 [succuum

135 1254 215 1290 mum
238 1234 332 1301 venit]
355 1262 390 1274 -—
424 1241 486 1293 318.
506 1232 660 1352 pudorosum
684 1233 726 1284 vix
750 1231 894 1297 evadent,
917 1233 1044 1300 (verbum

134 1308 178 1360 his
196 1305 243 1374 qui
259 1302 302 1354 vix
319 1311 471 1356 evaserrurt.
527 1300 631 1353 anthus
651 1298 826 1370 Othryades,-
851 1316 946 1353 everso
969 1301 1020 1353 llio
1043 1338 1044 1348 ,

136 1376 214 1439 cule,
239 1378 268 1426 et
291 1372 380 1422 occiso
397 1370 602 1435 Laomedonte,
625 1369 751 1422 Priamus
773 1370 899 1422 iudicans
916 1369 983 1427 vitio
1004 1378 1044 1450 pot

137 1458 222 1512 quam
253 1436 297 1492 ira
320 1436 405 1492 deum
435 1438 624 1491 calamitatem
647 1434 776 1491 accidisse
800 1436 926 1506 patriae,
956 1435 1032 1489 misit

82 1532 84 1545 ·
138 1514 227 1564 filium
242 1508 388 1560 Antenoris
412 1509 588 1574 scitaturum,
611 1523 648 1558 an
671 1522 795 1560 eversum
811 1506 894 1558 Ilium
917 1504 960 1559 fas
984 1523 1044 1560 esse‘

111 1610 114 1615 Δ
138 1576 211 1648 erigi
231 1576 425 1629 fundamentis.
458 1579 528 1628 Erat
553 1592 586 1628 eo
610 1580 736 1646 tempore
753 1573 885 1655 Apollinis
901 1574 1033 1645 Delphici

138 1648 259 1703 Panthus
276 1640 424 1724 Othryadis
440 1644 511 1696 lilius
534 1643 662 1696 miranda
684 1638 896 1714 pulchritudine.
931 1646 1013 1696 Hunc
1033 1644 1044 1695 l

54 1732 57 1741 ’
118 1715 257 1780 tenoris,
280 1715 313 1764 ut
334 1712 451 1776 dicitiu,
478 1728 574 1764 amore
599 1726 631 1763 ca
649 1716 707 1776 tus,
736 1712 846 1779 rapuit,
878 1719 906 1764 et
929 1706 1044 1783 Ilium]

83 1821 87 1830 ·
139 1787 217 1839 cuius
232 1778 365 1834 iniuriam
381 1779 504 1833 Priamus
521 1779 612 1841 volens
628 1729 736 1832 honore
759 1792 892 1851 pensare,
913 1782 1043 1833 sacerdot

137 1845 269 1925 Apollinis
291 1846 373 1915 fecit,
396 1856 443 1914 ut,
466 1861 520 1918 quo
539 1847 651 1917 *honore
674 1845 789 1917 insignis
812 1849 888 1916 apud
911 1859 976 1900 suos
1002 1848 1043 1902 sue

141 1921 214 1975 aud
231 1917 298 1970 alios
320 1933 377 1969 non
397 1924 468 1969 esset
489 1912 632 1980 inferiora)
649 1942 684 1954 -
718 1923 779 1975 319.
796 1918 877 1968 Arois
902 1914 1043 1986 Phoebique

115 2032 118 2041 ‚
163 2006 210 2054 or,-
228 1989 276 2038 aut
291 1986 472 2053 subrogatum
487 1985 679 2052 intelligimus:
702 1993 765 2050 aut,
782 1982 856 2054 quod
872 1986 973 2038 melius
990 1995 1043 2052 est,

142 2058 302 2109 Romanum
318 2054 367 2107 teti
388 2055 417 2104 it.
450 2055 481 2105 In
501 2052 637 2124 Capitolio
654 2054 729 2106 enim
747 2049 873 2106 omnium
889 2054 1012 2109 deorum
1033 2073 1043 2107 s

143 2125 314 2179 colebantur.
343 2124 360 2242 [ς
383 2131 395 2173 t
417 2121 452 2172 sit
473 2119 546 2175 illius
561 2122 692 2188 Apollinis
709 2124 849 2189 sacerdos,
873 2123 922 2190 qui
938 2123 970 2179 in
987 2140 1043 2176 arc«

143 2201 190 2246 tur
207 2188 289 2252 (ideo
307 2191 341 2242 ad
361 2191 383 2240 it
398 2188 411 2224 *
429 2187 553 2256 alterius,
569 2190 587 2242 i.
606 2209 629 2242 e.
646 2189 732 2254 arcis,
756 2196 824 2259 (non
842 2191 970 2256 alterius,
993 2193 1043 2245 ide*

144 2256 239 2326 arcis),
256 2260 333 2327 epitasi
350 2259 452 2324 arcani,
469 2254 533 2327 quia
549 2256 641 2328 ipsum
659 2274 717 2311 esse
734 2260 829 2310 dicunt
846 2259 962 2310 urbium
979 2278 1043 2313 cont

145 2338 194 2385 aut
210 2329 291 2379 Arois
308 2328 452 2379 Minervae
468 2324 653 2396 accipiamus]
670 2352 705 2363 -
739 2335 800 2385 320.
824 2327 911 2392 Sacra
930 2342 1037 2396 manu3

57 2457 62 2471 Ι
144 2398 278 2470 (propter)
296 2395 370 2464 quod
387 2395 541 2461 supranst,
564 2395 651 2444 Socra
676 2408 798 2461 suosque
821 2397 876 2446 tibi
893 2401 1040 2448 commend

145 2478 266 2538 penates.
307 2464 452 2529 Victosque
470 2464 551 2523 deos,
577 2463 625 2530 qui
650 2464 769 2531 egebunt
784 2465 932 2516 sacerdotis
950 2468 1042 2517 auxili(

145 2544 174 2589 et
191 2537 299 2586 Aeneae
323 2540 464 2585 excusatur
488 2532 636 2582 abscessus.
653 2554 709 2569 ....
724 2534 785 2589 321.
803 2533 864 2599 Ipse
883 2532 988 2598 trahit,-
1015 2536 1042 2602 (i

76 2605 79 2611 ’
145 2604 261 2656 numina
283 2601 397 2664 liberat,
418 2601 490 2652 inter
514 2599 648 2669 pietatem
670 2599 890 2669 religionemque
908 2598 1042 2654 districtus

72 2670 75 2675 ’
145 2669 262 2741 septima
275 2669 397 2739 'syllepsis
413 2676 453 2720 est
470 2666 559 2735 (codd.
577 2664 733 2734 silemsis,
751 2684 772 2720 s.
788 2669 949 2735 syllemsin)
986 2672 1042 2723 Tra

144 2740 210 2792 licet
225 2739 333 2809 nepotis
355 2744 464 2788 tantum
486 2736 535 2801 sit,
557 2743 652 2788 tamen
670 2745 698 2790 et
719 2740 862 2807 superiora
877 2738 1033 2792 lconcludit

146 2809 248 2876 legitur
273 2816 301 2859 et
328 2793 450 2857 cursum(
486 2804 528 2854 Ad
546 2806 648 2855 limina
656 2828 666 2870 ,·
690 2807 798 2858 Aeneae
823 2815 850 2858 et
872 2807 972 2874 religio
989 2807 1042 2862 laur

147 2878 238 2926 virtus.
255 2902 291 2913 —-
325 2882 386 2932 322.
405 2873 468 2939 Quo
488 2891 531 2924 res
549 2885 676 2937 summm·
700 2873 763 2940 [est]
780 2875 943 2944 respublica:
979 2880 1041 2945 [Lu

149 2961 192 2996 sus
210 2949 293 2995 status
310 2956 364 3021 quo
381 2942 441 2994 loco
459 2940 592 3012 positust]
616 2945 654 3008 (et
671 2939 742 2993 bene
767 2941 830 2993 civis
853 2942 927 2993 utilis
945 2945 981 2996 de
997 2943 1040 2997 lie

150 3029 228 3063 mum
243 3008 375 3062 sollicitus
391 3012 450 3071 est.)
485 3011 548 3078 [Sed
564 3011 618 3061 hoc
636 3009 737 3074 totum]
760 3011 920 3062 admirantis
944 3021 1001 3079 est,
1023 3030 1042 3065 n

150 3077 288 3144 rogantis,
313 3084 342 3130 et
366 3077 475 3128 Panthu
499 3080 634 3130 vocativus
658 3085 699 3130 est
720 3080 843 3131 Graecus
866 3074 940 3147 [ἀπὸ
965 3079 1015 3135 τοῦ
1039 3126 1042 3134 .

150 3142 273 3210 Iliados,
291 3167 320 3199 oe
336 3143 365 3209 iu
383 3146 436 3211 ou]
470 3143 563 3214 Quam
580 3145 744 3214 prendimus
761 3149 874 3198 arcem?
892 3166 957 3200 cum
974 3159 1006 3202 tu
1024 3171 1042 3205 e.

151 3235 226 3289 quaa.
261 3216 325 3267 Non
349 3215 426 3268 enim
448 3216 540 3285 plures
557 3224 636 3268 erant
659 3232 743 3267 arces.
779 3216 857 3268 Unde
880 3216 1042 3272 admirantis

152 3286 274 3339 notanda
297 3280 380 3336 simul
402 3282 533 3335 orationis
562 3280 697 3349 brevitas,
726 3300 796 3352 quae
828 3286 858 3336 in
889 3288 1018 3354 periculis

152 3352 331 3474 {Prendimus
355 3360 448 3404 autem
471 3352 655 3434 occupamus]
678 3380 712 3389 -
746 3361 808 3410 323.
832 3349 954 3419 (Gemitu
962 3380 972 3419 ,·
997 3365 1027 3407 ut

165 3430 304 3475 uctuosam
320 3437 381 3473 rem
397 3438 427 3473 se
443 3433 501 3472 esse
517 3419 674 3482 dictinum.)
691 3448 727 3459 -
760 3424 821 3478 324.
839 3423 964 3487 [Summa
984 3426 1041 3476 dies

154 3499 202 3542 aut
217 3504 346 3560 suprema
364 3494 395 3539 ut
411 3503 536 3555 supreme
559 3490 692 3559 Iuppite13
719 3490 778 3540 dies
796 3497 890 3542 alitem
906 3493 929 3543 si
945 3495 1041 3545 femini

153 3568 186 3610 re
203 3565 320 3628 ponatur
338 3565 446 3627 tempus
461 3553 610 3624 significat:
635 3564 666 3608 ut
683 3558 784 3626 (783.):
808 3557 901 3625 Quam
926 3576 976 3611 nec
1001 3565 1041 3614 lor

155 3624 177 3678 si
201 3626 351 3681 masculino
375 3642 440 3678 vero
464 3625 554 3695 ipsrun
576 3622 658 3678 diem.
694 3627 747 3692 (Et
770 3623 804 3680 de
827 3629 980 3680 masculino
1004 3648 1041 3701 ge

155 3693 321 3747 observanda
344 3702 420 3746 sunt:
442 3689 471 3744 in
494 3690 639 3760 qualitate,
660 3711 794 3759 numero,
816 3695 960 3760 adverbio;
984 3698 1015 3752 in

155 3777 269 3814 serenus
288 3764 314 3813 si
332 3763 407 3827 dies,
424 3778 481 3813 non
498 3778 612 3825 serena,-
629 3780 761 3816 numero:
779 3764 823 3815 tis
842 3768 945 3833 quinos
963 3772 1030 3820 silet

155 3846 212 3882 non
228 3832 273 3881 dis
291 3833 410 3896 quinum
435 3824 579 3895 adverbio,
600 3828 650 3882 hoc
668 3832 727 3897 die,
744 3849 800 3885 non
818 3833 940 3885 hoodie.
975 3840 1041 3891 Ceto

156 3900 221 3949 cala
238 3898 308 3950 nihil
322 3897 506 3968 praeiudicat3
522 3899 587 3967 quia
603 3900 689 3952 multa
705 3899 866 3954 diminutiva
882 3903 1019 3958 recedunt
1032 3926 1041 3959 ι

153 3966 205 4019 luu
227 3967 336 4036 primae
358 3965 517 4036 positione,
539 3973 570 4018 ut
591 3981 719 4037 scutum,
749 3972 880 4040 scutella,
911 3977 1010 4042 canis,
