2454 4500
142 256 210 323 546
366 268 382 280 ·
398 248 537 311 sanun
559 246 929 311 COMMENTARIUS

147 435 250 506 apertis
266 432 459 504 intelligimm,
482 433 567 503 [quod
583 430 749 485 intrantibus
766 437 796 482 et
812 430 993 485 exeuntibus
1018 430 1172 500 pateant]-

145 514 171 565 6.
196 505 352 556 Caelicolae
376 507 473 570 magni
479 526 489 568 ,·
514 502 645 553 orationis
668 500 745 551 istius
768 499 894 550 intentio
921 501 982 551 hoo
1007 503 1083 569 agit,
1109 511 1136 553 nt
1150 502 1172 553 sb

146 575 215 625 odiis
231 573 418 624 Troianorum
433 574 501 622 Iuno
516 577 666 622 revocetur.
703 566 868 633 Quianam,
897 569 1120 637 cur,'[qmre],
1138 572 1195 633 Er*¹

147 644 245 694 niauus
268 656 362 693 sermo
385 647 439 691 est:
464 638 620 708 [Quianam
644 638 768 704 legiones
793 637 955 686 caedimus
973 636 1083 706 serre]
1104 663 1136 675 -
1156 646 1174 693 ῖ.

152 711 238 762 Versa
269 722 340 761 retro
348 734 357 772 ,-
389 716 509 772 mutata,
540 714 584 756 ut:
615 705 695 771 Quae
725 715 750 753 te
773 707 895 770 genitor
922 709 1072 757 sententia
1095 703 1173 757 uertit?

147 779 277 847 [Quidam
296 796 375 828 versa
395 789 465 828 retro
482 774 654 842 intelligtmt,
670 771 743 840 quod
759 787 856 822 rursus
876 773 918 823 ad
936 773 1095 826 discordias
1109 773 1194 825 viden-¹

73 888 76 893 ⁴
148 856 193 898 tur
215 848 333 909 redisse,
357 845 401 895 alii
429 862 510 895 versa
535 856 621 903 retro,
649 856 700 910 pro
724 843 874 890 inversum
904 854 992 906 asta,
1029 841 1107 911 quasi
1127 858 1174 910 qne

150 916 226 985 prius
243 922 352 965 rectum
373 912 427 964 iter
451 909 585 980 pergebat
601 907 740 972 derivate]
775 907 923 970 Certatim
949 917 1004 962 eut
1027 918 1123 962 contro
1140 924 1175 971 ut,

148 991 196 1034 aut
213 991 309 1033 contra
322 999 415 1032 meam
426 980 597 1033 sententiam.
610 1004 644 1014 —
679 983 705 1034 8.
719 978 885 1027 Abnueram
902 986 978 1040 etc.;
997 978 1175 1045 prohibueras
1195 1000 1198 1011 ·

149 1052 256 1102 ltaliam
280 1058 376 1100 contra
392 1049 527 1099 Troianos
549 1045 622 1099 bella
645 1046 792 1112 suscipere.
834 1048 934 1113 Atque
959 1046 1033 1098 dixit
1056 1045 1087 1097 in
1108 1046 1176 1116 primo
1197 1054 1201 1061 ’

150 1119 246 1185 (263.):
270 1117 377 1169 Bellum
401 1119 503 1183 ingens
519 1128 594 1182 geret
610 1115 704 1166 ltalia.
738 1111 820 1180 Quod
843 1113 890 1163 ite
907 1113 1048 1165 solvitur:
1074 1124 1119 1165 aut
1131 1114 1175 1182 pir

90 1222 94 1231 .
150 1202 215 1235 cum
233 1202 286 1235 uno
303 1185 355 1237 deo
372 1186 415 1236 vel
431 1186 481 1237 dea
496 1184 576 1235 aliter
592 1183 728 1250 loquitur3
753 1181 828 1232 unde
852 1189 901 1233 est
924 1180 964 1232 in'
983 1184 1081 1254 primo
1103 1184 1176 1248 (zfilb

150 1253 207 1303 Hic
224 1254 278 1302 tibi
289 1252 378 1319 fabor
394 1256 477 1319 enim,
494 1253 605 1319 quando
619 1251 691 1300 'boec
709 1262 732 1300 te
751 1266 820 1298 cura
840 1252 1000 1301 remordet.
1036 1251 1120 1302 Aliter
1132 1264 1177 1302 sert

150 1337 215 1372 cum
234 1320 363 1370 omnibus
380 1319 447 1384 diis,
469 1321 591 1371 utilitatis
609 1336 705 1380 causa,
717 1320 844 1386 .‘propter
870 1316 1086 1370 removendam
1102 1334 1177 1371 corun

150 1389 356 1440 contentionem
373 1394 401 1438 et
416 1386 620 1438 dissensionem.
652 1384 716 1454 [Sed
732 1386 890 1436 secundnm
903 1387 1056 1452 sapientes
1068 1386 1178 1455 quosdam

151 1457 206 1511 alia
223 1465 265 1519 est
280 1455 427 1508 necessitas
445 1456 509 1520 tasi,
525 1456 578 1506 alia
595 1455 717 1504 voluntas
733 1452 867 1519 deoru'm,
885 1455 928 1505 vis
945 1456 1032 1507 nulla
1048 1464 1103 1520 est,
1123 1453 1178 1522 quod

151 1518 210 1595 ip'se
227 1518 398 1587 manifestius
414 1523 443 1572 in
461 1522 555 1590 quinto
573 1524 654 1589 (706.)
678 1521 797 1573 ostendit
811 1521 860 1571 bis
885 1523 1037 1591 yersibsu:
1066 1523 1112 1574 Vel
1126 1538 1179 1591 quae

151 1594 324 1661 portenderet
347 1594 392 1641 ira
410 1589 517 1657 Magna
536 1590 633 1654 desim,
657 1591 699 1641 vel
722 1606 792 1656 quae
811 1589 953 1656 fatorum
979 1592 1179 1660 posceretorde.

153 1664 226 1713 Nam
249 1662 279 1712 in
296 1659 387 1730 primo
404 1659 467 1725 (32.)
484 1660 518 1711 de
533 1658 576 1712 ira
593 1659 703 1709 lusionis
720 1658 771 1710 ait:
798 1661 863 1708 Acti
880 1659 966 1726 saris
987 1663 1084 1711 maria
1101 1663 1178 1712 amnia

154 1735 270 1782 circum.
311 1729 347 1778 Et
370 1727 473 1778 iterum
494 1728 525 1778 in
549 1728 640 1797 primo
665 1726 758 1792 (262.)
775 1726 912 1793 satorum
938 1744 1058 1779 arcana
1081 1745 1110 1781 se
1130 1728 1180 1780 dixit

155 1806 351 1861 narraturum,
376 1812 431 1845 non
449 1812 526 1847 suam
543 1796 709 1857 voltmtetem
727 1796 921 1860 ostensurum,
947 1798 1003 1849 sed
1026 1797 1070 1848 ibi
1092 1804 1178 1849 secreto

154 1869 227 1918 filiae
245 1865 325 1925 (licit,
348 1864 393 1914 lsic
410 1863 505 1926 aliter,
528 1864 602 1914 idem
626 1862 756 1914 invidiose
773 1862 824 1913 diis
842 1864 984 1915 omnibns
1009 1864 1179 1935 praesentilm

153 1936 259 1987 videtur
282 1931 372 2000 loqui,
397 1938 512 2000 propter
533 1931 731 1983 removendam
756 1939 854 1981 eorum
879 1932 1121 1999 dissensionem]
1145 1939 1178 1985 ut

152 2011 230 2055 certe
255 2002 320 2068 quia
343 2000 384 2051 ait
404 2001 435 2050 in
457 1999 549 2067 primo
574 2001 671 2062 (ibo-h
705 1999 848 2065 Ternaque
876 2005 1059 2052 transierint
1082 2002 1178 2050 Rutulis

154 2073 273 2122 hiberna
290 2069 424 2118 subactis.
457 2068 516 2117 Illic
533 2067 608 2118 enim
625 2068 704 2130 dixit,
727 2070 849 2118 Aeneam
874 2069 906 2119 in
925 2070 1012 2121 ltalia
1030 2069 1179 2123 contraiis·

154 2141 223 2189 tnlos
239 2145 349 2187 tantum
367 2153 424 2186 esse
444 2142 644 2203 pugnaturum:
668 2152 741 2185 nuno
765 2144 860 2187 autem
887 2140 986 2188 omnis
1012 2148 1055 2189 est
1070 2139 1141 2188 ltalia
1158 2137 1177 2185 in

155 2209 226 2259 bella
251 2213 389 2254 commota
411 2204 520 2252 Irrnonis
544 2204 689 2267 instinctu,
718 2203 790 2268 quod
814 2214 841 2255 et
865 2206 969 2256 Alecto
997 2208 1134 2271 promisit,
1158 2211 1178 2251 ut

154 2284 199 2341 (7,
217 2273 300 2331 filum:
324 2272 476 2320 Finitimas
495 2274 525 2319 in
545 2274 616 2321 bella
635 2272 730 2338 feram
751 2274 917 2322 rumoribus
947 2277 1044 2325 urbes.
1080 2278 1177 2324 Etluno

155 2343 275 2411 pollicita
300 2349 356 2405 est,
378 2357 406 2389 se
430 2340 518 2405 magis
544 2357 600 2390 esse
623 2348 772 2389 tecturam:
798 2350 827 2388 ut
849 2346 900 2406 (7,
920 2344 1013 2402 559.):
1039 2343 1096 2409 Ego
1114 2348 1176 2405 siqua

157 2430 239 2477 super
258 2409 379 2476 fortuna
405 2409 534 2456 laborum
559 2420 613 2471 est,
644 2409 707 2472 lpsn
735 2426 836 2472 regam.
888 2411 1059 2461 Abnueram
1083 2406 1177 2477 [auten]
1204 2452 1208 2467 ,

155 2479 368 2549 prohibueram,
385 2482 542 2539 utcontra,
561 2480 672 2537 annuit,
691 2478 827 2544 promittit
843 2485 874 2526 et
893 2482 1041 2529 consentit
1058 2480 1176 2545 significat
1204 2476 1207 2481 '

155 2575 188 2585 -
224 2553 249 2602 9.
269 2545 349 2610 Quae
367 2556 464 2593 contra
483 2547 598 2592 vetitum
618 2545 776 2605 discordia,
801 2546 990 2609 [vetationem
1001 2546 1020 2611 ,J
1039 2545 1176 2616 prohibitio

155 2632 218 2668 nem
236 2631 338 2663 mesra.
373 2614 408 2660 Et
424 2611 462 2660 sic
480 2612 546 2661 dixit
563 2617 691 2672 vetitum,
709 2619 738 2658 ut
756 2629 887 2676 aequum,
905 2617 986 2666 unde
1005 2626 1047 2666 est
1065 2624 1097 2680 (2,
1112 2614 1177 2669 lm:

153 2684 187 2734 Et
211 2685 441 2732 servantissimus
459 2683 549 2747 aequi.
585 2681 655 2730 Sane
672 2680 722 2727 sub
739 2681 963 2733 commonitione
984 2687 1109 2733 omnium
1124 2682 1176 2729 Dee
1197 2692 1203 2749 Ι

155 2769 218 2801 rum
241 2751 361 2799 rriaxime
386 2749 469 2797 solam
496 2747 584 2814 tangit
608 2751 755 2808 Iunonem,
779 2748 856 2796 cuins
882 2749 952 2799 odia
978 2753 1175 2820 insequebantur

153 2821 206 2870 boc
225 2820 309 2868 etiam
327 2817 398 2867 bello
416 2817 564 2879 Troianm,
586 2817 658 2883 quod
683 2817 767 2864 etiam
791 2825 944 2881 sequentes
962 2821 1035 2870 lovis
1060 2816 1175 2870 allocutio
1198 2830 1201 2835 ·

154 2904 201 2938 nes
220 2887 390 2936 manifestius
407 2885 537 2935 indicant.
555 2910 586 2919 -
626 2894 664 2940 10.
685 2880 853 2948 Ferrumque
873 2886 1036 2952 lacessere3
1056 2904 1102 2957 pro
1112 2887 1174 2955 serre
1221 2915 1222 2921 κ

155 2974 183 3004 se
202 2955 351 3013 lacessere,-
371 2954 448 3018 [ordo
466 2961 573 3003 eutem:
590 2950 655 3018 Quis
673 2960 762 3001 metus
778 2951 863 3000 suasit
880 2961 931 3003 aut
950 2956 1005 3005 hos
1023 2973 1101 3007 arma
1116 2954 1173 3017 sequi
1198 2976 1201 2985 ·
1221 3000 1222 3007 ,

154 3024 316 3087 ferrumque
333 3021 473 3084 lacessere,
491 3038 547 3070 non
564 3029 605 3070 est
622 3020 696 3070 enim
714 3019 762 3068 hos
779 3020 872 3082 suasit,
889 3039 926 3070 ne
947 3023 999 3074 fiat
1016 3020 1173 3085 animandis,
1220 3034 1222 3082 1

153 3088 278 3157 quamvis
296 3090 449 3139 inveniatur
467 3088 624 3138 huiusmodi
647 3087 743 3151 figura.
778 3088 813 3136 Ut
838 3092 909 3152 (12,
928 3093 1022 3149 813.):
1047 3095 1172 3143 Iuturnam
1220 3120 1222 3147 4

155 3157 394 3224 misero,satcor,
412 3174 574 3206 succurrere
585 3157 679 3224 fratri
695 3155 787 3204 Suasi.
822 3156 859 3204 Et
882 3158 997 3210 Ennius
1021 3160 1174 3227 (Eruriantub
1219 3172 1223 3219 1

156 3226 232 3294 Quis
255 3238 280 3274 te
303 3223 482 3291 persuasitl]
501 3251 533 3260 —
570 3230 610 3281 11.
630 3222 670 3273 Ne
690 3226 820 3273 arcessite
844 3236 960 3290 tempus
969 3252 979 3290 ,-
1004 3231 1089 3281 nolite
1111 3229 1173 3278 hello
1219 3257 1223 3288 1

153 3309 218 3345 rum
235 3302 361 3362 tempore
379 3309 591 3361 praeoccupare.
626 3293 661 3341 Et
684 3291 755 3341 bene
779 3291 912 3343 satisfacit
938 3298 1021 3346 uxori
1046 3315 1108 3348 cum
1128 3312 1172 3367 pro
1219 3325 1223 3355 3

153 3362 295 3412 bibitione
344 3361 483 3426 Significat
512 3370 605 3411 autem
637 3359 738 3411 bellum
768 3360 904 3411 Punicum
939 3366 1110 3428 secundum,
1134 3379 1171 3431 qut
1220 3378 1223 3385 ·

155 3430 272 3480 Annibal
287 3431 423 3493 ingressus
440 3429 547 3478 Italiam
564 3432 641 3495 [cnm
659 3427 784 3496 plurimis
805 3429 873 3477 locis
889 3428 1010 3495 vicerit,
1034 3428 1171 3503 praecipue}
1196 3480 1199 3485 ,
1220 3443 1223 3490 j

154 3500 226 3565 apud
250 3499 377 3560 Cannas,
408 3497 497 3545 vicum
522 3496 649 3565 Apuliae,
680 3510 793 3545 omnem
822 3497 918 3565 populi
946 3498 1073 3553 Romani
1097 3499 1170 3552 delent
1196 3506 1224 3560 ἓ]

154 3566 313 3615 exercitum.
339 3590 371 3600 -
414 3570 456 3619 12.
483 3565 576 3626 Olim,-
601 3564 770 3629 quandoque.
795 3588 828 3599 -
878 3573 921 3620 13.
950 3570 1039 3634 Alpes
1062 3574 1168 3621 immittet
1194 3544 1199 3613 i
1220 3598 1224 3626 2

155 3645 282 3698 apertas3
307 3632 445 3700 esiiphasis
463 3640 516 3685 θεῖς
542 3648 597 3682 non
616 3632 690 3681 enim
708 3632 774 3680 dixit
790 3649 838 3695 per
859 3634 946 3698 Alpes
967 3639 1099 3689 immittet
1115 3654 1166 3688 eser·
1221 3672 1224 3691 .

156 3704 258 3762 citum,
286 3701 334 3750 sed
358 3704 436 3765 ipsas
461 3702 555 3765 Alpes.-
580 3716 647 3766 quas
671 3701 814 3766 pateiecit,
836 3716 894 3751 non
918 3703 976 3753 sihi
999 3714 1121 3765 tantum,
1139 3700 1167 3755 tei
1222 3752 1224 3762 ,

155 3768 284 3817 omnibus
299 3767 441 3835 gentihus,
458 3785 527 3834 quae
545 3768 695 3819 secundnm
713 3767 848 3819 Catonem
866 3778 894 3820 et
910 3770 1029 3823 Livium
1047 3777 1117 3826 muri
1131 3774 1167 3821 vie
1223 3785 1224 3789 ’

154 3835 303 3886 tuebantur
319 3836 439 3893 ltaliam:
464 3853 531 3901 ques
549 3835 665 3886 Annibal
689 3845 748 3904 post
772 3836 845 3886 bella
863 3838 1036 3907 Hispaniae,
1061 3862 1125 3912 φωρ
1140 3842 1167 3890 de
1196 3880 1202 3893 .

154 3921 217 3956 cem
236 3911 264 3954 et
280 3913 385 3969 septem
405 3905 483 3954 sortis
500 3904 631 3965 ‹onies-it,
658 3906 731 3969 [ante
749 3903 865 3967 exustas]
883 3914 966 3957 aceto
986 3907 1167 3976 [inlino]rnpit
1197 3900 1202 3957 i

151 3970 205 4041 [ut]
221 3972 367 4027 Iuvenalis:
386 3972 428 4043 ,Et
445 3985 564 4026 montem
582 3974 658 4036 rupit
676 3984 759 4026 aceto.
793 3970 924 4044 Deniqm
951 3976 1018 4031 loca
1041 3982 1100 4054 ipss
1119 3990 1167 4048 qm
