2454 4500
162 289 226 355 532
416 281 554 346 sautu
575 278 930 344 COMMENTARIUS

165 468 221 521 ulo
243 466 339 519 densa.
353 488 390 508 ·-
423 473 483 527 536.
498 466 534 523 Et
548 465 701 536 flammam
722 465 822 536 affixit
847 465 950 530 iateri3
974 464 1113 520 affectate.
1140 464 1176 517 Dr·

164 537 226 589 buit
241 537 317 589 enim
330 535 439 603 dicero,
463 535 548 588 affixit
568 544 617 588 ent
637 537 742 602 lacem,
763 543 812 587 aut
833 536 1019 601 malleolum,
1041 550 1099 586 non
1120 534 1177 585 itan

164 621 251 659 mm
283 602 364 672 Quae
380 607 504 671 plurima
520 618 615 666 oent03
638 605 768 673 gliscens,
789 612 819 656 et
842 619 949 672 magna
973 606 1052 656 tacta
1067 621 1120 673 per
1133 620 1177 655 rea·

164 682 232 725 tum
248 698 284 711 -
317 679 378 732 537.
394 673 494 725 Haesit
518 676 626 737 adesis‚·
652 689 708 724 aaa
730 673 789 724 iam
810 671 917 737 adesis,
939 673 992 724 sed
1016 687 1089 740 quos
1111 670 1179 725 exedit

165 743 355 806 adhaerendo,
381 743 399 793 i.
416 761 441 795 e.
458 743 594 794 haesitans
612 742 717 806 adedit,
734 742 776 793 rel
791 741 886 793 adesos
904 738 1052 804 reddidit]
1068 765 1104 777 -
1134 744 1177 797 534

166 811 310 863 Malorum
326 812 370 860 ael
382 828 395 860 e
406 810 528 879 fagam5
553 810 742 862 honestissima
759 808 891 869 elocutio;
909 810 990 876 [etun
1007 808 1179 860 honestiassit

164 879 247 944 tora,
269 878 342 930 mala
365 880 462 947 fugere
487 879 568 942 velle,
592 893 677 945 quam
696 877 797 933 timere
820 877 910 940 mala3
935 877 1015 944 quod
1037 876 1129 927 timidi
1148 882 1180 939 est,

165 963 223 999 non
243 944 342 1010 fortis]
357 974 392 983 -
426 950 486 1003 540.
503 945 593 1010 Peste3
617 946 751 1000 incendio.
785 944 821 995 Ut
842 950 883 1011 (5,
900 942 995 1010 683.):
1020 944 1058 994 Et
1080 956 1135 996 toto
1148 944 1179 993 ds·
1212 982 1216 999 .

165 1016 272 1066 stendit
290 1031 401 1079 corpore
417 1016 512 1079 pestis.
528 1041 561 1051 -
596 1018 657 1071 544.
684 1014 779 1076 Unns;
802 1013 933 1065 subaudis
959 1022 989 1067 et
1012 1015 1096 1065 alter.
1126 1013 1180 1063 Nau
1204 1020 1215 1035 ““

164 1099 222 1135 nou
238 1083 360 1154 procedit
387 1100 460 1135 unns
477 1081 599 1133 Helenor
616 1083 651 1131 Et
666 1081 762 1150 Lycas
778 1082 868 1148 elapsi
875 1103 885 1145 3
911 1081 1024 1133 scilicet
1048 1098 1108 1133 non
1125 1096 1180 1132 mor·

164 1158 239 1216 tem,
260 1151 309 1202 sed
324 1150 406 1200 nuris
429 1151 549 1202 ruinam.
567 1176 600 1189 -
635 1155 695 1209 546.
713 1150 844 1201 Maeonia
871 1150 950 1216 regi;
979 1157 1034 1201 aut
1056 1151 1180 1220 proprian

165 1220 251 1291 patris
267 1233 371 1270 nomen
387 1227 442 1284 est,
465 1229 514 1270 aut
529 1219 725 1288 cognominem
741 1234 806 1270 eum
821 1217 877 1268 filio
893 1217 1107 1286 intelligamus:
1127 1219 1181 1285 quit,

162 1296 197 1338 ot
212 1290 295 1354 supra
309 1286 393 1352 (362.)
411 1287 539 1350 diximus,
562 1302 628 1337 cum
649 1287 699 1338 filii
714 1286 756 1338 vel
776 1286 861 1355 patris
877 1300 989 1339 nomen
1027 1287 1182 1349 raemittitnr,

161 1355 285 1407 et-aliud
299 1361 420 1420 tacetur,
437 1355 615 1425 cognomines
632 1370 678 1406 eos
695 1371 751 1407 esse
765 1353 964 1421 intelligamus.
1030 1358 1116 1406 anim
1130 1354 1180 1404 Sar·
1215 1376 1218 1417 3

162 1425 284 1488 tuleram
309 1440 325 1473 e
348 1430 440 1492 stupro
464 1425 634 1475 educaverat.
666 1423 736 1473 Hinc
758 1430 799 1473 est
814 1421 858 1488 (G.
875 1427 911 1486 4,
929 1422 1021 1484 asilii:
1045 1422 1082 1472 Er
1103 1423 1181 1474 doleis

158 1492 252 1562 {unat
286 1489 438 1556 ¹Vetitisque
463 1493 501 1542 ad
519 1491 637 1542 Troiam
660 1494 773 1542 miserat
796 1491 903 1554 armis3
933 1490 1095 1542 secundum
1109 1491 1181 1541 Dona·

163 1568 226 1622 tina
240 1560 337 1608 uetitis
353 1569 429 1623 ata,
452 1560 529 1627 [quia
551 1567 624 1611 stare
642 1559 726 1610 Troia
742 1559 842 1610 diutius
857 1556 1047 1623 vetabatur,]
1071 1560 1118 1611 sed
1136 1574 1181 1611 na·

164 1626 294 1694 lius'lege
344 1626 426 1677 ''tari
441 1627 637 1695 intelligimus,
654 1643 708 1694 qua
724 1627 795 1678 servi
811 1644 828 1679 a
844 1625 950 1678 militia
967 1626 1182 1693 prohibebantsa.
1217 1632 1221 1651 ·“

161 1692 244 1748 tate
256 1702 290 1746 'et
305 1694 335 1747 in
349 1693 528 1748 Deiotariana
544 1703 645 1763 purgat
660 1696 713 1747 hoc
726 1695 832 1756 Cicero,
847 1709 917 1743 cum
933 1695 1035 1746 fuisset
1053 1695 1181 1759 obiecua,

161 1762 239 1816 'inter
262 1761 381 1829 equites,
410 1779 478 1831 quos
502 1763 648 1815 Deiotarus
676 1763 792 1815 miserat
813 1761 943 1828 Caesari,
972 1777 1069 1814 unum
1090 1778 1181 1816 serron

164 1830 263 1896 husee,
281 1832 320 1898 [et
335 1831 374 1882 ait
388 1831 453 1896 (8.):
476 1829 578 1883 Nereia
597 1849 676 1898 quem
700 1848 733 1882 ee
757 1848 788 1882 eo
806 1846 924 1880 numero
943 1846 1063 1880 seruum
1088 1833 1181 1882 indice·

161 1913 242 1964 mm,-
269 1916 326 1949 non
343 1900 480 1964 arbitror,
504 1917 562 1951 non
578 1901 693 1964 audivi,
713 1900 762 1950 sed
786 1900 818 1949 in
835 1916 881 1962 ea,
905 1899 1028 1949 etiamsi
1044 1901 1182 1962 accidant,

161 1970 278 2035 eulpam
292 1970 371 2035 regis
388 1969 498 2019 nnllam
513 1985 571 2023 esse
585 1967 756 2033 arbitrarer]
789 1967 939 2035 Virgilium
956 1974 1059 2018 autem
1075 1968 1182 2019 nonnas

159 2038 275 2090 trahere
297 2035 389 2104 aliqua
411 2037 446 2088 de
468 2036 590 2089 historia.
623 2035 718 2088 Servos
740 2052 805 2088 sane
820 2050 966 2102 nunquam
983 2036 1120 2089 militasse
1133 2052 1182 2087 coa

161 2113 231 2170 stat,
252 2104 308 2156 nisi
330 2103 457 2156 servitute
479 2104 616 2171 deposita,
641 2111 751 2173 excepto
774 2103 937 2154 Hannibalis
953 2111 1109 2173 tempore:
1130 2116 1182 2154 cum

163 2181 227 2242 post
243 2174 388 2224 Cannense
407 2173 544 2239 praelium
560 2174 589 2224 in
605 2180 681 2223 tanta
698 2173 856 2223 necessitate
877 2172 934 2222 suit
950 2172 1021 2221 urbs
1038 2173 1139 2238 Roma,
1160 2178 1182 2220 ut

166 2261 202 2294 ne
225 2241 432 2292 liberandorum
456 2241 571 2307 quidem
595 2256 737 2291 servorum
767 2240 876 2292 daretur
904 2241 1036 2293 facultas.
1061 2266 1095 2278 -
1134 2244 1182 2297 54&

166 2311 240 2360 Ense
256 2310 351 2370 nudo,-
369 2309 386 2358 i.
405 2326 427 2358 e.
453 2315 554 2360 stricto.
588 2309 673 2376 [Ense
699 2311 768 2358 levis
785 2315 945 2360 armaturae
963 2317 1023 2372 est,
1050 2310 1123 2358 nudo
1145 2323 1182 2355 au-

164 2386 238 2441 tem,
260 2377 369 2439 stricto,
390 2376 432 2426 vel
448 2376 507 2426 sine
524 2377 641 2443 vagina]
676 2376 828 2442 Parmaque
847 2377 995 2442 inglorius
1015 2378 1096 2441 alba;
1120 2373 1183 2442 quasi

159 2444 233 2509 tiro,
256 2451 287 2494 ut
303 2443 419 2494 diximus
436 2459 518 2509 supra
535 2451 578 2510 (7,
594 2443 666 2506 796.)
685 2445 758 2512 [suia
774 2447 848 2514 picta
865 2460 945 2494 arma
961 2445 1025 2494 iam
1043 2446 1146 2514 probati
1159 2445 1182 2491 ia
1221 2480 1224 2485 .

163 2514 240 2567 bellis
264 2511 412 2564 habebant.
435 2539 469 2547 —
511 2518 572 2570 551.
599 2512 634 2562 Ut
650 2513 734 2582 jera3
766 2513 878 2581 quidam
901 2511 1027 2580 pardum
1049 2509 1182 2582 sigruiicari

160 2579 275 2645 volunt]
292 2608 327 2617 ·-·
360 2586 419 2638 556.
437 2577 533 2646 Longe
556 2583 653 2632 melior
675 2581 784 2648 Lycus,-
809 2596 875 2644 ergo
900 2589 929 2631 et
951 2581 1078 2632 Helenor
1099 2582 1181 2631 bona.

163 2654 254 2714 luten
270 2666 336 2720 per:
352 2657 383 2698 nt
401 2653 437 2713 (7,
455 2649 524 2708 30.):
541 2647 626 2699 Hunc
644 2651 716 2700 inter
726 2651 822 2717 fluvio
841 2649 1000 2699 Tiberinus
1020 2668 1140 2702 amoeno.
1154 2672 1181 2684 ·-

162 2725 223 2778 558.
241 2718 374 2769 Prendere
392 2735 463 2766 saxa
482 2735 584 2780 manu;
609 2719 672 2784 quia
695 2726 760 2769 tunc
784 2717 830 2768 alti
853 2722 911 2767 non
929 2725 1016 2767 erant
1034 2720 1120 2770 muri:
1142 2714 1181 2766 sed

160 2786 198 2840 ad
218 2787 357 2852 impetum
377 2793 485 2836 tantum
507 2787 711 2855 repellendum,
741 2795 771 2836 ut
792 2786 876 2837 etiam
899 2783 1048 2836 Sallustius
1071 2785 1181 2847 ostendit,

162 2855 211 2907 abi
226 2854 380 2906 Sertorium
395 2854 517 2905 humeris
533 2855 671 2905 subletum
693 2871 743 2921 per
767 2870 861 2904 muros
885 2855 1049 2905 ascendisse
1072 2870 1180 2905 comme·

161 2930 262 2974 morat.
279 2949 314 2959 —
348 2928 408 2980 559.
428 2923 536 2986 Cursu,
560 2924 666 2988 teloque
692 2934 820 2988 secatam
847 2921 966 2972 nimiam
994 2924 1055 2973 eius
1079 2921 1179 2974 ostendit

158 2991 345 3054 celeritatem,
369 2991 416 3056 qui
433 2992 522 3057 potuit
537 2991 625 3042 telum
641 2993 753 3042 missum
769 2990 908 3058 consequi.
943 2990 1022 3040 Nam
1046 2993 1099 3042 hoc
1114 2991 1179 3041 dicit:

160 3059 235 3110 Cum
250 3057 401 3126 praemisso
417 3059 472 3110 teto
489 3060 525 3110 ad
541 3060 648 3110 hostem
664 3060 744 3110 venit.
777 3058 875 3109 Statius
892 3061 931 3123 (6,
948 3060 1041 3121 568.):
1059 3061 1093 3110 Et
1110 3061 1176 3110 emis-

162 3126 357 3193 sum-(Guelf.
381 3127 401 3177 Ι.
423 3129 456 3177 Π.
479 3136 507 3178 et
529 3129 564 3178 al.
590 3128 682 3190 miss.)
709 3145 795 3177 cursu
819 3127 1019 3191 comprendere
1043 3131 1131 3179 telum.
1149 3151 1175 3163 -·

161 3202 222 3253 562.
240 3193 375 3258 Reoellit,·
398 3195 513 3248 verbum
536 3197 605 3247 vello
627 3196 693 3246 iacit
714 3196 744 3246 in
761 3194 904 3262 participio
929 3196 1044 3248 vulsus.
1063 3225 1098 3234 —
1128 3202 1174 3254 56&

162 3264 269 3330 Qualis
294 3265 344 3314 adi
360 3276 411 3312 aut
430 3266 547 3330 leporem
554 3287 563 3330 ,-
587 3279 637 3334 pro
661 3265 784 3331 qualiter.
817 3264 1015 3330 [Comparatio
1037 3266 1174 3326 Homerica,

160 3333 201 3398 (ΙΙ.
217 3349 249 3400 χ,
273 3333 358 3393 308.)ῑ
381 3335 518 3401 (Μ’ρμησεν
535 3353 559 3386 κ.
577 3353 602 3385 τ.
620 3329 656 3394 h]
674 3359 707 3368 -
742 3336 801 3389 564.
823 3330 945 3381 Pedibus
961 3333 1046 3383 Iovis
1069 3336 1173 3398 armiger

161 3405 259 3466 ancia
278 3403 344 3468 quia
360 3401 459 3452 dicitur
476 3403 567 3468 aquila
584 3403 613 3452 in
629 3401 700 3452 hello
715 3400 868 3468 Gigantum
880 3401 939 3450 Iovi
954 3418 1025 3452 arva
1042 3404 1171 3453 ministras·

159 3484 203 3531 se,
227 3470 302 3536 quod
324 3477 418 3522 tamen
441 3470 560 3537 fingitur.
606 3469 678 3531 Nam
703 3477 733 3519 ut
754 3468 994 3535 supradiximus,
1018 3472 1133 3541 Iuppiter
1150 3474 1170 3518 et

160 3533 292 3586 Saturam
313 3554 393 3605 reges
416 3539 534 3590 fuerunt.
566 3535 620 3590 Sed
642 3539 764 3606 Iuppiter
787 3538 855 3588 dum
875 3553 945 3587 cum
967 3546 1051 3604 patre
1073 3542 1169 3592 Saturno

160 3603 276 3656 haberet
294 3604 327 3654 de
342 3605 417 3674 agris
434 3608 646 3672 contentionem,
661 3616 756 3657 ortum
772 3606 875 3657 bellum
891 3614 949 3658 est:
965 3608 1004 3658 ad
1023 3610 1094 3676 quod
1109 3622 1169 3673 egre-
1200 3614 1203 3623 '

159 3670 236 3722 diens
252 3673 389 3741 luppiter,
405 3675 512 3742 aquilae
530 3675 595 3726 vidit
612 3676 772 3744 augurium:
795 3674 871 3725 auius
886 3690 955 3724 cum
973 3676 1083 3729 vicisset
1099 3673 1168 3742 auspi·

159 3741 217 3803 cic,
233 3739 329 3792 lictum
346 3750 401 3807 est,
417 3743 490 3810 quod
508 3743 534 3794 ei
551 3744 683 3813 pugnanti
700 3745 754 3794 tela
770 3743 942 3796 ministrarit.
976 3743 1057 3798 Unde
1075 3747 1167 3797 euenit

159 3807 234 3860 felici
251 3811 365 3877 augurio
383 3819 481 3862 natum
498 3819 552 3875 est,
568 3821 599 3862 ut
616 3814 724 3881 aquilae
740 3813 860 3862 militum
876 3811 922 3878 (al.
939 3813 1092 3874 militaria)
1107 3813 1166 3879 signs
1199 3836 1202 3863 :

158 3877 333 3928 cantitentur.
352 3907 386 3917 -
421 3885 481 3936 565.
501 3879 688 3947 Quaesitum,-
713 3882 760 3949 qui
776 3881 943 3948 requiritur:
966 3899 1038 3933 nam
1059 3892 1165 3955 praeseus
1198 3868 1202 3945 i

158 3963 175 4001 a
198 3946 301 4014 passivo
325 3964 383 3999 non
405 3945 504 4000 habet:
529 3956 559 3999 et
581 3959 622 4000 est
644 3951 845 4021 prothysteron.
892 3949 968 4000 Nam
993 3962 1056 4019 post
1077 3958 1164 4018 raptum

155 4012 313 4084 requisitu.
358 4015 629 4086 (Valerianum,
657 4018 871 4088 requirendum,
899 4019 1038 4084 παθητόν.
1082 4017 1165 4073 dlalris
