2454 4500
128 274 219 342 ›214
308 276 311 285 ·
395 264 543 331 suasu
566 213 919 339 cenassemus
1003 288 1006 293 -

153 453 296 530 pertulisse
317 451 501 510 connubium:
526 458 555 504 et
577 466 635 506 esse
659 441 834 520 superstitem
857 446 911 503 suis
934 445 1061 500 miseriis.
1107 443 1186 508 Pria-

157 526 229 577 meia
247 524 327 590 virgo
334 544 343 586 ς
367 521 444 591 [quia
460 528 558 574 notum
579 527 622 589 est
638 533 756 586 nomen,
780 514 900 584 omisit]'
926 515 990 567 Una
1008 527 1074 566 nnn
1093 516 1184 579 olias,

148 593 218 646 -iaeo
229 591 364 672 felicior,
381 589 446 658 quia
457 589 538 664 uirgo
556 587 672 641 extincta
690 594 745 649 cst„
771 585 930 653 [Une'ante
948 587 1026 638 olias
1042 583 1090 636 hic
1108 583 1185 636 abso·

155 661 212 717 lute
228 659 329 724 iunxit,
352 666 384 711 ut
419 659 468 710 ‚lia
488 668 551 709 onte
575 657 659 707 olias.
676 654 817 722 'Iungitur
833 661 974 717 tamenet
989 653 1186 722 comparativo,

154 737 188 783 ut
209 731 250 794 (l,
267 727 353 792 347.):
402 728 486 781 celere
511 737 576 777 onte
596 726 673 778 alios
701 725 869 778 immanior:
894 721 923 774 'et
944 720 1128 797 superlativo:
1156 728 1186 771 ut

156 795 299 864 (4›.141·):
323 796 382 862 ipse
399 807 464 849 onte
482 795 557 849 alios
579 792 783 864 pulcherrimus
807 789 922 859 omnes]
937 819 973 860 3-
1007 786 1184 850 322.'Hosti-

156 867 210 920 lem
229 865 266 915 ad
283 863 441 931 tmuium,-
506 864 531 917 ‘a
546 862 652 931 grande
675 870 717 915 est
733 860 836 928 ,mortis
852 859 994 925 solatium,
1017 858 1185 934 praemissus

155 932 240 984 hostis
262 931 398 991 interitus.¹
438 924 476 985 aa
498 930 541 986 uls
564 930 626 985 talis
650 938 703 982 est:
736 928 867 994 Achilles,
895 928 963 982 dum
985 928 1061 980 circa
1091 941 1184 979 muros

155 1000 258 1058 'l'roiae
274 999 379 1054 bellum
395 1007 518 1068 gereret,
533 998 696 1068 Polyxenam
712 1000 798 1050 visam
815 997 968 1051 adamavit:
984 1003 1012 1049 et
1028 994 1184 1049 conditione

154 1069 230 1145 pacis
246 1069 276 1124 in
293 1068 504 1123 matrimonium
521 1066 673 1139 posttdavit.
706 1065 769 1146 [Alii
785 1065 893 1133 dicunt,
911 1065 1076 1137 quodcum
1094 1060 1131 1117 'ad
1145 1080 1186 1114 re-

155 1137 319 1193 dimendum
336 1151 436 1205 corpus
453 1135 578 1190 Hectoris
594 1134 631 1186 ab
648 1135 770 1200 Achille,
787 1134 873 1188 etiarn
888 1135 947 1206 ipsa
964 1141 1128 1202 compatre
1143 1148 1201 1202 ve.

154 1205 252 1275 nisset,
275 1206 403 1261 adamata
427 1203 486 1271 est]
527 1198 618 1272 Quam
641 1219 706 1253 eum
730 1202 844 1253 Troiani
868 1203 966 1257 fraude
988 1202 1187 1274 promisissent,

154 1274 231 1342 Paris
254 1282 316 1344 post
332 1273 483 1343 Tymbraei
504 1273 635 1345 Apollinis
659 1271 839 1326 simulacrum
860 1271 954 1338 latuit,
978 1278 1006 1324 et
1028 1271 1186 1324 venientem

154 1342 290 1397 Achillem
319 1341 354 1398 ad
384 1343 480 1393 foedus
518 1341 602 1393 missa
633 1339 783 1395 mhieravit
811 1340 919 1408 sagitta.
970 1341 1046 1392 Tum
1070 1338 1187 1393 Achilles

100 1428 102 1433 ·
155 1411 278 1466 moriens
315 1410 382 1472 etiit,
401 1409 561 1474 redemta
579 1408 667 1474 (codd.
687 1412 785 1473 evicta,
803 1409 894 1463 Guelf.
912 1410 932 1459 Ι.
951 1410 1022 1471 vito)
1039 1407 1136 1472 Troii,
1152 1406 1186 1458 ad

155 1479 214 1531 eius
237 1428 394 1558 seplgcrtun
416 1478 550 1546 Polyxena
573 1477 781 1532 immolaretur:
815 1477 889 1548 quod
912 1477 1032 1549 Pyrrhus
1045 1474 1186 1546 implevit.

125 1572 130 1591 ι
154 1548 215 1619 [Est
237 1546 306 1602 suus
331 1547 398 1601 ordo
421 1546 649 1601 iabulsehuiuss
673 1547 745 1597 Cum
762 1545 864 1599 Graeci
879 1546 996 1611 victores
1017 1546 1049 1599 in
1065 1544 1188 1616 patriam

153 1615 254 1671 vellent
275 1616 389 1681 reverti,
413 1634 428 1671 e
454 1615 559 1667 tumulo
576 1614 687 1667 Achillis
711 1630 760 1665 vox
783 1614 881 1667 dicitur
906 1615 1014 1680 audito,
1038 1613 1189 1684 querentis,

154 1683 230 1753 quod
246 1683 298 1738 sibi
315 1684 367 1739 soli
383 1683 535 1753 depraedat
558 1683 630 1737 nihil
645 1683 867 1750 impertivisseut.
901 1683 944 1735 De
961 1700 1017 1754 qua
1032 1700 1066 1735 re
1083 1681 1199 1734 consul·¹

153 1760 197 1803 tus
228 1753 358 1818 Calchas,
394 1752 507 1817 cecinit,
542 1753 708 1820 Polyxenam
737 1752 842 1803 Priami
871 1748 973 1818 filiam,
1000 1768 1087 1821 quam
1115 1751 1188 1802 virm

153 1820 272 1877 Achilles
289 1821 433 1884 dilexerat,
451 1821 508 1879 eius
526 1821 628 1875 debera
645 1820 771 1887 manibus
788 1820 945 1882 immolari;
968 1837 1040 1892 quae
1058 1836 1125 1872 cum
1143 1819 1189 1872 ad·

153 1897 230 1951 mota
246 1889 354 1943 tumulo
371 1888 481 1943 Achillis
499 1889 648 1943 occidenda
664 1891 749 1954 esset,
767 1905 854 1943 manu
869 1888 969 1957 Pyrrhi
985 1889 1189 1956 aequanimiter

81 1953 83 1962 '
153 1965 277 2012 mortem
293 1958 393 2013 dicitur
409 1958 565 2028 suscepisse.
600 1958 739 2011 Invenitur
757 1959 833 2009 enim
850 1959 924 2026 apud
941 1959 1092 2026 quosdam,
1114 1956 1188 2026 quod

122 2038 125 2049 ¹
153 2028 239 2080 etiam
257 2027 316 2098 ipsa
332 2027 467 2079 Achillem
484 2026 632 2089 amaverit,
656 2035 684 2078 et
700 2044 734 2078 ea
750 2029 892 2080 nesciente
909 2027 1027 2079 Achilles
1044 2027 1145 2080 fratrae
1162 2033 1189 2077 et

17 2086 19 2091 ’
63 2119 92 2148 μ
152 2093 258 2150 insidiis
281 2096 317 2146 sit
341 2102 509 2164 peremptus.
552 2095 655 2146 Troiae
681 2096 732 2145 sul
764 2098 911 2146 moenibus
942 2097 1025 2160 altis;
1057 2095 1189 2148 solatium

152 2163 228 2218 dedit
251 2171 391 2228 mortuae,
422 2164 495 2230 quod
524 2163 590 2215 licet
612 2163 647 2214 ad
670 2163 799 2215 hostilem
820 2155 976 2229 hinnulum,
1006 2163 1055 2216 sed
1085 2165 1116 2215 in
1141 2178 1188 2214 ore

125 2246 127 2251 ·
152 2232 259 2305 patriae
276 2231 404 2301 perierit,
422 2232 494 2283 unde
512 2233 611 2299 duplex
627 2231 750 2297 felicitas,
768 2235 841 2300 quod
860 2242 887 2284 et
903 2232 989 2301 virgo,
1007 2241 1035 2284 et
1050 2233 1081 2284 in
1098 2233 1189 2302 patria

152 2301 288 2355 meruerit
303 2300 426 2353 interire,
444 2328 479 2337 -
514 2309 575 2358 3⁶23.
594 2301 677 2350 iusso
697 2304 770 2352 mori
778 2326 786 2364 ‚·
813 2303 884 2353 bene
909 2301 962 2353 hoc
987 2319 1020 2352 ex
1036 2309 1188 2371 praecepto

151 2368 278 2434 Achillis,
301 2385 386 2438 quam
408 2369 443 2420 ad
465 2369 606 2420 tumidum
631 2386 711 2421 suum
735 2370 813 2420 iussit
830 2370 932 2420 occidi«
960 2371 1100 2431 Sortitus,·
1125 2371 1190 2438 quia

152 2437 251 2506 captivi
275 2445 302 2488 et
332 2438 436 2507 praeda
460 2439 534 2489 inter
557 2438 674 2488 victores
698 2446 772 2489 sorte
796 2439 1001 2503 dividebantur,
1032 2447 1065 2487 ut
1089 2447 1130 2490 est
1155 2442 1190 2504 (9,

151 2505 237 2566 268.):
261 2506 296 2559 Et
339 2508 438 2560 raedae
463 2508 562 2557 ducere
587 2505 716 2570 sortem]
739 2534 774 2543 -
816 2511 880 2565 324.
903 2506 960 2558 Nec
986 2510 1106 2559 victoris
1124 2515 1190 2567 etc.;

151 2573 259 2638 singula
282 2525 385 2628 taient
409 2575 564 2644 emphasim
587 2590 675 2626 suam.
724 2576 797 2624 Nam
821 2593 923 2643 parum
955 2587 1015 2628 erat
1040 2578 1188 2627 dominum

151 2641 260 2708 dicere,
284 2644 337 2698 nisi
354 2652 382 2695 et
398 2644 506 2693 victoris
524 2643 638 2695 adderet
654 2646 763 2695 fastum.
799 2645 913 2712 [Merito
931 2661 997 2713 ergo
1015 2646 1095 2711 felix,
1118 2662 1189 2712 quae

152 2710 210 2763 sola
228 2720 320 2765 morte
344 2719 386 2764 tot
408 2715 509 2783 poeiras
534 2710 652 2779 effugit]
688 2712 792 2779 Tetigit
818 2717 929 2780 captivo
955 2715 1046 2763 cubile
1054 2738 1063 2777 ,·
1090 2716 1190 2780 tetigit,

150 2795 208 2834 uon
225 2782 301 2847 [cum
318 2780 418 2832 fiducia
436 2781 573 2848 coniugali
590 2779 697 2844 secure]
713 2783 850 2847 ascendit,
873 2783 932 2850 [sed
950 2790 981 2831 ut
997 2783 1088 2833 solent
1105 2783 1190 2849 capti·

152 2861 201 2902 vae
229 2849 407 2903 dominorum
436 2857 512 2900 toros
542 2856 671 2916 paventes
701 2850 795 2901 leviter
827 2852 1005 2919 contingere,
1039 2859 1068 2902 et
1098 2850 1191 2903 cubile

151 2914 232 2982 dixit,
283 2919 336 2969 uod
360 2927 402 2971 est
425 2919 573 2990 pecudum·
593 2917 835 2989 quadrupedum,]
865 2937 917 2970 nec
940 2921 1082 2987 genialem
1106 2921 1190 2972 lectu·

151 2983 218 3049 lum,
234 2934 283 3037 seii
300 2987 399 3039 cubile.
417 3014 450 3026 -
486 2995 547 3046 325.
567 2986 700 3053 [Diversa
719 3006 767 3055 per
781 2999 907 3054 ‘aequora
927 3001 1035 3053 vectoe;
1052 2997 1190 3058 tanquam

149 3056 503 3127 parumfuerat,pat1·iam
520 3056 712 3108 incensam.-·
743 3063 808 3115 326·
827 3057 929 3125 Stirpis
945 3057 1104 3125 Achillene‚·
1124 3074 1190 3107 cum

150 3137 255 3187 magno
272 3124 367 3174 dolore
390 3125 494 3183 dictum
511 3123 659 3174 Achilleae.
697 3123 768 3190 Quia
792 3126 828 3176 ab
847 3138 879 3176 eo
897 3128 999 3178 Hector
1018 3127 1124 3178 occisus
1142 3133 1190 3190 est,

150 3198 180 3244 et
202 3192 278 3244 idem
304 3192 344 3242 bis
362 3191 447 3256 dixit]
481 3193 602 3255 Festus;
625 3192 800 3260 superbiam:
825 3203 853 3246 et
879 3203 921 3246 ost
937 3203 1052 3262 quartae
1071 3195 1190 3247 declina·

151 3259 241 3314 tionis.
276 3261 349 3313 Nam
365 3261 453 3325 liber,
476 3263 524 3329 qui
542 3262 652 3316 dierum
675 3262 760 3314 habet
777 3265 1030 3331 computationem,
1054 3265 1189 3316 secundae

148 3328 340 3382 declinationis
358 3339 406 3395 est.
442 3330 520 3383 Unde
538 3330 640 3381 erravit
656 3331 784 3381 Lucanus
802 3338 865 3397 (10,
883 3333 952 3394 187.)
970 3334 1103 3385 dicendo:
1131 3333 1188 3383 Nec

150 3413 228 3450 meris
246 3399 360 3449 Eudoxi
377 3401 505 3449 vincetur
523 3399 657 3466 fastibus
676 3416 779 3450 onnus.
798 3429 833 3438 —
868 3409 929 3458 327.
947 3402 1068 3453 Servitio
1088 3405 1187 3452 enixae

150 3466 270 3520 tulimus
277 3491 286 3530 ,·
311 3467 364 3518 hoc
389 3476 430 3519 est
452 3468 632 3532 pertulimus,
656 3467 744 3519 donec
769 3469 797 3518 in
816 3472 925 3522 servitio
944 3472 1050 3539 positae
1070 3472 1188 3523 enitere-

151 3548 223 3589 mur.
258 3535 371 3602 [Fabula
385 3543 479 3587 autem
498 3544 546 3598 est,
563 3543 594 3586 ut
610 3537 816 3604 praediximus]
850 3540 887 3591 Et
903 3540 974 3591 bene
987 3540 1089 3608 plurali
1105 3541 1187 3591 utitur

149 3617 283 3669 nurnero,
306 3605 341 3655 ad
365 3605 550 3657 excusandum
574 3606 718 3674 pudorem·
737 3633 770 3644 -
815 3613 877 3664 328.
901 3607 1040 3658 Ledaeam
1059 3609 1186 3660 Hermio·

150 3688 228 3732 nem3
252 3673 270 3722 i.
289 3691 312 3723 e.
339 3673 431 3729 Ledae
456 3675 546 3741 (codd.
563 3676 659 3726 Burm.
676 3673 799 3737 Ledeue)
817 3684 930 3749 neptem
947 3678 1103 3744 [Tyndarei
1126 3694 1187 3728 uxo-

147 3755 224 3803 rem,
249 3756 333 3812 quam
352 3741 474 3811 Iuppiter
498 3744 527 3795 in
552 3744 679 3810 Cygnum
703 3753 824 3797 mutatus
847 3746 989 3814 gravidam
1005 3747 1094 3810 iecit,
1119 3763 1187 3814 quae

148 3822 232 3859 ovum
249 3811 384 3878 peperisse
402 3811 516 3876 dicitur,
534 3812 606 3863 unda
624 3813 682 3861 nati
699 3822 762 3864 sunt
779 3815 898 3877 Helena,
915 3815 1012 3867 Castor
1031 3822 1059 3867 ot
1077 3814 1187 3878 Pollux]

149 3874 442 3945 Lcrcedoemoniosque
460 3879 642 3946 hysnenoe053
668 3896 732 3930 oum
751 3883 856 3948 ingenti
874 3883 951 3934 felle:
976 3901 1009 3934 ac
1026 3885 1049 3934 si
1066 3885 1185 3936 diceret:

147 3945 273 3999 Infelices
292 3948 399 4002 maritis
417 3964 543 4015 semper:
561 3956 591 3998 ut
607 3949 708 4013 Paridi,
727 3957 754 4000 et
766 3951 921 4019 Deiphobo.
935 3980 970 3990 —-
1005 3958 1065 4008 329.
1084 3954 1187 4003 'l'rons-

149 4016 244 4080 misit;
271 4014 354 4066 herili
372 4017 529 4086 voluntate,
552 4032 609 4069 non
627 4018 689 4086 lege
707 4019 843 4088 coniugii:
861 4020 915 4088 [vel
931 4021 996 4088 quia
1013 4023 1087 4072 inter
1106 4021 1188 4089 cepti-
