2454 4500
348 258 487 321 servu
510 258 866 321 connnurrnnus
900 258 936 289 ·-
995 222 1000 233 '

97 446 136 515 (11.
152 450 180 515 β,
198 444 263 505 eli:
281 438 322 497 Oi
336 439 388 511 ερή
430 439 553 507 amireos
571 439 657 497 sidero
669 440 845 523 βουληφόρον
862 438 955 513 ἄνδρα
972 462 1000 498 oe.
1016 462 1042 499 s.
1057 440 1080 499 2.
1094 473 1121 483 -
1142 442 1145 447 ’

98 522 142 575 31.
159 512 235 565 Huic
252 514 321 565 «leus
339 516 397 577 ipse
407 460 471 564 doci
479 531 486 575 ;
503 515 642 584 cumipse
659 513 757 563 fluvius
774 513 928 567 Tiberinus
946 513 999 579 sit,
1015 514 1079 582 quid
1091 515 1122 565 ito

96 584 189 637 intulit
205 582 272 635 (leus
288 581 392 633 fluuio?
408 580 557 634 Tiberinus
570 584 647 635 enim
660 582 727 633 deus
739 581 837 648 genius
853 580 931 646 loci]
970 581 1124 645 Tiberinus,

98 652 171 707 bone
189 651 357 713 libuisse,
380 649 444 729 qiua
460 666 544 718 supra
564 651 666 703 dixerat
689 650 763 701 deus.
798 642 875 700 Nam
895 650 926 700 in
951 650 1039 701 sacris
1054 651 1124 703 Tibe·

97 722 192 783 tirius,
215 720 246 773 in
261 718 417 771 coeriolexru
432 718 558 782 liberis,
578 719 607 770 in
625 722 752 787 po'e'mate
770 717 864 769 'libris
880 728 1008 770 vocatur.
1025 744 1060 759 -
1090 726 1126 776 aa

97 788 219 913 &Tenuis
235 796 302 845 etc.;
318 786 458 839 ilsuislem
474 802 577 856 aquam
593 785 776 857 purificationi
793 794 890 855 aptam
906 787 1032 839 latenter
1049 794 1126 838 osten·

115 858 138 909 it
161 858 192 909 in
207 862 331 915 tanturn,
348 862 377 905 ut
401 857 486 909 etiam
508 855 722 919 harmidinibus,
764 870 816 906 uae
832 855 993 923 fluminum
1010 858 1126 925 germino

98 942 155 983 esse
179 941 236 977 non
252 924 369 977 dubium
392 932 447 987 est,
469 925 623 995 purificatio
645 923 700 975 rite
722 871 890 975 cdlebretun
933 924 1004 976 Ideo
1027 926 1127 975 inventa

98 996 241 1049 osuuuone
265 998 346 1061 poeta
363 992 400 1043 nb
421 990 621 1046 harundinibus
636 999 742 1042 tectum
758 990 876 1041 fluvium
892 991 1019 1058 inducit,
1043 999 1074 1042 ut
1088 992 1128 1041 do·

97 1072 158 1117 eeat
181 1064 234 1113 hoe
256 1062 341 1115 otiam
362 1060 560 1113 hurimdinibns
587 1061 619 1111 in
640 1058 831 1130 purificatione
854 1061 934 1127 quod
958 1076 1014 1127 per
1036 1075 1128 1128 aquom

97 1132 207 1201 impleri
224 1145 316 1201 posse,
330 1130 400 1179 sicut
416 1130 446 1181 in
461 1131 544 1181 sacris
559 1129 685 1181 traditur.
720 1128 786 1179 Ideo
802 1135 831 1179 et
847 1127 958 1195 ubique
976 1128 1128 1179 fluminibus

98 1198 282 1251 harundinem
306 1198 368 1253 dat,
390 1205 421 1247 ut
442 1198 492 1249 lib.
516 1198 548 1248 X.
572 1196 670 1263 (205.):
701 1194 813 1247 Vezereos
837 1192 1011 1247 harundine
1034 1199 1127 1264 glauco

101 1268 246 1327 Mincium
279 1273 306 1319 et
334 1266 381 1317 lib.
404 1266 437 1317 11.
460 1267 562 1332 Georg.
585 1265 694 1330 (414.):
726 1263 811 1330 Ripis
826 1264 975 1330 fluvialis
999 1265 1127 1316 harundo.
1156 1294 1159 1299 ·

99 1336 180 1405 Quod
202 1342 297 1389 utitem
321 1338 361 1386 eit
383 1337 479 1385 tenur's
495 1335 596 1401 glauco
614 1335 724 1383 velabat
741 1336 847 1383 amictu
868 1333 1036 1399 carbasus,
1058 1333 1127 1385 docet
1156 1331 1162 1339 ⁸

100 1404 237 1473 quaedum
259 1420 338 1455 secra
378 1418 429 1454 ure
451 1421 469 1455 a
491 1401 632 1454 linteaceis
647 1402 749 1453 dehere
772 1401 844 1452 fieri.
878 1401 1027 1453 carbasus
1043 1409 1125 1453 ouum

117 1488 185 1525 entis
202 1472 252 1523 lini
269 1480 324 1531 θεῖς
384 1474 463 1521 inum
482 1486 561 1535 vero,
585 1479 616 1519 ut
631 1471 670 1521 nit
685 1470 804 1534 Plinius,
826 1469 941 1520 Melius
966 1472 1125 1537 irrigatione

92 1488 252 1609 ffuminum
270 1557 354 1607 quom
370 1540 469 1605 pluuia
488 1542 623 1590 nascitur.
658 1539 725 1589 Ideo
739 1545 768 1591 et
781 1538 1125 1593 vestislineaflnminibn

98 1616 232 1677 tanqum
250 1609 362 1680 propria
378 1607 480 1672 detun]
512 1608 627 1669 Senior;
645 1605 721 1674 atqui
734 1606 837 1672 ubique
850 1622 920 1656 eum
930 1609 1047 1667 „tlavrnn
1057 1606 1123 1659 dixit:

99 1675 147 1729 sed
164 1679 259 1729 senior
282 1684 330 1728 aut
354 1683 468 1746 propter
490 1692 600 1745 spumas
616 1676 720 1726 dietum
736 1682 791 1724 est:
813 1683 864 1724 aut
887 1677 925 1725 ad
951 1675 1123 1727 reverentiam

134 1746 226 1798 rtinet.
260 1744 304 1795 Sic
321 1744 447 1795 Lucanus
472 1747 612 1813 (1,188.)
637 1744 673 1794 da
694 1742 765 1794 urbe
781 1741 875 1793 Romu
891 1742 989 1795 adhuc
1005 1743 1123 1795 florente:

128 1816 254 1881 urrigero
279 1829 365 1862 canos
396 1812 544 1880 ffundens
575 1815 678 1862 vertice
701 1814 803 1862 crines.
827 1836 864 1849 -
905 1818 953 1868 35.
978 1812 1069 1880 [Tum
1089 1812 1123 1860 sic

100 1882 216 1949 adfori5
248 1881 392 1945 subaudis,
414 1880 516 1945 visun]
557 1881 649 1931 Coras
673 1879 719 1930 his
743 1880 850 1930 demere
876 1880 985 1944 dietis,
1008 1880 1123 1932 habitin

98 1950 210 2002 futurae
233 1949 364 2000 orationis
389 1951 515 2001 ostendit
532 1975 566 1984 —
600 1955 643 2006 36.
662 1948 689 1999 Ο
706 1959 864 2015 retegente
888 1950 1003 2012 deam,
1016 1948 1080 2001 alibi
1093 1952 1123 2013 (6,

100 2017 185 2078 322.);
210 2017 303 2069 Deum
321 2020 479 2069 certissima
496 2019 602 2083 proles,
619 2020 659 2084 [et
675 2023 718 2083 (6,
736 2020 823 2077 125.):
848 2029 910 2066 sote
930 2018 1122 2084 sanguineds'-

100 2093 176 2138 vitm.
210 2085 280 2136 Sane
296 2085 436 2137 interdum
452 2087 523 2137 haec
539 2086 660 2155 epitheta
676 2101 733 2135 non
750 2092 863 2149 vacant,
879 2086 932 2136 sed
950 2087 1009 2136 vim
1024 2087 1123 2137 hortan-
1143 2137 1146 2153 ,

100 2154 129 2204 di
146 2152 289 2216 obtinent}
307 2180 340 2189 —
376 2162 418 2209 37.
439 2154 537 2205 Urbem
557 2157 607 2221 qui
625 2154 732 2204 revolsis
750 2155 849 2215 nobis,-
870 2161 899 2203 ut
918 2155 1033 2220 (l,68.):
1050 2155 1121 2204 Ilium

102 2224 133 2271 in
158 2219 272 2270 Italiam
297 2235 427 2285 portans:
460 2225 554 2273 urbem
580 2239 646 2290 ergo
670 2239 720 2289 iro
744 2223 847 2271 ciuibus
869 2225 973 2290 posuit.
1017 2223 1120 2272 Reuehis
1143 2242 1146 2247 ·

101 2297 194 2341 alitem
211 2297 325 2358 propter
342 2290 519 2355 Dardanum,
542 2293 570 2357 [a
587 2308 641 2357 quo
659 2291 771 2340 'l'roiani
789 2291 970 2342 descendunt.
1005 2293 1120 2342 Aeterna-

100 2372 152 2425 que
170 2376 301 2424 pergama
321 2375 431 2418 servos,
455 2375 612 2427 proserius
630 2368 657 2410 et
680 2368 792 2410 aeterna
817 2360 901 2421 facis,
924 2362 942 2409 i.
963 2382 986 2411 e.
1004 2361 1085 2411 efficis
1099 2368 1120 2410 ut
1148 2386 1152 2397 ·

99 2433 212 2477 aeterna
235 2425 307 2490 sint}
331 2452 365 2462 -
408 2434 451 2482 33.
475 2427 638 2491 Exspectate
662 2430 721 2478 solo
746 2426 886 2476 Laurenti
895 2446 903 2485 3
928 2429 979 2478 dut
1002 2432 1119 2479 affection

99 2493 183 2546 etium
200 2493 274 2543 locis.
311 2494 347 2543 Ut
364 2494 406 2558 (E.
426 2503 455 2557 1,
474 2495 544 2554 39.):
572 2496 652 2562 ipsae
670 2509 694 2544 te
714 2496 809 2560 Tityre
826 2498 933 2563 pinus,
951 2498 1013 2560 Ipsi
1032 2510 1054 2546 re
1066 2498 1119 2566 son·

99 2574 156 2624 tes,
180 2564 241 2627 ipso
260 2561 327 2611 haec
345 2565 463 2612 arbusta
481 2566 626 2615 vocabant.
644 2592 678 2601 -
713 2573 755 2619 32³.
772 2563 829 2612 Hic
848 2566 904 2614 tihi
924 2578 999 2615 certo
1020 2568 1118 2628 domus,

100 2630 174 2699 quod
191 2631 313 2699 superius
331 2631 366 2680 ab
383 2633 506 2696 Apolline
525 2642 699 2700 poposceraf,
722 2633 775 2681 hoc
797 2648 872 2681 nunc
893 2633 1003 2683 indicat
1020 2635 1118 2687 Tiberis.

99 2699 136 2749 Ut
153 2703 207 2765 (10,
225 2698 290 2758 85.);
308 2699 355 2748 Da
372 2705 515 2765 propriam
536 2701 687 2766 'syrohi-nee
707 2701 833 2763 domum,
851 2702 887 2749 ela
908 2705 1024 2752 moenio
1036 2704 1118 2770 fessis.

98 2792 133 2803 -·
159 2772 203 2822 40.
223 2767 329 2817 Tumor
347 2776 413 2827 etc.;
430 2770 553 2835 [quidam
573 2787 728 2819 concessere
747 2785 796 2837 pro
814 2771 970 2820 discessere
988 2774 1118 2838 accipiunt

103 2835 155 2885 Alii
179 2835 219 2884 itu
240 2835 367 2886 tradunt:
391 2838 437 2902 qui
454 2838 578 2886 nonduin
596 2844 803 2902 concesserunt,
822 2837 869 2888 sed
886 2840 997 2890 utiliter
1013 2841 1118 2892 dissime

99 2903 166 2966 lant,
182 2901 241 2965 sed]
256 2905 347 2970 aliqua
364 2906 536 2956 hemistichia
553 2906 582 2956 in
600 2907 712 2972 Virgilio
730 2912 787 2955 tam
805 2913 869 2955 stmt
883 2923 969 2958 sensu
986 2911 1118 2961 imminuo

101 2970 146 3037 (al.
165 2971 338 3033 immutata),
362 2990 446 3038 quam
470 2975 572 3036 verbis,
597 2983 627 3024 nt
651 2992 713 3024 ecce
737 2975 790 3023 hoc
813 2973 882 3023 loco.
924 2977 1054 3044 Namque
1074 2993 1117 3029 non

100 3054 242 3109 possumus
265 3036 433 3106 intelligere,
463 3042 593 3108 quievisse
619 3059 730 3092 omnem
752 3049 895 3093 tumorem
920 3052 950 3094 et
971 3046 1046 3096 iram
1067 3047 1117 3098 deo

100 3120 180 3169 rum,
203 3121 267 3156 cum
290 3115 318 3159 et
335 3110 424 3159 adhuc
442 3110 553 3161 inimica
576 3112 611 3160 sit
627 3113 711 3175 Iuno,
734 3117 762 3160 et
778 3111 812 3160 ad
831 3111 1026 3164 Troianorum
1043 3116 1117 3184 perni-

100 3173 173 3227 ciem
198 3176 332 3226 addantur
356 3177 409 3228 alia
432 3178 560 3241 numina,
587 3187 617 3227 ut
632 3180 726 3239 Furia,
750 3185 782 3226 ut
797 3179 921 3230 Iuturna.
959 3182 1040 3234 Unde
1062 3184 1117 3234 mire

100 3246 214 3313 quidam
230 3242 361 3294 conclusit
377 3247 451 3296 hunc
467 3263 575 3296 versum
589 3247 697 3311 dicens,
716 3246 879 3296 Concessere
897 3251 982 3300 deum
1000 3253 1117 3321 profugis

102 3330 174 3363 novo
194 3315 303 3364 moenia
323 3310 448 3365 Teucris.
482 3313 658 3380 [Concessere
682 3330 764 3382 erg0,
785 3315 961 3368 indulserunt
984 3321 1027 3372 vel
1048 3337 1117 3372 cesse

100 3389 181 3445 runt,
197 3382 215 3431 i.
235 3401 259 3432 e.
276 3383 473 3451 permiserunt,
490 3391 521 3431 ut
538 3384 579 3448 (Ε.
597 3393 628 3446 2,
646 3383 713 3441 57.):
740 3381 797 3432 Nec
814 3385 842 3432 si
860 3389 1032 3438 muneribus
1049 3402 1116 3438 cerus

100 3451 233 3500 concedas
250 3448 341 3513 Iolns,
358 3453 375 3501 i.
396 3469 418 3501 e.
436 3452 590 3520 permittat,
614 3453 766 3516 indulgeat,
784 3458 812 3502 et
829 3453 871 3516 (Ε.
890 3460 943 3518 10,
962 3456 1014 3516 1.):
1036 3457 1115 3507 Extre-

102 3533 177 3565 mum
196 3518 270 3567 hunc
288 3519 425 3569 Arethusa
446 3519 517 3568 milri
534 3522 649 3570 concede
667 3518 811 3583 laborem]
845 3520 929 3588 Quod
952 3523 976 3572 si
1000 3525 1040 3576 ita
1055 3542 1115 3576 acce

101 3585 239 3651 perimus,
256 3595 285 3636 ut
302 3588 389 3651 dicat,
406 3589 526 3638 Teucros
544 3591 708 3638 constituere
726 3589 877 3651 civitatem,
893 3607 949 3641 nec
967 3608 1001 3643 eu
1018 3595 1115 3644 munim
1153 3632 1156 3642 .

101 3668 171 3720 quae
188 3651 260 3704 irata
276 3663 339 3705 sunt
356 3664 459 3718 vetant,
477 3656 546 3706 nihil
563 3658 616 3707 erit
632 3655 809 3707 contraritun.
846 3656 920 3708 Nam
939 3668 968 3710 et
985 3662 1046 3727 ipsa
1060 3663 1113 3711 luno
1152 3698 1155 3708 .

98 3718 152 3772 hoc
169 3716 235 3770 dicit
251 3728 284 3788 (7,
303 3724 387 3784 313.)τ
404 3722 470 3774 Non
488 3727 601 3775 dabitur
619 3728 728 3790 regnis,
746 3738 816 3789 esto,
832 3725 982 3791 prohibere
1000 3729 1114 3780 Latinis:
1151 3758 1154 3763 ·

102 3791 191 3856 Atque
208 3792 322 3841 immoto
349 3805 440 3842 monet
457 3792 533 3862 fotis
552 3793 676 3843 Lavinio
702 3797 814 3844 coniux.
848 3794 900 3844 Hic
923 3806 1021 3850 nutem
1037 3811 1114 3849 sensus

99 3856 223 3909 etiamsi
240 3858 366 3910 detrahas
389 3861 609 3912 subauditionem
628 3869 716 3931 potest
732 3860 819 3930 accipi
836 3877 853 3913 a
868 3866 1071 3930 superioribus:
1090 3871 1114 3912 ut
1150 3867 1155 3879 ¹

96 3926 143 3977 sit:
163 3926 268 3976 Tumor
286 3928 392 3993 omnis,
410 3940 435 3978 et
453 3932 525 3994 irae,
544 3928 707 3980 Concessere
725 3931 822 3991 deum,
840 3937 885 3980 ut:
905 3931 963 3983 Hic
983 3937 1037 3984 tibi
1053 3944 1112 3983 certa

97 3993 211 4063 domus,
230 3997 375 4064 sortimur]
391 4008 511 4063 penates.
528 4020 563 4037 -
597 4002 641 4058 43.
659 3998 783 4052 Litoreis
807 3998 932 4068 ingens3
955 4000 1023 4055 licet
1044 3998 1112 4074 possi·

57 4328 254 4437 f..
