2454 4500
93 264 161 329 sao
346 258 487 324 snam
509 257 866 337 consumsimus
913 218 917 227 ’

100 440 220 497 oasam
236 444 327 517 lapara
343 452 401 513 est,
415 452 445 500 et
461 445 519 498 eius
535 459 588 498 nec
604 444 721 498 cadaver
737 444 879 499 inventum
896 451 954 498 est:
972 441 1051 499 rande
1064 442 1147 499 dir-it:

101 510 180 564 Medi
238 510 439 567 einiamatus
456 514 572 565 harena.
614 515 711 566 Postea
727 515 815 565 dictus
832 522 873 566 est
888 517 966 566 inter
984 515 1054 567 deos
1070 531 1146 566 rece·

101 590 182 649 tm,
216 598 304 652 quem
320 584 412 637 lavem
430 583 584 651 Indigetem
601 583 703 635 dixere.
738 581 858 651 Quidam
874 598 941 635 eum
958 598 1028 634 cum
1053 582 1145 636 adver·

99 660 166 701 sans
183 652 348 722 Aborigines
363 661 518 721 pugnaret,
541 651 738 717 exsangsdnem
753 649 850 703 dicunt
871 649 1043 720 repertum]
1064 648 1144 701 'Anu

100 716 178 771 &aas
193 728 307 788 aurun,
329 731 395 774 ante
418 722 468 774 fati
483 723 690 773 necessitatem:
713 728 742 772 et
762 718 836 772 bene
858 718 933 786 quod
958 734 1079 786 passius
1095 727 1142 784 eet,

102 796 184 857 optut
198 790 323 855 alme,
344 798 377 841 stt
398 789 457 858 ipse
480 792 580 855 (392.):
602 789 655 840 sea
679 791 783 839 misera
801 788 968 840 antediem.
1004 786 1144 855 [Epicurei

100 854 250 922 (imbuat,
279 858 374 909 omnia
395 857 458 910 fieri
480 857 658 928 dispositione
680 856 817 909 iatonun:
838 857 912 909 unde
936 855 1065 924 loquitur
1088 860 1145 923 (to,

101 926 194 987 mel:
215 925 278 976 Stes
300 944 355 976 sua
374 929 475 992 cuique
493 927 562 978 dies,
597 925 693 977 Media
719 925 724 936 '
765 933 820 976 ota.
836 951 872 962 -
906 929 970 980 621.
987 922 1143 992 Haecpre·
1184 958 1188 965 -

104 1004 170 1057 tem·
192 994 213 1045 i.
228 1012 269 1060 a,
290 994 362 1045 sieut
376 995 483 1047 dictrun
505 1003 560 1060 est,
583 941 839 1064 npremrlfncum
863 994 1010 1059 sanguine
1029 992 1142 1060 funda,

103 1062 183 1129 musi
206 1061 408 1131 inprecationes
431 1064 503 1135 ipsas
526 1078 576 1113 suo
597 1069 772 1116 consecraret
792 1077 900 1133 cruore.
917 1086 953 1098 -
987 1067 1055 1120 622.
1073 1060 1141 1111 Tun

106 1144 156 1183 ees
174 1147 191 1181 a
210 1129 310 1198 Tyrii5
335 1147 393 1182 non
416 1141 480 1183 sumt
502 1131 648 1183 mandata:
671 1131 720 1183 sed
741 1130 781 1180 im
799 1130 971 1194 mentiones,
994 1136 1026 1182 ut
1044 1127 1142 1183 disson·

105 1198 177 1251 bant
193 1199 324 1251 omnibus
340 1201 438 1265 rebus,
453 1200 524 1253 sieut
541 1207 569 1250 et
585 1201 690 1251 iactum
707 1206 767 1251 est..
815 1214 863 1250 am
879 1199 904 1249 si
920 1197 1058 1251 mandata
1074 1204 1142 1263 sunt,

105 1268 248 1335 monada
284 1284 352 1319 enus
368 1267 514 1319 futurarm?
529 1293 564 1305 -
598 1273 661 1326 623.
679 1267 808 1318 Eaeraate
825 1269 919 1331 odiis,-
935 1267 955 1318 i.
976 1282 1003 1317 e.
1020 1265 1142 1335 fatigate.

106 1359 143 1373 -
173 1284 399 1404 6241l³apulim
422 1343 470 1388 aut
485 1335 655 1407 populorum
671 1343 719 1387 aut
734 1334 856 1408 populis,
879 1342 911 1386 ut
926 1335 1001 1386 Afris
1017 1331 1144 1404 quoque]

107 1400 167 1455 Nee
185 1405 305 1473 saedere
323 1417 427 1468 sunto,·
450 1405 548 1472 [sunto
565 1418 618 1472 pro
641 1413 705 1456 sunt
730 1413 759 1456 et
778 1402 865 1468 sinn]
887 1402 953 1472 (suia
976 1411 1062 1473 rupta
1084 1408 1145 1455 sumt

108 1471 200 1525 tertio.
235 1472 322 1524 sunto
340 1482 450 1538 autem,
465 1473 483 1523 i.
501 1491 526 1524 e.
543 1474 611 1525 sint:
632 1480 662 1526 et
684 1472 716 1523 lit
737 1479 853 1553 propter
874 1478 1001 1524 metrum
1018 1470 1143 1524 additas

107 1540 210 1597 tertiae
240 1557 376 1612 personae
405 1541 516 1593 numeri
547 1541 660 1609 pluralis
690 1539 831 1594 indicativi
853 1539 947 1604 modi,
975 1546 1007 1590 ut
1031 1551 1144 1593 amanto

108 1608 242 1681 [ement],
268 1611 381 1663 docento
400 1607 555 1679 [doceant],
579 1611 693 1676 legunto
710 1607 843 1678 [legant],
865 1610 1016 1660 nutriunto
1037 1610 1145 1729 ἑηυῑνί·

110 1676 181 1745 ent}
214 1678 343 1732 Urbanus
358 1678 439 1744 dicit,
455 1679 539 1730 verbo
556 1693 623 1732 eum
639 1678 708 1730 iuris
724 1693 805 1728 usum
822 1685 939 1746 propter
956 1677 1022 1729 odia
1060 1676 1146 1732 eredi-

109 1747 191 1800 taria.
214 1773 249 1787 -·
291 1753 354 1807 ets
377 1748 532 1811 Exoriare,
560 1748 715 1801 exoriatur:
745 1754 773 1798 et
803 1746 927 1801 ostendit,
951 1745 1146 1798 Hannibalem.

111 1815 153 1867 Ba
178 1818 306 1883 ossibus,
335 1816 487 1869 seeundum
511 1819 718 1883 Anaxagoram,
741 1813 789 1882 qui
812 1812 1051 1866 Homoeomerisn
1072 1813 1148 1877 dicit,

111 1887 129 1939 i
149 1903 190 1951 e.,
205 1884 542 1937 omniummembrorum
557 1883 768 1936 similitudinem
784 1898 843 1939 ease
858 1883 889 1934 in
904 1881 990 1935 rebus
1005 1882 1147 1936 creandis:

111 1955 130 2007 i.
144 1971 168 2007 e.
184 1971 218 2004 es
235 1954 359 2019 ossibus,
374 1970 406 2005 en
423 1953 565 2022 sanguine,
582 1968 614 2004 ex
630 1952 764 2005 medullis.
797 1951 871 2003 Nam
887 1951 983 2003 omnia
998 1966 1053 2020 pro
1070 1959 1147 2020 parte

111 2021 155 2075 sui
175 2029 322 2074 transeunt
344 2022 374 2073 in
398 2021 627 2091 procreationem.
662 2019 808 2073 Lucretius
830 2023 879 2086 (1,
894 2020 984 2080 830.):
1006 2018 1095 2073 Nunc
1111 2020 1148 2070 ad

112 2092 299 2158 Anaxagorae
323 2092 471 2140 veniamus
488 2087 732 2141 Hamoeomeridn.
767 2087 849 2154 [Sane
864 2087 963 2139 Punici
985 2101 1021 2139 ex
1045 2089 1149 2155 ossibus

112 2160 209 2212 dicunt
226 2157 293 2210 oriri
309 2166 433 2227 posteros
449 2174 517 2226 quos
534 2173 583 2208 nos
601 2174 634 2209 ex
649 2155 795 2224 sanguine:
820 2174 856 2210 an
872 2157 937 2224 quia
954 2163 1016 2225 post
1032 2156 1148 2226 longtsm

113 2237 224 2298 tempus
252 2234 380 2277 nascetur
404 2227 557 2290 Hannibal,
584 2227 648 2277 ideo
672 2244 703 2276 ex
731 2225 843 2276 assibus
868 2223 978 2292 posuit?
1002 2252 1038 2261 -
1087 2231 1148 2283 626.

115 2297 186 2346 Face
204 2296 387 2360 Dardanios;
411 2296 544 2346 incendiis
562 2295 674 2345 urbium
691 2294 831 2345 Italarum.
865 2293 1021 2359 Feroque,-
1048 2294 1150 2345 exerci-

114 2374 194 2415 tuum
217 2363 355 2414 caedibus.
402 2362 536 2428 Sequare;
568 2378 620 2429 pro
644 2380 764 2430 sequere.
787 2388 822 2398 -
861 2368 925 2420 627.
948 2361 1036 2412 Nunc
1063 2363 1148 2424 olim,-

115 2433 199 2483 modo
218 2433 285 2482 olim
302 2431 389 2481 futuri
405 2432 538 2500 temporis
555 2440 582 2481 et
599 2432 711 2498 qnidam
728 2437 856 2498 separant
871 2432 1097 2498 pronuntiantes,
1119 2436 1150 2482 ut

116 2502 151 2551 sit
167 2501 264 2564 modo,
283 2501 364 2563 olim,
381 2508 487 2569 postea:
505 2500 583 2568 quasi
600 2501 681 2565 dicat,
697 2500 740 2551 vel
755 2492 828 2550 nunc
845 2499 888 2550 vel
905 2499 980 2548 olim.
1015 2498 1150 2566 Quocun-

118 2584 169 2635 que
194 2570 302 2618 dabunt
327 2586 354 2617 se
385 2580 504 2635 tempore
535 2570 624 2629 vires3
654 2568 718 2637 quia
748 2569 983 2636 quotienscunque
1013 2568 1151 2620 voluerint

117 2637 203 2689 Poeni
226 2637 298 2688 bella
321 2652 437 2687 renovar
460 2641 473 2669 *
499 2636 697 2698 (renovarunt)
721 2637 783 2688 ideo
807 2637 858 2688 ait:
882 2634 1013 2701 Pugnant
1040 2639 1150 2705 ipsique

119 2717 289 2772 nepotesque.
314 2730 348 2742 -
388 2711 451 2762 628.
473 2704 572 2755 Litora
599 2707 731 2756 litoribus
756 2705 913 2766 contrariu
946 2713 996 2754 aut
1026 2706 1093 2774 quia
1121 2706 1150 2756 in

118 2774 233 2827 foedere
260 2781 372 2824 cautum
394 2776 461 2839 fuit,
484 2782 515 2823 ut
537 2790 627 2840 neque
644 2773 764 2824 Romani
787 2774 822 2824 ad
838 2774 919 2823 litora
937 2772 1150 2844 Carthaginien-

119 2843 190 2896 sium
208 2843 385 2906 accederent,
412 2858 503 2909 neque
528 2842 768 2911 Carthaginienses
791 2843 826 2892 ad
849 2841 931 2891 litora
948 2841 1150 2895 Romanorum.

119 2912 172 2962 Aut
189 2918 278 2977 potest
299 2918 413 2979 propter
436 2909 509 2962 bella
530 2911 638 2963 navalia
660 2910 748 2976 accipi
769 2910 842 2961 inter
860 2909 1001 2960 Romanos
1025 2920 1056 2963 et
1071 2913 1148 2963 Afros

119 2976 215 3046 gesta]
249 2977 395 3028 Fluctibus
414 2980 506 3029 undas
524 2979 678 3047 imprecor,
701 2987 814 3059 propter
836 2978 903 3028 illud
920 2979 995 3046 quod
1011 2979 1041 3030 in
1059 2981 1150 3032 foede·

119 3047 195 3098 ribus
212 3045 360 3112 [similiter]
376 3055 488 3098 casatum
504 3057 559 3100 est:
583 3056 614 3098 ut
630 3049 741 3099 Cornea
758 3055 829 3099 esset
843 3046 936 3098 media
958 3047 1034 3099 inter
1051 3047 1150 3101 Roma·

119 3131 169 3167 nos
187 3123 216 3166 et
233 3115 480 3182 Carthaginienses.
497 3143 531 3153 -
564 3121 625 3173 629.
644 3116 771 3183 Pugnent
789 3118 898 3182 ipsique
917 3115 1029 3182 nepotes
1035 3139 1046 3181 ,·
1063 3125 1151 3187 potest

121 3184 199 3236 etad
216 3183 293 3236 civile
317 3183 422 3234 bellum
438 3184 547 3236 referri.
564 3211 598 3222 -
632 3191 694 3242 632-
713 3184 850 3247 Breviter‚·
875 3184 1054 3237 festinatione
1078 3202 1148 3238 mor·

119 3252 168 3304 tis:
189 3250 272 3303 simul
293 3252 379 3304 nectit
400 3269 512 3304 causam
535 3269 680 3304 morarum
705 3260 734 3304 et
756 3253 808 3320 ipsi
832 3260 860 3304 et
881 3252 980 3303 sorori.
1014 3254 1148 3320 [Barcen5

120 3321 173 3372 hoc
189 3335 345 3389 cognomen
362 3321 483 3374 familiae
500 3321 661 3372 Hannibalis
676 3323 736 3372 fuit.
751 3348 785 3357 -
819 3328 881 3378 633.
900 3319 999 3372 Patria
1014 3327 1147 3391 antiqua:

120 3388 232 3440 honest
247 3388 349 3456 Tyros,
373 3407 443 3461 quae
466 3397 529 3442 ante
547 3389 605 3440 eius
623 3392 713 3458 patria
729 3388 801 3452 suit]
834 3389 900 3439 Huc
918 3393 986 3440 siste
993 3412 1003 3454 ,-
1027 3391 1084 3444 huc
1107 3392 1147 3446 ad·

121 3457 187 3508 diac:
204 3464 235 3506 ut
251 3458 293 3522 (8,
310 3455 376 3519 85.):
393 3459 427 3508 Et
444 3477 507 3508 cum
525 3476 607 3526 grege
625 3461 703 3509 sistet
720 3461 758 3508 ad
775 3475 864 3513 aram.
896 3460 968 3510 Hinc
987 3468 1016 3512 et
1033 3464 1146 3512 sistatur

121 3523 250 3589 dicimus,
266 3525 283 3576 i.
301 3542 324 3578 e.
342 3524 500 3579 adducatur.
534 3528 607 3578 Nam
624 3540 698 3577 stare
716 3527 788 3578 aliud
806 3535 853 3578 est.
887 3527 945 3579 Nec
961 3527 1044 3583 aliter
1061 3545 1147 3600 possu-

121 3606 183 3642 mus
208 3591 313 3645 dicere:
337 3611 421 3663 quam
438 3608 482 3645 sta
502 3595 562 3658 bic,
586 3598 653 3646 siste
671 3596 733 3646 buc.
767 3595 847 3646 Fallit
869 3604 963 3647 autem
988 3598 1146 3667 plerumque

121 3658 200 3712 verbi
216 3659 377 3714 similitudo:
401 3665 466 3732 quia
482 3664 598 3716 dicimus
622 3679 663 3717 sto
682 3673 710 3717 et
727 3669 811 3730 sista,
834 3679 900 3714 cum
917 3665 1026 3718 diversa
1050 3665 1145 3737 signifi·

121 3735 192 3780 cent.
209 3753 243 3765 -
276 3734 337 3789 635.
355 3732 489 3800 Spargere
508 3730 638 3799 lympham
662 3734 845 3785 sacrificantes
862 3732 913 3784 diis
936 3733 1035 3786 inieris
1060 3751 1145 3804 asper·

120 3792 258 3865 rebantur
275 3813 359 3865 aqua:
376 3808 407 3852 ut
424 3807 465 3866 (6,
483 3801 566 3859 230.);
590 3802 729 3869 Spargens
749 3820 809 3855 rore
828 3802 896 3864 levi,
913 3814 938 3851 et
958 3821 1037 3855 rama
1072 3805 1144 3856 elicis

121 3864 229 3927 alivae5
252 3870 371 3935 superis,
397 3870 593 3924 abluebantur:
617 3879 648 3920 ut
670 3878 712 3936 (2,
729 3871 816 3932 719.):
843 3869 940 3922 Donec
966 3891 1009 3924 me
1025 3805 1145 3942 Amisa

119 3933 184 3985 uiuo
202 3930 328 3986 Atlans.
364 3937 450 3989 Modo
481 3945 574 3988 antem
603 3938 699 3990 inferis
722 3937 869 3991 sacrificat:
898 3948 944 3990 ut:
975 3941 1065 3992 Sacra
1089 3938 1146 3992 Ioui

118 4000 223 4073 stygio.
242 4026 278 4041 ··
311 4009 372 4064 eat.
388 4006 577 4079 [Monstrata;
602 4005 731 4077 reiquae
753 4008 814 4079 ipsa
831 4009 997 4078 monstravi,
1021 4012 1145 4081 ratque

241 4242 279 4319 J*
