2454 4500
189 269 228 315 a
248 230 409 316 arnon.
443 248 625 341 annaio.
646 246 727 315 un.
749 248 778 328 1,
799 254 1000 325 asa-297·
1068 252 1111 318 ts

76 453 119 511 po
135 436 260 508 Agrippa
276 435 399 493 Remum
415 440 550 517 poneret,
572 434 681 505 poetica
706 447 769 484 unm
794 440 835 483 est
850 449 937 487 more.
971 430 1045 484 Nam
1062 444 1110 483 no·

35 500 47 531 ²
78 522 137 566 utcu
159 523 192 558 ex
218 506 309 567 acino
334 508 458 575 sumpsit.
498 505 560 557 Hoc
584 520 650 570 ergo
675 502 756 566 dicit,
788 502 860 553 Cum
883 501 1005 573 coeperit
1028 499 1112 551 ludin

81 574 173 631 &esar
197 575 309 628 coetum
332 582 429 626 tenere
451 572 567 642 patratis
591 570 722 622 omnibus
743 570 835 635 bellis,
858 571 922 627 iura
939 570 1044 621 dabunt
1059 569 1111 622 Au·

82 651 164 713 ςιιεῐιιε
188 650 217 695 et
239 643 371 712 Agrippa.
410 642 544 705 Rornulvu
568 649 662 693 autern
690 638 834 705 Quirinus
865 640 928 692 ideo
952 639 1040 690 dictus
1064 643 1113 703 eu,

83 711 118 765 sel
138 711 213 781 qnod
236 712 316 763 hasta
340 710 485 775 utebatur,
509 727 579 777 quae
598 710 763 762 Sabinorum
786 710 882 776 lingua
900 711 979 761 curis
996 706 1112 760 dicitur:

85 778 156 835 tarsa
175 779 264 847 enim,
288 780 306 833 i.
324 798 347 831 e.
367 783 461 845 carr's,
483 779 571 831 telum
588 779 702 845 longum
720 786 775 841 est,
799 779 898 845 [telum
915 785 957 829 cst
974 792 1038 827 cum
1054 774 1113 827 lon·

86 850 153 917 piore
169 847 273 914 serroz]
299 848 424 906 uude-et
448 850 557 899 securis
576 849 652 916 quiesi
676 849 834 898 semicuris.
872 846 918 897 Vel
942 863 958 896 a
982 848 1113 909 κοίρανος,

85 915 125 986 epti
140 916 247 969 Graece
266 934 313 970 rex
331 917 447 978 dicitur;
470 925 577 968 constat
593 925 688 971 autern
705 916 828 967 Graecos
852 915 935 967 fuisse
954 914 1113 973 Romanoa

87 985 121 1041 tel
135 985 233 1054 [certe]
250 994 366 1058 propiet
383 985 492 1053 generis
509 986 691 1037 nobilitatem.
725 984 808 1035 Mars
832 984 909 1035 enim
933 1000 998 1034 cum
1023 981 1116 1044 saevit,

61 1060 65 1065 '
88 1054 224 1107 Gradivus
247 1056 362 1110 dicitur:
385 1070 451 1103 cum
474 1054 636 1123 tranquillus
662 1062 717 1118 est,
741 1051 894 1121 Quirinus.
935 1053 1062 1122 Deniqze
1084 1050 1116 1104 in

86 1124 147 1177 ube
171 1124 227 1177 duo
249 1124 308 1177 eius
330 1121 436 1192 templa
459 1130 534 1175 sunt:
558 1139 646 1177 unuru
669 1121 779 1189 Quirini
800 1122 876 1173 intra
898 1121 1013 1188 urbem,
1038 1118 1117 1190 qumi
1170 1174 1173 1185 ¹

85 1193 197 1247 caudis
214 1199 242 1244 et
258 1193 363 1261 (Burni.
382 1191 446 1252 sed)
471 1191 628 1259 tranqrulli:
654 1191 728 1243 aliud
752 1192 782 1244 in
798 1191 887 1260 Appia
911 1192 951 1242 ria
978 1200 1053 1242 extra
1070 1203 1116 1245 ur·

65 1256 143 1315 ,bin
159 1276 247 1330 prope
264 1268 391 1330 portam,
414 1259 493 1327 quasi
515 1259 670 1324 bellatoris,
687 1260 705 1311 i.
723 1278 747 1313 e.
771 1259 824 1325 (al.
842 1261 904 1323 orl)
931 1259 1061 1312 Gradivi.
1081 1281 1116 1298 ‹-

85 1334 140 1389 293,
165 1328 273 1395 Dirae5
304 1345 370 1381 ctun
394 1336 506 1398 apertae
532 1336 595 1381 sunt
618 1329 688 1396 [hoc
712 1338 768 1394 est,
799 1328 1019 1393 abominandae,
1049 1326 1116 1378 elias

36 1432 40 1437 -
88 1397 177 1465 lirae,
194 1414 331 1466 magnae,-
348 1403 390 1463 (9,
409 1397 493 1459 185·)=
509 1398 552 1447 An
571 1415 625 1447 sun
644 1400 744 1464 cuique
764 1399 832 1449 deus
844 1398 884 1467 sit
902 1398 966 1449 dira
986 1392 1117 1465 Cupido]

85 1466 126 1532 (fit
142 1473 188 1532 (8,
205 1466 291 1528 348.):
315 1466 377 1515 Iam
402 1477 461 1516 tum
489 1467 600 1533 relligio
619 1468 738 1534 pauidos
762 1466 881 1518 terrebat
899 1480 1023 1534 agrestes
1041 1464 1116 1522 Dirc

67 1534 143 1589 'loci
178 1536 217 1587 Et
239 1541 301 1602 (¹2,
318 1533 405 1596 8453:
429 1534 576 1593 Dicuntur
598 1538 728 1603 geminae
751 1549 856 1605 pestes,
880 1538 1046 1602 cognomine
1064 1532 1118 1585 Di·

48 1638 59 1667 ς
86 1604 144 1667 rae.)
182 1603 390 1673 Compagibus5
409 1605 541 1672 ambages
559 1611 587 1655 et
603 1620 750 1675 compages
774 1605 816 1671 (L.
836 1603 989 1672 Compages
1008 1620 1118 1669 compa·
1171 1610 1175 1617 '

35 1650 57 1719 ἕ
85 1677 140 1743 μἐς
160 1689 214 1724 nec
231 1674 265 1724 de
284 1674 401 1740 ambage
418 1673 464 1724 hie
482 1673 528 1741 agi
546 1673 689 1724 admonuit
706 1671 810 1735 Burni.)
828 1675 934 1742 antiqui
951 1680 1061 1724 tantum
1078 1671 1119 1723 di·

35 1728 55 1819 ξ*
84 1740 188 1799 cebant.
223 1741 370 1792 Posteritas
387 1741 497 1797 admisit
520 1750 551 1793 ut
574 1742 661 1796 etiam
686 1756 821 1812 compago
845 1742 966 1794 dicatur:
990 1742 1039 1793 sed
1061 1754 1120 1793 non

35 1838 49 1905 ἱ
84 1811 144 1879 prtia
160 1810 253 1867 rarius
271 1826 328 1861 esse
348 1818 436 1879 potest
453 1810 650 1874 nominativus,
674 1810 758 1861 debet
781 1809 868 1864 etism
886 1810 1032 1863 declinatio
1058 1826 1119 1860 nari·

36 1926 41 1931 .
83 1880 141 1935 tari.
175 1874 421 1947 Quemadmodum
438 1896 491 1930 nec
507 1880 538 1931 in
555 1879 611 1930 istis
625 1878 794 1944 nominibus,
811 1880 897 1931 arlor
915 1882 1008 1944 arbos,
1024 1896 1121 1931 vomer

35 1950 44 2015 ’ξ
84 1949 187 2006 tomis-7
213 1964 282 2001 nam
307 1954 335 1999 et
352 1950 473 2005 vomeris
490 1957 519 2003 et
543 1949 656 2000 arboris
679 1955 788 1999 tautum
805 1948 880 1999 facit.
915 1949 990 2015 Ergo
1010 1964 1121 2016 compa·

35 2012 55 2077 ,⁸
84 2036 128 2086 ges
154 2019 316 2082 compagis,
347 2017 480 2084 (sasoniam
505 2035 639 2084 compago
669 2025 833 2084 instipatum
858 2024 911 2068 estr
942 2019 1121 2085 compaginis

35 2094 48 2103 “
80 2087 157 2143 'enim
180 2100 266 2141 nemo
289 2085 400 2154 penitus
423 2085 497 2139 dicit.
531 2085 655 2154 [Ovidius
678 2094 773 2137 tamen
797 2087 827 2137 in
850 2084 941 2154 primo
965 2086 1122 2138 Metamor·

35 2158 37 2217 ξ
84 2155 207 2227 phoseon
231 2152 326 2223 (711.)
351 2154 404 2205 ait:
434 2157 521 2223 Atque
554 2156 594 2210 ita
620 2155 786 2221 disparibus
809 2156 930 2206 calamis
956 2152 1123 2223 compagine

86 2238 175 2283 cerae:
198 2240 215 2275 a
232 2222 354 2291 genitivo
377 2223 563 2291 compaginis.
587 2249 622 2261 -
663 2227 726 2280 294.
760 2223 833 2275 Belli
857 2236 969 2289 portae,·
992 2223 1052 2280 Iani
1075 2240 1123 2291 ge-

84 2292 166 2358 mini,
183 2308 256 2361 quae
274 2290 346 2353 bello
364 2292 578 2358 aperiebantur,
594 2309 662 2363 pace
679 2290 898 2356 claudebantur]
935 2294 1009 2356 (Ideo
1028 2301 1124 2348 autent

84 2359 162 2415 uara
179 2360 247 2415 belli
263 2366 391 2426 tempore
409 2358 573 2430 patefiebat,
597 2369 628 2411 ut
651 2361 777 2412 eiusdem
801 2368 963 2433 conspectus
990 2379 1041 2431 per
1067 2360 1125 2412 bel-

83 2428 144 2483 lnm'
153 2436 281 2501 pateret,
306 2429 336 2479 in
353 2429 430 2480 cuius
448 2435 584 2493 potestate
601 2437 672 2481 esset
689 2431 774 2480 exitus
790 2430 966 2496 reditusque:
990 2432 1019 2482 id
1046 2429 1124 2481 enim

85 2497 94 2557 i
156 2497 295 2569 significat
312 2498 369 2551 eius
388 2497 506 2565 effigies,
529 2497 687 2566 praebentis
706 2515 735 2550 se
753 2498 881 2550 euntibus
900 2506 927 2551 et
944 2498 1124 2553 redeuntibus

102 2584 190 2621 acem.
231 2566 312 2618 Hunc
337 2573 432 2624 autem
457 2565 524 2616 olim
540 2566 632 2619 Numa
650 2567 799 2636 Pompi'ius
822 2567 905 2632 fecit,
927 2569 1005 2620 cuius
1028 2575 1124 2638 portas

85 2637 164 2704 regni
186 2642 318 2701 tempore
341 2633 454 2697 claruit.)
489 2632 582 2685 Furor
607 2637 712 2704 impius
738 2638 833 2700 intus,·
859 2643 890 2691 ut
913 2637 1036 2706 superius
1059 2633 1125 2687 dixi·

35 2750 38 2761 ,
58 2764 61 2771 Ι
87 2721 161 2770 mus,
183 2712 297 2774 propter
321 2703 395 2754 bella
419 2703 523 2765 civilia,
549 2716 619 2768 quae
644 2712 722 2772 gesta
745 2711 809 2769 sinit
832 2712 930 2760 contra
955 2706 1072 2757 Brutum
1097 2712 1126 2756 et

35 2780 46 2791 “
88 2772 213 2827 Cassium
228 2772 265 2830 ab
282 2773 403 2839 Artgtnto
419 2769 474 2840 [in]
489 2771 633 2841 Philippis:
651 2781 747 2825 contra
764 2773 878 2824 Sextum
895 2773 1060 2840 Pompeium
1078 2773 1125 2840 (ab

35 2882 37 2893 .
88 2841 218 2910 Auginto)
241 2841 272 2893 in
297 2839 397 2891 Sicilia.
439 2841 511 2907 [Aut
533 2839 603 2893 sicut
628 2842 741 2907 quidam
763 2841 878 2895 tradunt
901 2841 994 2895 Furor
1020 2845 1126 2909 impius

35 2912 43 2959 ζ-
90 2912 181 2976 intus,
204 2926 261 2965 non
278 2908 310 2965 in
327 2910 395 2961 aede
411 2908 471 2960 lani
488 2908 537 2960 seo
560 2909 589 2959 in
607 2911 677 2974 alia,
702 2910 731 2960 in
748 2911 811 2960 soro
829 2911 944 2976 Augusti
961 2911 1128 2966 introeunti·

35 2976 48 3051 ,ὲ
89 2976 137 3030 bus
154 2978 191 3031 ad
207 2978 364 3041 sinistram,
380 2976 434 3028 suit
450 2976 555 3028 bellum
572 2977 677 3047 pictum
696 2985 724 3028 et
740 2978 819 3029 ferror
837 2980 933 3033 sedens
949 2997 1030 3050 super
1048 2997 1128 3032 arma

35 3054 44 3101 i
89 3046 290 3103 oenis'vinctus
310 3044 430 3115 '(Burm.
455 3046 563 3097 catenis
589 3046 749 3107 reuinctus)
781 3063 814 3100 eo
839 3046 938 3099 habitu
962 3065 1016 3116 quo
1047 3053 1129 3119 poeta

89 3114 171 3180 dixit]
187 3139 224 3157 --
259 3119 320 3171 295.
346 3114 433 3165 Saeva
460 3115 559 3165 sedens
584 3133 668 3184 super
686 3132 783 3180 arma5
809 3116 961 3172 secundum
985 3118 1129 3185 antiquam

35 3242 39 3253 .
89 3182 239 3239 licentiam.
273 3181 422 3240 sciendum
440 3190 534 3234 tamen
554 3191 611 3247 est,
634 3184 717 3235 hodie
736 3185 771 3233 In
796 3192 823 3236 et
841 3183 897 3234 Sul
923 3191 1032 3244 tantum
1055 3201 1130 3240 com-

35 3268 37 3277 '
90 3268 185 3311 munos
209 3267 269 3305 esse
292 3252 516 3322 praepositiones
551 3250 684 3304 Ceterum
701 3252 789 3319 Super
807 3259 837 3306 et
854 3252 953 3306 subter
975 3254 1032 3305 iam
1051 3270 1131 3304 accu-
1165 3262 1167 3267 '

87 3322 189 3378 *sativae
206 3327 285 3384 sunt,
307 3321 377 3372 sicut
395 3320 473 3372 Clam
493 3327 613 3384 etpost,
638 3337 708 3387 quae
726 3328 809 3371 antea
827 3337 988 3375 communes
1005 3325 1131 3378 suertmt:

90 3405 163 3447 nunc
178 3389 210 3443 in
226 3389 271 3441 his
287 3396 393 3443 mutata
411 3395 513 3440 natura
531 3395 578 3437 est.
614 3389 700 3456 (Ergo
718 3407 801 3457 super
819 3405 871 3458 pro
889 3405 988 3454 supra:
1012 3399 1040 3444 et
1058 3402 1131 3443 „unc

90 3456 158 3515 haec
174 3456 344 3528 praepositio
362 3455 516 3527 accusativo
534 3456 631 3519 servit3
655 3457 702 3509 ubi
719 3474 784 3509 vero
804 3460 837 3508 ale
861 3457 1011 3526 significat,
1035 3460 1131 3512 ablati-

92 3526 140 3588 so.)
173 3526 282 3579 Alienis
308 3528 407 3590 nadis‚·
432 3541 491 3576 non
515 3531 629 3579 centum
653 3527 748 3592 nodis,
773 3527 821 3578 sed
845 3528 964 3592 catenis²
988 3545 1055 3596 quas
1080 3529 1133 3579 cir·

39 3606 43 3615 “
93 3595 293 3649 cumlocutione
318 3595 495 3662 significauit,
519 3593 583 3660 quia
606 3603 669 3647 sunt
692 3604 807 3648 catenae
830 3597 896 3653 nodi
923 3596 1024 3662 plures.
1058 3597 1134 3666 [Qui-

91 3662 268 3717 dsmAeneis
285 3679 338 3734 pro
354 3664 455 3715 ferreis
473 3662 594 3725 tradunt,
611 3671 641 3712 ut
659 3666 693 3730 (7,
707 3665 794 3726 743,);
813 3667 899 3720 micat
917 3683 1021 3720 aeneus,
1039 3669 1133 3721 ensis:

91 3740 120 3787 et
134 3736 178 3800 (5,
194 3730 283 3793 774.):·
304 3731 395 3787 Aenea
421 3747 500 3800 quem
524 3731 670 3798 obliquum
696 3746 757 3786 rata
782 3731 921 3798 transila]
945 3760 979 3770 —
1015 3741 1076 3793 297.
1100 3734 1135 3784 Es

90 3799 173 3857 Maia
191 3801 338 3869 guaitam,-
356 3800 538 3854 Mercurium.
573 3800 611 3858 Et
624 3809 664 3854 est
679 3801 858 3872 Periphrasis.
894 3803 993 3860 Cicero
1007 3804 1037 3861 in
1054 3804 1136 3858 libris

90 3868 124 3922 de
141 3871 264 3924 dearum
280 3877 395 3934 natura,
420 3869 509 3939 plures
533 3867 601 3922 dicit
619 3886 675 3921 esse
695 3870 872 3929 Mercurios:
894 3871 943 3925 sed
969 3872 1136 3925 iudeorum

91 3940 200 4003 satione
220 3938 332 3990 sabariae
356 3938 511 4005 sequendae
530 3944 600 3988 sunt.
634 3938 708 3989 Nam
733 3938 834 3992 veritas
859 3941 1013 4007 ignoratur.
1050 3940 1137 3995 Simul

89 4005 181 4061 allusit
199 4011 298 4081 poeta,
315 4008 380 4080 quia
396 4025 448 4081 per
465 4005 677 4076 caduceatores,
693 4006 710 4059 i.
729 4026 754 4064 c.
770 4007 972 4075 mtetatmtios,
996 4027 1051 4082 pax
1067 4010 1137 4061 solet
