2454 4500
203 317 238 362 rs
259 280 422 399 alnou,
440 292 712 372 numerumn.
733 270 772 372 r,
796 295 989 366 err-oar.
1050 294 1114 360 ouo

80 488 188 551 optare
212 478 288 548 [sibi]
308 480 415 537 hiatum
438 495 494 533 non
518 488 608 548 potest
629 489 727 534 terrae.
775 479 865 529 [mern
887 484 981 530 autem
1001 486 1116 541 urrant,

85 551 242 621 prudenter
260 549 339 614 dixit,
363 566 434 616 quae
453 550 576 616 [sustinet
597 548 637 614 et]
659 547 895 601 coutinet'maria.
911 574 945 601 ,-
979 551 1040 602 om
1057 541 1116 594 mr:

87 621 221 683 ,cereseite
239 621 329 680 venti,
349 634 405 690 «pro
422 619 540 687 petentia
558 619 703 686 qualitate,
718 618 923 684 ,nonnunquam
940 614 1023 667 etiam
1040 627 1117 665 mora

90 687 198 738 videtur
216 702 273 739 esse
290 687 496 752 miseratio,·ut
511 687 564 737 hoc
580 686 647 739 loco.
681 688 750 739 Item
769 702 850 762 supra
868 689 902 749 (9,
919 684 1008 745 Mlti:
1024 680 1117 749 Figite

92 773 150 820 me,
169 757 195 804 si
214 773 267 822 qua
287 767 327 806 est
343 757 439 820 pietas.
475 755 658 822 [Miserescite
676 765 783 820 autem,
807 754 866 821 quis
883 759 947 803 ante
964 749 1056 806 bunc?
1080 749 1116 800 ab

91 838 125 875 eo
143 823 216 891 quod
233 832 273 875 est
290 826 435 878 miseresce
454 832 482 875 et
499 822 722 890 miserescimus]
734 850 766 866 v·
800 829 861 882 677.
876 821 992 872 Turnus
1010 820 1115 881 adoro,-

91 893 121 960 [i.
141 910 165 944 e.
189 892 262 945 ituta
285 899 404 957 ueteres,
428 892 474 959 qui
499 894 617 944 odorare
640 891 741 959 alloqui
759 891 901 954 dicebam,
925 905 992 940 nam
1009 888 1073 942 ideo
1090 894 1118 938 εἰ

92 961 195 1011 odorio
212 960 270 1012 laus
286 957 393 1021 bellice,
409 961 481 1027 quod
499 977 592 1017 omnes
606 977 673 1017 ,curn
691 959 925 1033 congratulatione
943 955 1120 1027 alloqueban-

90 1036 138 1081 tur
156 1045 220 1080 eum
237 1029 330 1095 quiin
347 1029 418 1080 bello
435 1029 543 1084 fortiter
560 1030 633 1082 fecit.
667 1030 718 1081 Alii
737 1030 839 1092 odoro,
863 1042 914 1095 pro
933 1045 998 1090 oro,
1021 1022 1062 1087 ut]
1080 1023 1118 1075 ad

91 1104 172 1148 vacat
189 1097 284 1161 (vacet)
309 1105 337 1148 et
360 1105 400 1148 est
424 1097 480 1160 (sit)
501 1099 583 1150 metri
607 1113 688 1153 ceusa
712 1098 844 1157 additum.
861 1122 896 1135 ·-
929 1101 992 1151 678.
1008 1092 1118 1159 Syrtes3
1185 1093 1189 1099 '

91 1164 142 1219 ubi
159 1180 274 1220 arenosa
291 1170 353 1216 sunt
369 1165 448 1235 loca,
473 1179 561 1235 syrtes
578 1174 716 1221 vocantur.
749 1166 825 1232 Ergo
850 1163 991 1216 immittite
1015 1178 1061 1216 me
1078 1159 1119 1217 ,ad

49 1288 60 1311 x
91 1249 172 1288 saeva
189 1233 257 1289 vade
273 1233 400 1302 syrtium:
423 1241 470 1286 aut
487 1234 673 1302 [adJarenosa
694 1234 768 1299 loca,
792 1240 840 1285 aut
861 1249 894 1284 re
917 1247 981 1282 veru
1004 1231 1039 1285 ud
1057 1228 1119 1298 Syr·

91 1309 149 1367 tes,
165 1301 183 1352 i.
201 1319 226 1357 e.
242 1300 278 1352 ad
294 1303 389 1353 mundi
407 1311 544 1368 extrema,
567 1319 622 1373 quo
638 1319 685 1353 me
701 1319 752 1356 neo
769 1303 844 1353 fame
861 1300 1022 1362 comitetur,
1047 1298 1083 1369 [t
1094 1314 1121 1353 e.
1183 1354 1184 1359 ,

91 1369 206 1421 ubime
222 1385 304 1421 nemo
322 1370 389 1422 sciat
405 1372 574 1428 desertorem
598 1369 674 1434 esse]
691 1397 726 1410 -—
758 1376 819 1428 661.
837 1368 974 1419 Murrone
999 1368 1118 1430 induam

92 1445 142 1492 aut
159 1434 374 1507 καταχρηστικῶς
391 1440 456 1493 dixit
473 1442 582 1504 induat,
597 1455 649 1511 pro
664 1440 760 1491 feriat:
777 1446 825 1490 aut
836 1438 983 1507 Hypallagu
1001 1443 1049 1499 est,
1066 1450 1117 1513 pro
1208 1444 1210 1453 ·

91 1522 256 1560 mucronem
279 1524 328 1561 auo
349 1506 443 1564 induat
466 1524 589 1576 corpore.
637 1507 665 1558 Si
689 1508 764 1561 enirn
788 1508 919 1573 induere,
942 1512 982 1557 est
1006 1511 1120 1560 vestiret
1211 1526 1214 1531 ¹

92 1589 151 1631 non
168 1591 305 1651 mucrone¹
317 1592 415 1646 eorpus
431 1576 567 1640 induitur,
588 1576 635 1628 sed
651 1576 773 1638 induitur
790 1592 888 1633 mucro
906 1588 1037 1642 corpore,
1059 1571 1078 1628 i.
1094 1589 1120 1625 a.
1162 1578 1168 1597 ⁴

91 1643 197 1709 tegitur
227 1652 254 1699 et
284 1645 403 1697 vestiar.
426 1671 460 1685 «-
514 1648 577 1703 682.
592 1640 595 1655 '
609 1634 645 1694 Ur
667 1645 748 1705 dunu
778 1644 933 1708 crudelem,
964 1648 1118 1695 cruentum.

93 1712 224 1779 [Erigon
248 1713 360 1766 aviditas
377 1713 450 1766 mori
468 1714 601 1783 cupientis
618 1729 647 1763 os
661 1712 789 1778 tendimn]
806 1739 840 1751 -
874 1718 935 1768 666.
951 1711 1048 1764 Animi
1066 1710 1118 1763 mi.

94 1795 205 1846 serata,·
231 1797 282 1850 pro
308 1784 404 1837 animo
430 1784 571 1836 miserata.
611 1781 683 1832 Nam
704 1781 821 1850 ligurine
842 1781 949 1835 locutus
972 1785 1028 1842 est,
1050 1777 1121 1829 sicut

93 1851 230 1912 (lt,19.):
250 1850 275 1901 Ο
292 1863 438 1920 praestans
456 1853 549 1905 animi
566 1852 694 1914 iuvenis,
711 1866 762 1919 pru
781 1851 893 1913 animo,
910 1856 937 1900 et
951 1843 1126 1921 [praestans]

94 1918 178 1971 illius
197 1921 251 1984 rei,
269 1919 286 1974 i,
306 1938 329 1973 e.
348 1920 399 1970 itta
418 1938 454 1970 re.
472 1946 507 1956 —
539 1924 600 1976 668.
617 1919 658 1967 Ad
673 1921 786 1981 urbem,⁸
804 1919 938 1970 Ardeam:
956 1926 983 1966 et
999 1915 1062 1979 ideo
1080 1915 1120 1968 aio

94 1985 192 2053 longe,
215 2005 250 2040 ne
268 2004 299 2039 ex
316 1987 469 2064 propinquo
486 1989 577 2038 statim
593 1987 711 2052 rediret,
735 1995 764 2039 et
786 1995 815 2037 ut
839 2002 903 2038 eum
926 1986 1039 2039 affectus
1055 1984 1122 2042 reti-

93 2064 174 2105 ne'ret
190 2056 319 2125 parentis.
336 2082 369 2093 -
403 2055 610 2117 6892At10vis
629 2059 733 2107 interea
752 2058 882 2116 monitis;
906 2053 924 2104 i.
941 2072 966 2105 e.
989 2053 1122 2117 novimus,

94 2123 260 2191 sacrilegum
277 2141 333 2176 esse
350 2123 534 2186 Mezentium3
560 2124 696 2192 [rrovimus
717 2123 837 2192 quoqu‘e]
854 2125 945 2180 lovem
970 2120 1054 2177 etiam
1078 2136 1123 2172 ex·

94 2191 237 2243 hortatum
255 2208 312 2245 esse
328 2193 396 2259 alios
413 2193 490 2257 deos,
506 2200 538 2243 ut
553 2210 569 2247 a
586 2193 658 2244 bello
676 2193 851 2251 desisterent:
870 2199 897 2242 et
913 2190 1008 2243 dixisse
1026 2187 1122 2255 (l·12.):
1204 2222 1220 2253 ,·

93 2259 154 2315 ,Rex
174 2261 299 2326 luppiter
316 2263 446 2314 omnibus
465 2263 552 2325 idem,
576 2261 714 2328 quomodo
738 2276 803 2330 ergo
828 2256 969 2330 procedit:
992 2257 1026 2311 Ar
1043 2258 1121 2310 lovis

96 2330 201 2383 interea
221 2330 358 2383 monitis?
382 2328 498 2386 dicimus
515 2329 606 2399 primo
622 2331 714 2384 lovem
729 2329 850 2382 iustitiae
866 2330 971 2391 favere,
987 2332 1044 2384 non
1061 2341 1123 2397 par·

93 2397 182 2451 tibus:
206 2398 278 2464 quod
302 2399 324 2451 si
341 2405 395 2463 est,
415 2399 475 2450 iure
493 2399 663 2454 Mezentium
679 2398 708 2448 in
726 2398 814 2452 Turni
830 2398 922 2451 locum
938 2394 1005 2451 ladit
1021 2391 1123 2459 venire,

95 2473 126 2514 ut
143 2466 245 2519 iustum
263 2468 398 2535 praelium
415 2468 574 2531 inveniatur,
594 2485 630 2519 ne
647 2483 701 2517 una
720 2482 783 2532 pura
801 2466 908 2534 penitus
924 2463 959 2515 sit
976 2483 991 2521 a
1009 2463 1122 2533 ducibus

94 2533 231 2586 destituta.
266 2533 345 2604 Quod
368 2532 461 2588 autem
485 2533 621 2604 dicit[ur]',
644 2537 807 2602 sacrilegum
825 2534 947 2602 Iuppiter
970 2533 1122 2587 admonere

96 2618 152 2653 non
171 2603 277 2655 debuit:
300 2621 356 2656 non
373 2605 504 2656 admonet
526 2611 556 2654 ut
572 2603 678 2665 vincat,
702 2604 749 2656 sed
774 2610 803 2652 ut
820 2602 903 2670 possit
919 2603 1019 2667 perire.
1053 2598 1124 2651 lllud

97 2670 182 2724 etiarn
205 2672 307 2727 trustra
330 2673 486 2740 quaeritur,
509 2671 743 2738 quemadmodum
765 2670 873 2721 numini
892 2671 1050 2736 ,sacrilegus
1074 2666 1122 2718 ob-

96 2746 252 2806 temperare
269 2742 396 2808 potuerit,
412 2755 477 2791 cum
494 2739 662 2793 Mezentium
678 2754 736 2788 non
753 2747 848 2805 aperte
864 2737 985 2808 Iuppiter
1004 2742 1124 2800 moneat,
1160 2744 1164 2758 ¹

97 2807 144 2857 sed
162 2815 190 2858 et
205 2808 310 2863 iniiciat
327 2808 381 2860 tale
399 2807 572 2857 desiderium.
606 2806 684 2857 Unde
709 2814 749 2858 est
771 2805 916 2874 (9,184.):
942 2806 1030 2860 Diine
1048 2804 1139 2859 huno'

73 2872 225 2926 *nidorem
250 2879 389 2927 mentibus
406 2877 528 2927 'addunt
545 2873 689 2941 Euryale?
719 2893 757 2930 an
788 2892 841 2928 sun
872 2878 973 2942 cuique
998 2877 1066 2926 deus
1084 2872 1124 2940 fit

98 2945 162 2994 dira
188 2943 312 3012 cupido?
336 2944 483 3008 ,Morum
506 2930 552 3007 hic
576 2942 680 2994 dativus
696 2945 770 3000 venit
793 2944 829 2995 eb
853 2959 885 2995 eo
904 2944 977 3013 quod
993 2953 1041 2994 'est
1057 2941 1124 2992 baec

100 3013 223 3077 monita,
247 3029 314 3067 nam
332 3022 360 3069 et
375 3013 426 3065 bos
445 3015 569 3066 monitus
587 3011 717 3074 dicimus;
741 3022 771 3065 nt
785 3011 892 3069 Persius
909 3016 952 3078 (1,
969 3012 1036 3072 93.):
1061 3009 1124 3061 Hos

98 3085 196 3148 pueris
215 3084 339 3137 munitus
362 3095 456 3147 patres
481 3081 631 3150 infundere
655 3082 754 3148 lippos,
788 3080 840 3135 sed
856 3099 873 3132 a
910 3089 988 3133 uarta
1005 3079 1124 3134 declina-

98 3151 188 3215 tione,
206 3168 258 3205 nec
275 3151 407 3219 singtdari
424 3150 513 3207 dativo
530 3150 650 3214 utimur,
674 3167 725 3201 nec
742 3148 848 3220 plurali.
882 3097 909 3206 ll

98 3236 165 3276 men
183 3229 223 3271 est
235 3219 270 3275 de
286 3219 328 3274 his
346 3236 415 3288 quae
431 3220 496 3271 licet
510 3218 647 3286 duplicem
664 3217 784 3271 habeant
796 3213 1124 3281 declinationem,.tamen

98 3288 234 3354 aliquibus
264 3305 361 3341 eorum
388 3288 495 3339 casibus
524 3280 638 3358 prbpter
662 3288 836 3353 asperitatem
861 3301 918 3338 non
948 3285 1065 3340 utimur:
1080 3284 1128 3333 'ut

101 3357 213 3423 laurur',
236 3359 382 3424 leurilrus,
405 3373 470 3413 cum
494 3363 522 3408 et
544 3355 632 3406 buius
657 3356 757 3412 laurus
781 3362 809 3407 ct
827 3355 860 3405 ab
885 3353 938 3410 bec
965 3355 1051 3407 lauru
1075 3351 1125 3420 (cl.

101 3425 201 3486 lauro)
224 3427 355 3482 dicamus.
380 3450 415 3465 ¹·-
461 3430 522 3484 691.
548 3424 728 3479 Concurrunt
752 3423 910 3491 Tyrrhenae
935 3426 1034 3486 ιιοιίεςΙ
1056 3437 1127 3488 quae

101 3494 256 3560 specialiter
280 3494 342 3547 odio
354 3493 490 3550 'Mezentii
512 3492 542 3544 iu
565 3493 670 3547 bellum
683 3493 816 3554 ruebant,
834 3517 867 3529 -
901 3496 962 3555 692.
979 3489 1050 3563 [Uni
1069 3490 1127 3542 odi·
1157 3550 1161 3561 Δ

102 3563 195 3627 isque;
218 3564 295 3615 bene
313 3563 448 3633 repetitur
472 3560 534 3626 uni,
556 3570 587 3612 ut
610 3561 735 3615 ostendat
751 3561 981 3629 conspirationem
999 3560 1128 3614 Etrusco·

909 3165 954 3200 am
971 3150 1057 3204 urium
1075 3162 1139 3199 no·-
1201 3168 1205 3174 ·

100 3647 165 3680 rum
189 3631 255 3684 olim
272 3631 411 3684 Mezentio
432 3627 613 3695 incumbere]
630 3655 664 3673 -·
698 3634 757 3692 d‘lt
776 3630 872 3691 Prodit
891 3632 922 3685 in
940 3645 1060 3696 aequor,
1085 3642 1129 3680 ex·
1164 3632 1171 3645 '
1215 3679 1220 3690 ⁴

100 3697 232 3758 tenditur,
265 3701 335 3751 Hinc
352 3699 485 3753 luvenalis
506 3700 574 3763 (1⁸2,
591 3701 664 3762 77.)r
690 3697 767 3764 Quae
792 3699 836 3764 (al.
853 3699 938 3764 quod)
961 3697 1023 3766 peta
1045 3715 1060 3756 ο
1085 3712 1129 3749 oc-

102 3780 221 3819 currunt
245 3770 350 3833 medio,
377 3769 511 3835 longeque
536 3768 699 3834 relinquunt
724 3769 845 3824 Italiam.
864 3793 898 3812 -a
938 3773 1000 3825 694.
1022 3716 1129 3829 dentur

102 3844 198 3886 contra
216 3837 334 3906 pelagus.
369 3837 441 3890 Nam
464 3835 568 3887 dativus
592 3844 639 3889 est.
656 3863 689 3873 -
725 3843 783 3895 695.
801 3834 878 3903 [Vim
903 3848 1047 3901 cunctam,
1070 3835 1089 3886 i.
1106 3850 1131 3885 e.

102 3903 273 3966 violentiam,
290 3902 448 3973 impetum}
482 3903 611 3970 certique
629 3907 782 3972 manirera
799 3905 869 3961 sicut
884 3905 1038 3961 Mezentius
1054 3903 1132 3954 odio·

101 3989 166 4023 rum
193 3982 221 4027 et
243 3973 361 4029 telorum
393 3974 476 4023 totius
500 3973 640 4024 exercitus.
663 3999 698 4017 -ι
743 3979 802 4031 697.
825 3973 980 4041 Fugucern,q
1010 3973 1131 4032 velocem

103 4042 201 4107 modo,
224 4041 278 4112 [vel
299 4040 475 4113 fugientem]
518 4039 660 4110 naengum
685 4054 870 4117 occupat-os,-
895 4059 946 4119 pro
968 4039 1075 4116 Latagi
1099 4040 1138 4096 ω’
1185 4090 1191 4109 Ι
