2454 4500
105 240 108 247 “
154 276 192 320 n
213 230 373 349 viuere.
396 257 568 363 renuo.
589 258 726 349 tutu,
748 264 902 333 rs—rs.
999 269 1055 335 es-

63 436 230 508 praestitisse.
264 438 302 491 Et
316 439 438 494 alterum
455 442 558 514 pendet
574 457 606 496 ex
625 443 725 496 utero:
743 442 876 496 meritum
892 442 1039 499 enimnon
1074 448 1077 455 '

77 524 108 560 ex
133 506 297 578 praestantis
323 509 457 562 beneficio
481 512 630 564 descendit.
654 538 688 551 -
729 519 772 584 7⁵·
797 509 918 564 Pulchra
940 515 1036 581 prole,

63 594 84 628 re
108 584 281 646 postremum
299 578 418 644 addidit,
443 582 647 650 propterquod
670 581 882 634 matrimonium
899 582 1037 635 contrahi·

76 646 285 715 ¹pulcherrimos
307 647 385 698 lilios.
420 649 464 711 Et)
500 651 571 701 mire
595 649 648 700 hoc
670 651 739 701 Iuno
764 649 869 701 Lucina
891 651 1037 721 promittit,

63 712 79 762 ti
95 730 154 764 non
169 715 204 765 ob
220 715 367 770 libidinem
382 716 500 770 offerat.
518 718 644 770 Notsnda
657 715 890 787 [tamen]iig1ua:
905 719 1036 786 frequen·

63 783 138 834 enim
161 782 214 834 huc
238 785 340 846 utitur;
362 802 431 836 usuu
448 787 521 855 quod
544 802 595 839 nos
618 805 669 858 per
693 786 842 856 genitivum
865 787 1036 863 singularem

63 867 132 916 nus,
150 852 256 922 antiqui
273 872 324 924 per
340 855 489 923 septinuun
507 855 643 907 dicebaut
677 856 713 907 Ut
729 855 782 906 hoc
800 853 875 922 loco,
891 869 1033 924 parentem

65 919 118 969 hra
136 922 228 987 prole,
244 921 262 972 i.
280 942 305 975 e.
322 923 453 994 pulchrae
473 924 563 992 prolis.
595 924 631 985 Et
647 921 809 994 simplicitet
824 924 1034 993 intelligendum
1062 983 1067 994 ,

71 998 170 1041 errant
185 1006 306 1059 namque
324 993 370 1060 qui
389 990 483 1042 dicunt
500 992 562 1044 ideo
580 991 699 1044 Pulchra
718 992 827 1056 dixisse,
851 1006 901 1063 pro
922 1001 964 1046 ter
981 992 1033 1045 Cu·

63 1074 98 1108 *m
117 1067 146 1112 et
161 1058 324 1114 Macareum
341 1060 370 1110 in
387 1077 416 1111 se
434 1060 554 1113 invicem
570 1062 741 1132 turpissimos
757 1062 864 1114 fratres.
930 1063 940 1113 i
957 1061 1033 1114 enim

63 1126 110 1177 ius
127 1127 205 1180 Aeoli
220 1127 271 1179 filii
287 1129 370 1181 fuisse
394 1139 550 1180 nsrnmtur.
567 1157 602 1166 —
637 1137 680 1188 76.
704 1124 807 1180 Aeolus
830 1129 912 1192 lmec;
934 1130 1033 1182 subau-

63 1197 147 1264 lisr't,
170 1196 244 1263 quod
262 1213 293 1247 en
310 1198 509 1266 posterioribus
526 1198 702 1266 intelligitur,
725 1206 757 1265 ut
773 1215 854 1268 supra
870 1199 1032 1252 notavimus.

63 1268 128 1331 ina;
153 1264 292 1317 inferioris
309 1282 442 1334 personne
458 1267 613 1335 reverentia
631 1275 685 1334 est,
708 1267 845 1320 maiorem
862 1268 968 1320 meritis
984 1285 1033 1339 op·

63 1352 117 1400 re,
146 1348 204 1384 non
234 1336 355 1386 nornine.
398 1339 503 1399 Contru
527 1336 640 1388 maioris
663 1343 718 1402 est,
748 1335 887 1389 minorem
917 1335 1032 1390 nomin·

63 1420 106 1452 rnr
124 1417 230 1454 vocare.
265 1402 405 1473 Quiordo
424 1420 480 1456 nen
497 1405 549 1455 nisi
567 1421 616 1474 per
640 1404 698 1457 indi
738 1405 860 1456 ationem
876 1404 1032 1477 corrumpi·

86 1479 118 1522 ut
141 1471 172 1520 in
194 1469 359 1522 duodecimo
383 1473 472 1542 Sages*
488 1473 518 1524 in
543 1474 671 1526 evtremis
710 1473 777 1524 ebus
801 1468 944 1539 Turnum,
973 1488 1030 1539 nou

63 1557 92 1591 m
109 1547 202 1590 vocat:
219 1546 250 1588 ut
267 1544 326 1606 (12,
343 1543 427 1600 652.):
443 1541 567 1609 linitque
586 1542 743 1607 implorans
762 1544 875 1594 nemine
890 1541 1028 1593 Turnum.

63 1609 124 1661 dibi
147 1609 182 1660 de
198 1607 323 1659 Aristaeo
341 1613 384 1675 (u.
402 1615 435 1675 4,
453 1610 537 1672 356,);
560 1611 595 1661 Et
619 1623 643 1661 te
662 1611 800 1663 crudelem
819 1613 931 1663 nomine
949 1611 1028 1663 dicit.

65 1695 110 1738 es;
135 1685 233 1748 optere
250 1693 307 1728 non
322 1685 432 1730 tuntum
449 1680 554 1747 eligere
571 1679 723 1751 significet,
745 1686 776 1730 ut
792 1679 859 1731 alibi
883 1685 926 1748 (3,
943 1677 1031 1741 109.)r

63 1750 155 1813 vitque
174 1747 266 1796 locum
286 1754 387 1812 regno3
412 1749 459 1800 sed
476 1748 562 1800 etium
578 1748 662 1812 velle,
680 1755 710 1798 ut
726 1748 780 1799 hoc
796 1747 871 1800 loco:
895 1750 964 1817 quid
982 1765 1031 1816 op-

72 1816 143 1886 quid
158 1815 238 1877 velis,
261 1814 381 1867 Lucilius
398 1819 428 1868 in
444 1819 501 1868 VL:
527 1818 595 1884 quid
614 1819 706 1884 ipsum
724 1816 823 1884 fucere
848 1816 944 1883 optes?
968 1816 987 1868 i.
1004 1828 1032 1868 e:

63 1923 65 1935 ,
101 1883 155 1935 Alii
174 1884 243 1949 quid
262 1896 352 1949 optes,
375 1885 441 1953 quid
458 1893 542 1956 petus.
577 1885 648 1937 Sane
665 1886 782 1943 servevit
799 1887 941 1945 ordinem
960 1900 1029 1938 notu

63 1953 213 2023 promittit,
236 1952 329 2003 stetim
351 1971 367 2004 a
384 1954 474 2025 primo
492 1953 615 2025 polliceri
632 1954 729 2018 debet;
751 1962 830 2027 post,
852 1954 875 2005 si
893 1971 948 2022 qua
964 1952 1030 2018 vult,

64 2031 89 2088 t,
115 2029 147 2072 ut
163 2020 271 2073 auditor
290 2023 476 2090 expectatione
493 2028 555 2074 nou
567 2023 705 2092 pendeat.)
720 2050 754 2060 -
788 2032 831 2084 77.
855 2020 1028 2091 Exploiarcp

66 2108 148 2143 erare
172 2092 227 2158 [et
240 2097 281 2141 est
304 2090 467 2157 infinitumJ:
496 2093 620 2163 superius
643 2108 765 2160 namque
789 2092 877 2144 nudto
918 2107 1029 2162 oposce·

64 2175 131 2210 uno,
165 2159 225 2208 Hoc
242 2175 308 2228 ergo
326 2159 405 2213 dicit:
429 2160 522 2211 Tuum
539 2169 581 2214 est
596 2161 765 2226 deliberare,
790 2161 857 2231 quid
873 2110 952 2222 velim
969 2164 1029 2227 (aut

63 2253 65 2277 i
83 2226 210 2297 operire,
226 2229 269 2279 vel
284 2244 415 2299 pensare,
440 2231 519 2296 quale
536 2231 572 2282 sit
588 2230 766 2283 desiderium.
796 2229 850 2282 Alii
873 2229 1039 2298 explorare,¹

77 2297 221 2354 animum,
237 2305 285 2346 aut
300 2306 377 2351 certe
396 2300 550 2367 explorare,
566 2299 728 2368 explanare3
745 2307 793 2348 out
810 2305 884 2352 certe
897 2305 1028 2362 statuere,

63 2381 176 2434 [equum
201 2363 251 2429 sit,
274 2366 348 2434 quod
371 2367 454 2436 petis:
484 2375 546 2418 tuus
578 2369 654 2420 enim
677 2367 723 2419 hic
746 2366 826 2417 labor
857 2366 914 2428 est.)
949 2362 1028 2417 Matr·

63 2454 72 2484 z
92 2448 235 2501 capessere
247 2433 300 2500 fas
318 2448 371 2499 est;
398 2432 557 2503 [capessere
574 2444 614 2488 est
630 2453 712 2507 saepe
730 2434 855 2505 cepere:]
878 2433 969 2502 figura
986 2439 1029 2486 est

63 2521 96 2568 es,
121 2518 193 2570 quae
218 2501 249 2550 fit
265 2507 479 2571 quotiescunque
503 2505 595 2556 minus
613 2505 745 2567 dicimus,
770 2510 799 2556 et
814 2503 873 2574 plus
889 2500 1026 2570 significas

68 2571 311 2642 percontrarium
333 2572 526 2640 intelligentes.
560 2574 597 2624 Ut
620 2574 673 2624 hoe
698 2572 777 2633 loco;
801 2587 869 2623 nam
890 2585 948 2626 nort
972 2570 1026 2623 ait:

69 2640 142 2694 mihi
159 2641 273 2706 implere
291 2658 361 2708 quae
379 2642 523 2712 praecipis,
539 2643 586 2696 sed
603 2644 681 2699 nefas
694 2648 735 2693 est
747 2656 804 2697 non
817 2640 943 2720 implere,
955 2655 1028 2708 quus

63 2711 108 2761 ris.
142 2710 216 2760 Item
233 2704 322 2775 [alibi]
344 2715 384 2776 (7,
401 2711 485 2774 261.):
508 2708 632 2762 Munera
657 2727 706 2763 nec
724 2727 839 2777 sperno,
861 2727 880 2765 r.
898 2726 922 2760 e.
937 2708 1026 2763 libeu-

63 2777 175 2847 iccipio.
209 2777 243 2844 [E
268 2780 407 2830 contrario
432 2787 526 2831 erdem
548 2776 627 2835 nefas
651 2779 722 2830 mihi
743 2779 837 2832 facere
860 2795 917 2831 nott
933 2773 1026 2842 iussu]

75 2846 231 2899 secundum
248 2864 289 2912 ea,
307 2863 377 2914 quae
395 2847 473 2899 aliter
491 2848 630 2912 dicuntur,
646 2849 728 2900 aliter
744 2847 902 2912 audiuntur,
919 2845 1025 2909 diottun

72 2914 170 2979 Mihi3
200 2931 266 2965 sane
289 2916 386 2967 idtima
407 2917 510 2982 spllubs
532 2917 648 2988 produci
663 2916 766 2972 debet:
794 2915 860 2985 quia
881 2916 936 2969 hoc
958 2930 1025 2968 cusu
1099 2980 1102 2985 ἱ

63 2985 85 3036 ia
102 2985 147 3035 vel
167 2984 281 3036 nomina
293 2985 336 3038 vel
353 2985 521 3054 pronomina
541 2985 584 3037 vel
596 2985 742 3056 participia
761 2985 791 3036 iu·
805 2985 903 3037 ultimo
920 2983 1026 3052 syllaba

63 3053 106 3106 uei
123 3051 245 3115 debent.)
261 3079 295 3090 -
329 3060 372 3111 78.
391 3053 434 3105 Τιι
454 3054 526 3105 mihi
543 3061 610 3115 etot
634 3054 696 3121 (hoc
714 3055 748 3106 ad
771 3044 839 3106 illud
863 3052 1025 3125 respondet:

65 3140 119 3190 que
151 3123 205 3172 citt
227 3121 335 3173 Divum
365 3136 443 3192 poter
474 3137 557 3192 atque
579 3122 726 3175 hominum
752 3122 824 3184 res.)
878 3122 922 3175 Tu
954 3119 1037 3189 mett,

65 3209 179 3259 cunque
208 3189 260 3242 hoc
292 3196 386 3258 regni3
416 3192 500 3245 rediit
529 3192 565 3246 ad
593 3191 736 3262 physicam
764 3191 911 3245 rationem,
951 3189 1026 3245 Nem

63 3278 81 3311 rs
107 3261 194 3325 aeris,
215 3258 233 3311 i.
251 3279 275 3312 e.
298 3260 423 3326 Iunonis,
447 3270 540 3314 ventos
557 3267 649 3325 creat,
674 3260 773 3329 quibus
792 3259 889 3314 Aeolus
906 3264 1025 3328 praeest.

63 3330 116 3382 udo
133 3338 231 3381 autem
249 3328 456 3396 Quodcunque,
479 3338 528 3381 eut
544 3329 696 3383 verecunde
713 3329 766 3393 eit,
787 3346 824 3382 ue
841 3328 963 3379 videntur
979 3343 1025 3381 ur·

63 3416 104 3452 us:
130 3403 189 3466 (aut
205 3398 269 3466 quie
285 3399 343 3468 ipse
361 3416 408 3452 rex
425 3399 475 3449 sub
491 3397 581 3450 alieno
605 3396 723 3467 imperio
741 3395 810 3457 estz)
834 3403 882 3448 aut
903 3394 1024 3452 latenter

63 3470 207 3521 eioeetur
223 3471 312 3536 po'e'to.
347 3467 413 3534 Quis
431 3466 506 3520 enirn
524 3475 614 3537 potest
629 3474 738 3532 ventos,
754 3465 773 3520 i.
790 3483 814 3520 e·
830 3481 893 3520 rem
908 3464 1024 3519 inanem
1091 3466 1093 3471 ’

63 3536 105 3588 ’el
123 3535 327 3606 (Quodcunque
341 3552 419 3604 ergo,
440 3537 514 3604 quod
527 3537 624 3587 clauso
641 3552 791 3604 regnorum
806 3550 914 3584 carcere
928 3551 1025 3602 regno,

65 3606 98 3657 in
123 3623 189 3658 mea
212 3621 298 3657 manu
322 3612 377 3669 est,
399 3605 452 3658 nisi
475 3605 548 3656 iusso
571 3612 665 3657 ventos
688 3602 835 3665 emittere.)
876 3602 1023 3670 lovemque

63 3677 148 3736 ilias3
172 3673 486 3746 hysteronproteromin
509 3690 597 3731 seusu.
632 3673 696 3730 Nou
720 3673 797 3726 enim
818 3673 941 3742 Iuppiter
957 3687 1024 3724 cou-

64 3762 99 3797 ur
123 3743 223 3810 Aeolo,
246 3743 295 3796 sed
318 3743 414 3799 Aeolus
436 3742 507 3807 Iovi,
536 3741 615 3824 quusi
637 3741 782 3813 superiori,
824 3740 1023 3796 Conciliantur

63 3831 83 3864 n
101 3813 181 3878 novi,
205 3814 427 3869 reconcilientur
449 3813 564 3881 antiquo
580 3837 614 3850 -
648 3815 691 3868 79.
717 3810 761 3862 Tu
784 3810 838 3862 das
859 3810 954 3876 epulis
978 3825 1023 3858 oe·

63 3901 120 3934 rere
135 3883 248 3948 divum‚·
267 3883 320 3934 hoo
334 3890 383 3947 est,
398 3890 429 3934 tu
441 3899 487 3934 me
500 3883 585 3938 deum
596 3877 673 3935 fecis.
701 3879 812 3952 Duplici
826 3878 901 3932 enim
914 3876 1022 3929 ratione

63 3970 97 4004 os
121 3951 241 4004 honores
264 3967 420 4016 meremur,
442 3952 558 4005 deartuu
581 3947 726 4018 coniugio,
754 3956 783 4002 et
813 3945 936 4000 convivio
958 3946 1022 3996 deo·

96 4019 225 4079 Unde-et
239 4018 270 4074 in
288 4018 424 4111 Bucolicis
438 4015 575 4091 [legimus]
593 4016 634 4091 (E.
653 4022 680 4086 4,
695 4016 764 4080 63·)=
786 4014 845 4072 Nec
863 4015 932 4068 deus
949 4012 1025 4068 lune
