2454 4500
101 144 122 168 tl

41 302 68 326 .,
137 226 174 326 2⁴
193 240 243 312 2.
398 256 538 341 snnvu
559 255 923 365 connsuramua

140 437 204 488 dem
221 453 271 509 pro
292 439 390 491 cattam
406 437 528 508 scripsit,
545 439 623 491 annis
640 437 789 511 undecim
806 439 856 493 aed
871 457 924 495 nee
942 437 1107 508 emendavit,
1123 440 1172 495 nie

141 506 234 559 edidit.
298 507 351 559 nde
376 525 439 560 eam
462 507 585 559 moriens
609 508 750 578 praecepit
780 509 899 563 incendi.
939 511 1077 577 Augustus
1099 525 1169 576 vero,

140 589 177 629 'ne
194 581 302 627 tantum
319 592 387 646 opus
404 576 517 645 periret,
533 575 656 627 Tuccam
674 585 703 628 et
714 579 819 627 Varum
836 577 889 628 hac
905 576 967 646 lege
985 578 1064 630 iussit
1081 595 1169 632 emen·

60 698 64 707 ¹
140 641 222 708 dare,
245 652 276 694 ut
298 643 440 717 superflua
463 644 623 706 demerent3
646 644 717 696 nihil
739 644 874 697 adderent
896 653 1000 699 tamen.
1041 647 1122 699 Unde
1143 651 1168 700 et

139 710 304 782 semiplenos
321 715 377 766 eius
394 713 547 764 invenimus
563 713 721 764 versiculos:
738 711 794 765 Hic
812 731 914 765 currus
927 713 1007 782 fain
1022 721 1051 766 et
1068 714 1167 783 aliquot

140 779 292 845 detractos,
318 789 349 832 ut
372 781 403 832 in
426 781 577 851 principi03
600 798 667 832 nam
684 782 719 833 ab
738 784 827 843 armis
844 799 900 834 non
918 783 1024 853 coepit,
1046 784 1096 834 sed
1118 783 1167 834 siet

140 847 193 899 lile
211 867 259 916 ego
278 860 325 901 ete.
344 876 379 888 -
395 875 431 888 ·-
453 848 567 900 Mariis.
600 849 637 899 Et
653 849 681 901 in
699 851 818 903 seeundo
836 849 919 917 (566.)
932 851 983 903 hos
998 867 1092 902 versus
1107 866 1166 902 coa·

141 925 195 969 stat
224 935 281 971 esse
312 919 466 970 detractos:
502 917 558 966 Aut
582 917 699 984 ignitus
725 937 810 987 aegra
835 921 939 970 dedere.
981 919 1096 986 Iamque
1119 927 1164 973 etc.

141 987 219 1054 (quos
234 984 419 1049 inveniemus,
436 1001 501 1035 cum
517 987 724 1056 pervenerimus
741 989 858 1040 aderam
874 986 983 1053 locum,
1000 989 1034 1040 de
1053 1004 1107 1054 quo
1123 960 1204 1061 ‹ie-³

140 1055 224 1107 uncti
248 1053 334 1118 sunt.)
376 1052 498 1123 [integri
520 1069 612 1105 >versus
635 1054 765 1122 leguntur
788 1056 818 1106 in
842 1054 921 1108 codd.
946 1056 979 1106 L.
1003 1058 1033 1107 V.
1050 1055 1085 1106 n
1108 1056 1204 1111 voa}

41 1184 44 1191 Ι
140 1122 318 1176 Guelf.1.11.
342 1120 445 1192 steph]
469 1148 505 1160 —·
538 1121 624 1174 Periit
646 1131 741 1174 etitem
764 1124 894 1188 Tarenti,
916 1124 947 1174 in
970 1124 1085 1194 Apuliae
1107 1123 1178 1175 civi--

140 1199 211 1244 tate:
234 1209 301 1244 nam
323 1189 391 1244 dum
407 1191 602 1260 Metapontum
618 1192 695 1261 cupit
711 1193 819 1258 videre,
844 1192 1028 1246 valetudinem
1050 1208 1085 1246 ex
1106 1190 1162 1245 sol‘n

60 1263 63 1276 “
142 1260 242 1312 ardore
264 1258 407 1312 convinit.
441 1259 566 1329 Sepultus
590 1267 631 1310 est
647 1268 740 1312 autem
755 1261 888 1331 Neapoli,
908 1260 939 1313 in
961 1261 1038 1312 cuius
1061 1259 1162 1312 timulo

142 1327 177 1381 ab
193 1325 253 1388 ioso
269 1329 452 1398 compositum
470 1334 510 1380 est
524 1327 581 1380 tale
597 1327 746 1405 distichon:
770 1331 892 1382 Mantua
912 1345 953 1379 me
976 1331 1092 1396 genuit,
1118 1327 1163 1380 Ca·

142 1397 217 1448 labri
242 1415 374 1464 rapuere,
400 1407 471 1448 tenet
495 1410 571 1446 nuno
596 1394 772 1466 Parthenope.
817 1398 915 1450 Casini
936 1415 1061 1466 pascuo,
1089 1414 1161 1461 rure,

139 1456 234 1517 duces.
271 1465 377 1516 Titulus
400 1473 442 1519 est
458 1464 573 1530 Aeneis,
597 1463 778 1517 derivativum
801 1485 906 1520 nornen
923 1467 958 1519 ab
974 1468 1082 1532 Aenea,
1105 1473 1166 1519 uta·

143 1533 246 1586 Theseo
272 1533 393 1586 Theseis.
434 1532 478 1584 Sic
506 1532 640 1584 Iuvenalis
663 1539 713 1600 (1,
731 1534 787 1598 2.):
814 1534 936 1587 Vocatus
960 1538 1063 1587 totiens
1088 1530 1163 1588 raud

143 1603 276 1654 Theseide
304 1603 398 1653 Codri.
448 1601 571 1669 Qualitas
600 1602 730 1654 carminis
754 1610 846 1675 patet:
875 1621 943 1657 nam
974 1611 1014 1655 est
1044 1609 1162 1657 mettim

140 1670 290 1725 Heroicum
307 1671 415 1740 (Guelf.
431 1669 452 1720 I.
469 1670 531 1722 add.
549 1682 575 1720 et
592 1687 679 1722 senon
697 1672 740 1722 vel
759 1675 863 1724 micton
882 1674 932 1725 ubi
949 1671 1025 1738 etc),
1047 1680 1078 1724 et
1093 1679 1163 1725 actu

131 1740 254 1800 ‘mirtus3
279 1739 329 1791 ubi
354 1747 382 1790 et
405 1739 489 1791 Poeta
519 1737 657 1806 loquitur,
681 1748 709 1793 et
732 1741 799 1792 alios
816 1742 921 1793 inducit
937 1741 1087 1808 loquentes.
1120 1739 1180 1811 re,

140 1815 235 1862 autem
249 1806 415 1872 Heroicum,
438 1805 512 1876 quod
528 1815 636 1863 constat
658 1824 689 1861 ex
713 1808 809 1860 divinis
832 1809 1014 1877 humanisque
1036 1805 1164 1879 personia,

142 1879 285 1929 continens
301 1893 367 1929 vera
383 1884 448 1926 oum
465 1873 548 1938 fictis3
572 1893 639 1928 nam
655 1879 778 1929 Aeneam
795 1878 830 1929 ad
846 1879 956 1931 Italiam
972 1877 1095 1943 venisse,
1111 1890 1178 1927 ma·

141 1945 273 1999 nifastum
290 1953 338 1996 est.
372 1945 509 1996 Venerem
529 1960 592 1995 vero
610 1945 730 1996 locutam
748 1963 813 1997 cum
829 1947 906 2013 Iove,
929 1946 1078 1998 missumve
1094 1945 1163 1997 Mer·

141 2014 265 2078 curiiun,
288 2020 395 2064 constat
417 2029 476 2064 esse
499 2013 689 2082 compositum.
737 2013 786 2065 Est
809 2023 903 2068 autern
930 2014 1006 2066 stilus
1029 2011 1169 2082 grandiloq

141 2097 225 2155 quus,
248 2081 296 2150 qui
319 2087 425 2133 constat
447 2080 503 2132 alto
513 2097 664 2149 sermone,
689 2083 853 2152 magnisque
877 2081 1027 2141 sententiis.
1062 2082 1162 2135 Scimus

142 2152 232 2215 enim,
247 2150 303 2201 tria
318 2166 376 2202 esse
392 2165 495 2218 genera
512 2146 635 2202 dicendi:
651 2149 773 2218 humile,
784 2151 929 2216 -mediunr,
946 2149 1161 2221 grandiloquum.

140 2219 259 2275 intentio
276 2217 383 2286 Virgilii
406 2217 476 2270 haec
500 2225 556 2284 est,
579 2218 735 2271 Homerum
751 2220 874 2287 imitari,
898 2229 926 2274 et
941 2226 1097 2286 Augustum
1111 2217 1166 2270 lan

141 2291 209 2342 dare
226 2287 427 2357 aparentibus.
461 2285 589 2353 Namque
613 2294 653 2338 est
676 2289 829 2355 (Augustus)
851 2289 930 2341 filiusi
945 2289 1038 2353 Atiae,
1061 2289 1102 2355 (V.
1119 2285 1163 2336 Aa·

142 2362 220 2419 eine,
238 2355 269 2406 L.
287 2355 377 2426 Steph.
395 2355 507 2425 Arriae,
532 2353 623 2406 Guelf.
639 2355 660 2406 1.
676 2359 764 2420 atcie,
783 2357 817 2407 R.
834 2357 922 2409 Guels.
941 2358 974 2408 Π.
991 2355 1074 2427 sarie)
1098 2364 1165 2476 quet

140 2435 206 2483 nata
230 2429 271 2476 est
293 2424 327 2475 de
349 2422 432 2485 Iulia,
455 2438 550 2474 sorore
568 2423 707 2476 Caesaris:
730 2425 778 2476 Iul.
802 2432 896 2481 autern
913 2425 1015 2478 Caesar
1041 2423 1077 2476 ab
1116 2422 1184 2487 ulo,¹

140 2496 198 2551 filio
215 2494 336 2557 Aeneae,
362 2491 499 2558 originem
516 2490 607 2556 ducit,
630 2498 661 2542 ut
677 2492 825 2546 confirmat
840 2496 898 2566 ipse
914 2492 1057 2561 Virgilius,
1074 2488 1166 2545 diceut'
1202 2536 1204 2541 .

140 2564 183 2631 (1,
200 2561 283 2623 288.):
307 2560 329 2611 A
348 2576 449 2627 magno
469 2561 620 2609 demissum
646 2577 747 2612 nomen
764 2561 836 2614 Iulo.
878 2562 920 2614 De
942 2577 1061 2614 numero
1084 2559 1164 2613 libro·
1188 2576 1204 2637 ἰ

140 2647 206 2688 rum
229 2629 303 2680 anilla
326 2627 372 2681 hic
396 2629 521 2694 quaestio
545 2635 599 2693 est,
622 2627 687 2681 licet
709 2628 740 2681 in
755 2631 815 2683 aliis
831 2628 984 2683 inveniatur
1001 2628 1164 2683 auctorita.
1189 2664 1204 2705 ξ

141 2701 214 2753 Nam
230 2697 356 2750 Plautum
379 2695 426 2748 alii
442 2695 537 2749 dicunt
552 2696 648 2764 viginti
674 2704 702 2749 et
717 2713 804 2751 unam
820 2698 926 2751 fabulas
943 2699 995 2750 scri
1016 2699 1098 2764 sisse,
1120 2690 1164 2749 alii
1177 2700 1204 2775 ἐ

141 2770 213 2833 XL,
235 2765 283 2817 alii
306 2765 336 2816 C.
372 2764 448 2816 Ordo
473 2780 582 2833 quoque
606 2765 768 2818 manifestus
785 2776 840 2830 est;
862 2767 927 2819 licet
943 2718 1057 2834 quidam
1073 2783 1106 2818 su
1190 2794 1193 2801 ·

140 2836 197 2889 ilue
215 2835 320 2899 dicant,
342 2834 494 2885 secundum
510 2833 633 2904 primum
650 2850 722 2899 esse,
745 2838 860 2888 tertium
876 2834 1043 2901 secundum,
1066 2843 1130 2906 etp
1187 2808 1204 2889 i.

140 2917 220 2958 mum
240 2903 369 2955 tertium:
398 2901 476 2964 ideo,
507 2902 571 2955 uina
595 2904 688 2971 primo
710 2902 791 2955 Ilium
814 2903 948 2964 conoidit;
977 2900 1163 2974 posterravit
1189 2902 1193 2915 '

140 2976 257 3034 Aeneas3
280 2971 345 3025 inde
367 2968 402 3042 μᾶ
419 2969 533 3021 Didonis
555 2985 643 3040 regna
666 2973 804 3051 pervenit:
824 2974 990 3037 nescientes,
1011 2971 1085 3025 hanc
1108 2984 1163 3024 esse
1188 2924 1204 3023 i

140 3051 231 3094 artem
246 3041 399 3112 poeticam,
422 3046 486 3090 uta
502 3037 602 3089 mediis
617 3039 782 3109 incipientes
798 3059 851 3112 per
867 3040 1057 3093 narrationem
1074 3040 1163 3112 prima
1184 3026 1204 3119 ’ᾗ

139 3111 288 3164 reddamus
305 3109 343 3174 (F.
361 3108 396 3159 ad
412 3107 503 3177 prima
519 3105 690 3171 redeamus),
714 3116 741 3159 et
757 3125 957 3178 nonnunquam
973 3111 1068 3162 sutura
1085 3124 1162 3181 prae·
1189 3126 1204 3181 ἱ,

140 3195 319 3250 occupemus,
336 3185 367 3229 ut
382 3193 432 3246 per
445 3174 679 3226 vaticinationem:
697 3177 869 3244 quodetiam
882 3178 1012 3244 Horatius
1030 3180 1069 3230 sio
1086 3191 1163 3249 prae-
1181 3196 1204 3245 j„

140 3248 207 3320 cipit
229 3249 259 3300 in
275 3249 341 3298 Arte
364 3241 612 3361 po'e'ticaqdicens]¹
628 3243 705 3311 (43.):
742 3245 778 3295 Ur
803 3249 859 3296 iam
885 3262 961 3296 nune
984 3246 1079 3310 dicat,
1105 3247 1161 3307 ierit

142 3332 218 3366 nunc
243 3315 369 3367 debentia
394 3314 452 3365 diei
498 3315 609 3383 leroque
634 3312 765 3382 differat,
792 3326 817 3365 et
841 3330 973 3383 praesens
999 3316 1031 3364 in
1055 3326 1160 3382 ternpus

142 3388 258 3436 omittat.
294 3383 372 3435 Unde
396 3389 503 3434 constat
525 3383 614 3452 perite
638 3381 736 3434 fecisse
760 3382 914 3451 Virgilium.
953 3381 1017 3434 Sola
1039 3399 1072 3435 su
1108 3386 1171 3435 reet-

130 3449 308 3522 'erplanatim
339 3467 409 3519 quae
438 3450 467 3503 in
498 3450 622 3517 sequenti
651 3451 816 3532 expositione
853 3449 1025 3522 probabitur.
1123 3464 1162 3514 ae,
1186 3462 1191 3507 ξ

139 3530 272 3591 qiiantum
290 3516 324 3571 ad
340 3519 491 3570 Aeneidem
507 3517 641 3586 pertinet,
655 3519 760 3573 ,d1x1ssa
785 3519 915 3573 sufficiat:
938 3535 1005 3570 narn
1022 3517 1162 3585 Bucolico·

139 3607 203 3643 rum
227 3598 254 3641 et
278 3587 480 3656 Georgienrvun
503 3586 556 3638 alia
579 3585 651 3638 ratio
676 3595 723 3640 est.
770 3586 917 3640 Sciendum
945 3594 1091 3657 praeterea
1113 3592 1162 3651 eet,

139 3658 226 3726 quod,
248 3656 317 3708 sicut
333 3671 406 3708 nunc
424 3653 641 3721 dicturirthema
655 3656 849 3727 proponimus,
870 3657 909 3709 ita
926 3662 1032 3707 veteres
1048 3654 1161 3726 hrcipie·

139 3727 206 3779 bant
223 3722 336 3776 carmen
358 3740 375 3775 a
399 3724 477 3774 titulo
495 3721 625 3773 carminis
649 3723 705 3788 sui,
730 3732 759 3775 ut
782 3733 862 3796 puta:
902 3723 987 3774 Arma
1013 3724 1162 3790 virumque

138 3812 216 3847 aeno.
251 3792 389 3845 Lucanus:
408 3792 484 3842 Belle
502 3808 550 3858 per
561 3789 707 3841 Emathios
725 3793 798 3860 (plus
812 3810 894 3861 quom
910 3791 1010 3843 ciuilia
1028 3789 1170 3860 tempori.
1197 3838 1204 3847 .

136 3860 247 3918 Statius:
264 3858 416 3912 Fraternas
434 3862 508 3913 acies
526 3860 689 3925 alternaque
707 3878 794 3929 regno
810 3861 951 3933 profanis.

551 4020 733 4038 -u-——d-n
