2454 4500
121 298 160 342 m
182 242 340 366 urion.
364 264 533 345 neutro.
557 281 635 344 ua.
658 282 717 361 ut,
738 287 933 353 rot—ns.
986 288 1052 355 ets
1139 250 1142 254 ⁵

53 461 154 516 eliores.
200 463 320 532 Quidam
337 471 430 518 antem
447 464 543 517 dicunt
558 466 699 519 Heronem
715 441 943 536 Agrigesitinum,
958 467 1000 522 vel
1016 476 1048 520 ut

54 533 63 582 i
83 533 183 584 ferunt
226 532 359 600 'onyeium
381 541 530 601 tyrannum
546 534 652 588 Siciliae
677 551 760 604 equos
784 537 819 589 ad
841 551 945 605 agones
961 536 1047 589 Elidis

54 603 176 670 ympicoe
191 600 296 652 duxisse
334 609 362 653 et
378 616 474 654 amnes
491 599 603 666 vicisse]
619 631 654 641 -
688 611 749 661 705.
768 603 896 656 Palmora
913 605 1044 670 Selinus,
1118 616 1121 623 “

54 669 107 719 itas
124 666 191 737 [est]
207 666 281 721 iuxta
297 637 457 737 linteum,
480 670 621 722 abtmdans
638 671 737 744 palmis
754 672 865 741 [quibus
881 673 1045 739 vescuntur,]

60 735 139 806 apio:
160 734 284 804 [Ilissos
299 739 375 791 enim
391 745 484 805 apium
503 739 611 791 dicittu.
644 743 685 791 Au
702 741 830 806 palmosa
849 741 884 793 ab
901 741 978 808 equis
995 756 1045 792 no·

54 801 135 855 ibus?
151 831 185 841 —
220 813 280 863 tct-
304 805 388 857 Saxis
411 804 542 874 Lilybeia
568 812 673 872 coecis,·
700 825 763 861 vere
786 810 866 874 dixit,
893 825 959 860 riom
981 808 1045 861 litus

54 872 209 938 lybetanum
226 882 326 926 natura
343 876 355 905 *
372 874 490 926 liberum
516 877 688 942 (natinaliter
711 879 786 938 cum)
809 877 890 943 saxis,
914 878 991 946 qrtasi
1009 876 1043 929 de

54 940 150 993 butria
172 949 358 993 constructum
380 952 429 994 est.
464 943 533 995 Sane
557 945 709 996 notandtnn
727 947 853 998 omnium
877 945 962 997 trium
979 959 1043 1017 pro-

54 1010 218 1061 rasoriorum
236 1009 344 1063 Siciliae
367 1013 469 1063 iactam
488 1014 674 1077 mentionem,
697 1021 728 1063 ut
745 1013 841 1081 (687.):
865 1014 933 1064 Ecce
950 1025 1043 1064 autem

57 1094 120 1128 reas
145 1091 267 1146 angusta
292 1096 309 1131 a
335 1081 397 1130 sede
423 1079 520 1132 Pelori.
562 1081 604 1130 Eu
621 1080 728 1146 (699,)τ
760 1080 937 1149 Proiectaque
971 1099 1042 1133 saxa

56 1144 149 1212 cleyni.
179 1146 216 1197 Et
228 1147 384 1199 biornodo:
400 1146 484 1199 «Saxis
497 1147 627 1216 Lilybeia
646 1147 756 1212 coecis]
767 1177 802 1188 —
836 1159 897 1211 707.
914 1150 1044 1219 Drepani

54 1226 129 1279 rtus;
154 1214 319 1282 Drepanum
343 1216 436 1266 civitas
460 1227 499 1268 est
523 1235 580 1268 non
602 1217 717 1285 longer
736 1218 1043 1288 monteEryce1codd.

55 1281 125 1351 iso),
154 1291 229 1334 trans
253 1282 411 1351 Lilpbeum,
443 1285 516 1337 dicta
539 1284 583 1338 vel
610 1294 724 1353 propter
749 1295 924 1337 curvaturam
947 1287 1045 1350 litoris,

60 1365 115 1418 qno
140 1352 192 1403 sita
216 1359 271 1416 est,
295 1353 336 1404 vel
353 1354 426 1420 quod
443 1355 574 1405 Saeturnus
596 1362 658 1421 post
682 1362 824 1423 amputata
848 1355 936 1407 virilia
955 1355 1041 1409 Coelo

54 1418 87 1470 tri
109 1419 175 1471 illuc
198 1420 299 1473 sulcem
325 1421 456 1489 proiecit,
479 1437 549 1490 quae
567 1423 674 1475 Graece
691 1419 821 1492 desineres
838 1424 951 1475 dicitur:
969 1422 1044 1493 quod

54 1487 161 1540 :tsimile
183 1497 295 1557 putatur
321 1498 436 1562 propter
459 1490 625 1540 viduitatem
648 1491 743 1559 Erycis
766 1493 918 1546 consecrati
935 1491 1045 1557 Veneri,

54 1573 84 1608 ae
107 1555 209 1608 dicitur
233 1565 298 1610 neta
324 1575 353 1610 ex
372 1558 450 1609 Coeli
474 1575 589 1622 cruore,
613 1567 642 1609 et
664 1576 761 1628 spuma
786 1561 878 1612 maris.
911 1559 1044 1627 [Quidam

55 1642 150 1691 epona
168 1625 272 1676 dictum
297 1626 389 1677 volunt
412 1627 515 1677 aialte
533 1627 657 1690 Cereris,
680 1645 764 1696 quiam
788 1629 843 1693 ibi,
866 1644 930 1678 cum
954 1629 1069 1680 liliam-
1108 1650 1111 1655 ¹

54 1709 90 1745 un
105 1693 301 1764 Proserpinam
319 1705 478 1762 quaereret,
503 1694 603 1745 amisit.
636 1692 706 1747 Cato
722 1696 865 1766 pluraliter
888 1696 955 1746 baec
973 1696 1043 1747 Dre-

55 1778 88 1811 na
112 1760 205 1827 dicit]
246 1763 431 1825 illaetabilis,·
456 1770 569 1832 propter
592 1763 676 1832 patris
700 1765 885 1816 amissionem.
908 1789 944 1802 ·-
979 1770 1040 1821 70&

55 1832 115 1896 rtis,·
131 1831 286 1896 transactis,
301 1830 343 1883 vel
359 1831 497 1898 quomodo
516 1833 658 1882 mensibus
677 1835 755 1884 actis.
775 1860 808 1870 -
843 1839 904 1890 711.
923 1831 1042 1883 Festum

55 1901 133 1963 seris,
159 1905 288 1970 utsupra
306 1905 347 1964 (1,
366 1900 438 1960 2137.)
462 1899 591 1963 diximus,
613 1902 765 1952 secumdum
783 1900 935 1970 Virgilium.
968 1901 1042 1951 Nam
1066 1910 1069 1917 '
1107 1900 1114 1909 ’

55 1975 80 2018 to
98 1981 165 2020 eum
182 1967 228 2034 [in
248 1966 419 2035 Originibus]
443 1968 477 2018 ad
495 1967 601 2019 ltaliam
618 1969 722 2021 venisse
740 1970 834 2034 docet,
858 1969 930 2021 unde
955 1969 1042 2021 ctiam

58 2043 133 2088 sexto
151 2035 233 2100 (718.)
255 2036 322 2098 illud
345 2035 525 2102 amphibolon
551 2043 606 2087 est:
628 2034 692 2102 Quo
718 2041 810 2106 magis
829 2038 914 2089 Italia
933 2053 1040 2087 meeum

56 2116 112 2155 tere
131 2116 247 2170 reperta.
280 2105 370 2172 [Nam
393 2112 421 2155 et
444 2111 505 2173 post
522 2104 650 2154 Latinum
669 2106 849 2175 Turnumque
867 2113 895 2158 et
910 2109 1041 2157 Amatam

55 2173 111 2224 itur
129 2173 279 2225 excessisse.
321 2172 374 2224 Sed
398 2172 469 2223 bene
487 2172 531 2222 bie
548 2173 733 2239 subtrahitur,
757 2193 792 2226 ne
815 2190 913 2244 partim
939 2173 1041 2225 decoro

55 2241 100 2293 ori
116 2239 232 2292 intersit
269 2239 417 2307 Quaeritur
434 2258 499 2292 sane
523 2257 573 2292 cur
590 2240 648 2292 sine
665 2242 719 2293 ulla
736 2243 918 2309 descriptione
935 2242 1040 2294 funeris
1124 2276 1125 2283 κ

55 2311 97 2360 ris
120 2309 317 2377 praeterierit?
341 2317 389 2358 aut
413 2310 476 2376 quia
500 2309 529 2360 in
553 2325 576 2358 v.
599 2309 719 2361 dicturus
744 2318 800 2375 est,
824 2319 851 2364 et
874 2310 916 2362 bis
940 2310 1038 2362 eadem

55 2395 107 2431 ere
124 2377 263 2439 vitaverit,
287 2385 335 2428 aut
351 2377 427 2444 quia.
453 2378 523 2428 sicut
539 2376 642 2428 dictum
661 2385 701 2430 est
707 2416 715 2444 ,
732 2380 860 2432 Anchises
877 2379 912 2431 ad
928 2377 1038 2430 Italiam

55 2463 73 2496 n
96 2445 156 2499 filio
178 2444 322 2516 pervenit]
339 2472 372 2482 -
413 2451 474 2501 712.
498 2444 555 2496 Nec
579 2459 656 2496 vates
680 2446 820 2512 Helenus,¹
847 2448 911 2516 quia
934 2445 1041 2499 dixerat

56 2514 108 2576 9.):
134 2510 282 2566 Prohibent
309 2532 373 2563 nam
400 2527 488 2564 cetera
512 2530 613 2581 parcae
638 2514 729 2580 Scire,
752 2515 889 2567 Helenum
907 2516 1039 2585 [farique

55 2581 104 2646 ab]
117 2610 153 2620 -
186 2589 247 2640 715.
266 2581 331 2634 Non
350 2585 413 2632 cliro
433 2583 566 2644 Celaeno,·
585 2599 655 2649 qliae
671 2585 714 2636 vel
729 2584 800 2637 irate
816 2585 911 2636 debuit
927 2584 1039 2636 adversa

59 2651 181 2703 edicere.
214 2652 251 2702 Et
267 2651 340 2703 bona
359 2651 461 2718 pietate
478 2660 599 2701 mortem
616 2652 700 2721 patris
717 2653 872 2720 graviorem
889 2652 955 2704 dicit
972 2668 1037 2717 esse,

55 2736 95 2773 tm
111 2721 223 2772 famem.
243 2745 277 2756 -·
311 2724 372 2777 714.
392 2718 447 2768 Hic
472 2721 553 2770 labor
576 2732 729 2784 extremus;
755 2720 824 2790 [aut]
846 2722 918 2791 apud
934 2721 1040 2791 Drepa-

56 2806 86 2840 n.
123 2791 187 2858 [Aut
204 2801 357 2853 extremus,
380 2788 563 2850 saeuissimus,
588 2789 652 2854 quia
668 2789 759 2840 statim
776 2790 931 2861 tempestati
948 2805 1041 2841 saera·
1073 2814 1076 2819 ’

68 2864 118 2910 est
157 2857 191 2907 Et
207 2857 279 2910 bene
296 2858 330 2908 de
347 2859 404 2926 ipsu
421 2863 585 2923 tempestate
601 2858 701 2922 tacuit,
724 2859 789 2926 quia
806 2858 933 2910 llioneus
956 2868 1039 2925 snpra

55 2932 116 2978 erat
134 2930 169 2992 (1,
186 2925 269 2987 535.):
288 2925 356 2975 Cum
376 2927 468 2976 subito
488 2926 645 2990 adsurgens
656 2927 751 2993 fluctu
771 2928 916 2978 nimbosus
935 2925 1037 2991 Orion,

60 2995 137 3046 vada
157 3010 236 3045 coeca
257 2992 341 3058 tulit]
354 3020 387 3029 -
422 3000 482 3049 715.
501 2993 580 3043 Deus
598 2995 711 3059 appulit=
724 2996 799 3065 opis5
817 2996 889 3063 [tulit
901 2994 1040 3046 voluntate

64 3061 93 3129 ‚J
115 3063 188 3115 bene
210 3062 441 3121 se.conuueudat
457 3062 573 3127 Didoni,
596 3063 702 3124 dicens,
727 3079 756 3115 se
781 3064 815 3114 ad
840 3079 902 3116 eum
919 3063 1037 3114 deorum

56 3139 150 3183 untate
168 3132 280 3183 venisse.
314 3133 395 3198 [Sane
420 3146 475 3181 nrm
493 3131 559 3182 dixit
575 3131 634 3198 quis
652 3131 731 3196 deus,
755 3131 867 3184 ut‘alibi
890 3130 1037 3196 (1,199.):
1096 3162 1101 3183 ι

59 3203 101 3251 bit
119 3201 189 3250 deus
206 3201 251 3250 bis
270 3217 378 3266 quoque
391 3198 488 3266 finem.
507 3215 541 3236 -’
576 3205 636 3255 716.
657 3198 735 3249 Uerres
743 3223 751 3262 ,·
769 3217 824 3250 non
842 3198 1034 3266 interpellante

56 3271 109 3332 ‚ina
125 3267 406 3337 interrogationibus]
424 3294 457 3304 -
490 3275 550 3324 717.
568 3267 637 3316 Fata
656 3269 768 3331 divum
791 3285 860 3337 quae
883 3267 921 3337 dii
947 3266 1038 3318 homi·

59 3356 91 3388 us
107 3338 241 3389 tribuunt.
277 3333 470 3400 lienarrabat;
495 3334 939 3403 [atttJRevscat,ut(a1,1181:
964 3334 1036 3386 Con-

56 3409 76 3457 ·1'
100 3409 199 3472 possit.
241 3408 311 3474 [Aut
334 3414 462 3475 apparet,
485 3407 595 3456 Aenean
619 3414 682 3457 ante
706 3405 740 3458 de
764 3406 818 3455 suis
842 3403 948 3454 casibus
971 3420 1037 3455 cnm

56 3478 120 3528 lone
138 3476 250 3526 confuse
266 3475 403 3537 loentum,
427 3481 454 3525 et
478 3474 539 3524 ideo
561 3474 607 3525 hic
625 3473 727 3525 eddidit
744 3474 936 3538 Renarrobat,
958 3472 1036 3542 quasi

56 3564 82 3598 te
107 3545 215 3595 dixerat
238 3550 334 3607 antea,
360 3557 433 3593 nunc
458 3558 488 3592 ex
511 3542 606 3594 ordine
631 3543 790 3605 referebat,
807 3541 880 3609 qttod
904 3547 981 3592 sictut
1004 3541 1034 3593 in

56 3630 101 3664 mo
127 3612 226 3680 (753.):
249 3613 336 3662 inimo
363 3628 413 3676 nge
438 3622 462 3660 et
488 3628 504 3659 a
521 3614 611 3676 prima
631 3612 674 3660 dic
691 3611 790 3677 bospes
807 3611 917 3677 origine
936 3607 1036 3674 nobis]

56 3703 82 3735 se
106 3683 136 3733 in
160 3680 273 3732 secundi
296 3679 433 3749 principio
458 3679 511 3728 duo
536 3688 598 3730 sunt
620 3696 766 3731 versusex
789 3694 905 3746 persona
929 3683 1036 3761 podiae,

56 3760 82 3802 st
105 3751 152 3802 hic
177 3756 245 3814 tres,
269 3757 296 3800 et
312 3748 407 3800 similis
425 3755 464 3803 cst
485 3747 546 3799 sinis
563 3749 649 3799 initio.
666 3775 698 3783 —
732 3753 792 3804 718.
813 3747 954 3798 Conticuit
972 3760 1034 3798 tan-

56 3839 89 3886 n;
124 3818 302 3883 ut(2,1.):
333 3817 495 3868 Conticuere
520 3835 620 3868 ornnes,
663 3815 798 3879 l‘andem5
829 3815 1037 3867 diuturnitatem

56 3891 153 3942 rantis
170 3888 305 3956 expressit.
341 3886 499 3935 Notandum
517 3903 596 3950 sane,
619 3886 679 3951 quis
696 3885 942 3936 controversiarum
959 3900 1037 3936 mose

56 3960 136 4030 logos
166 3956 241 4008 dedit
265 3973 308 4007 sex
336 3953 392 4004 istis
416 3953 552 4023 prioribus
575 3954 669 4006 libris:
694 3968 760 4021 quos
790 3961 818 4005 et
840 3970 898 4005 esse
922 3953 1036 4003 bioticos
