2454 4500
132 286 222 381 ἰιι1
407 311 546 374 sanun
567 302 919 375 commaneamus

147 502 239 566 (1,1,
256 497 328 563 107.)
345 498 484 560 meminit:
506 497 569 550 Seis
585 508 616 549 tu
634 497 758 566 profecto
777 512 836 547 meo
855 498 882 549 si
900 496 1114 549 commovissem
1136 510 1183 547 so·-

148 583 206 631 cm,
223 583 276 635 quo
294 580 375 634 pacto
393 580 419 619 et
436 579 558 633 quantos
576 569 680 629 soleam
697 569 797 618 turbas
815 566 889 617 dore.
925 567 984 617 Hoc
1001 565 1085 633 vrdgo
1104 582 1182 631 oper-

149 636 241 691 tiones
258 637 412 706 appellant:
436 636 556 705 Quidam
579 635 706 701 dicaam]
730 635 881 689 commotis
905 636 998 687 sacris
1020 633 1086 686 ideo
1109 631 1188 695 dixit,

90 716 98 733 ⁶
172 703 219 763 uie
240 704 272 758 io
293 720 437 759 sacrorum
457 703 635 760 renovatione
658 703 901 759 commovebantur
924 702 1088 762 simulacra;
1110 699 1184 751 unde

150 720 281 829 auredus
305 774 416 839 (Cum.
435 772 628 839 1,18,11.);
658 771 725 825 Non
748 791 798 840 ego
824 784 848 822 te
855 808 865 838 ,
888 772 1008 823 candide
1020 769 1186 833 ,Bascama

150 841 279 893 Inuitum
297 843 431 911 quatiam.
444 868 482 883 ψ
514 847 575 899 302.
594 840 706 907 Thyas5
723 841 840 893 Baccha.
872 839 946 895 Nam
959 840 1061 891 sicuta
1075 834 1184 889 Boccho

150 909 293 974 Bacchum
319 911 358 961 sic
383 919 412 962 et
435 928 452 962 a
475 909 608 977 Thyoneo
632 908 762 976 Thyades
781 906 923 976 ¹dicuntur.
964 906 1106 976 [Quidam
1130 899 1184 957 dard

153 975 205 1032 coi
221 980 286 1033 eeu
304 976 421 1046 (oleta),
444 978 519 1048 quod
536 986 577 1030 est
592 978 688 1032 iasone
705 994 833 1041 currere,
856 975 942 1028 dictas
959 973 1074 1040 volunt]
1108 973 1185 1025 Trie-

153 1049 259 1112 terico,
282 1047 437 1103 triemralia.
470 1046 567 1103 Liberi
588 1045 664 1099 enim
688 1062 767 1099 sacra
783 1043 867 1111 tertio
882 1059 992 1114 quoque
1008 1058 1085 1097 anno
1106 1042 1185 1095 inno·

155 1116 299 1170 ahman.
332 1114 402 1168 Sane
417 1115 569 1179 sciendum,
586 1117 667 1183 orgia
686 1115 759 1185 apud
776 1114 900 1168 Graecos
915 1113 969 1165 dici
985 1128 1067 1165 sacra
1084 1111 1186 1176 omnia,

153 1184 226 1236 sicut
240 1183 313 1252 apud
326 1183 440 1237 Latinos
463 1185 635 1236 ceremoniae
653 1183 789 1234 dicurrtur.
823 1180 876 1234 Sed
899 1182 958 1234 iam
973 1181 1087 1234 abusive
1104 1196 1185 1231 soora

154 1250 254 1303 Liberi
261 1290 268 1307 .
293 1255 374 1319 orgia
396 1259 543 1304 uocantur:
565 1252 608 1304 vel
631 1247 688 1304 aino'
711 1247 759 1317 ιῆι
783 1245 878 1321 α’(ιγῆι,
903 1250 922 1302 i.
939 1268 963 1302 e.
986 1267 1006 1302 a
1028 1250 1125 1301 furore
1145 1247 1185 1301 vel

155 1315 210 1379 eiad
227 1317 283 1373 cois
300 1315 387 1389 ὅρων,
411 1324 439 1390 [a
461 1319 617 1387 montibus,
638 1321 681 1373 vel
695 1318 786 1384 silvia]
802 1347 837 1358 -
871 1325 933 1375 303.
949 1317 1184 1385 Nouamuiam,-

152 1397 238 1442 nocte
250 1389 421 1451 'celebratum
443 1389 516 1440 unde
532 1390 591 1459 ipsa
607 1405 685 1441 sacra
703 1390 825 1455 nyctelia
843 1387 1020 1439 dicebantur:
1043 1401 1116 1455 qliae
1139 1401 1185 1456 po·

154 1457 235 1529 palus
258 1457 424 1527 [Romanus]
445 1473 527 1511 causa
549 1457 725 1528 turpitudinis
749 1456 868 1511 exclusit.
910 1454 1078 1520 ΟίιΙιαιιοιις
1109 1470 1187 1506 mons

155 1524 200 1578 est
213 1518 298 1592 [ciria
315 1527 426 1582 Thebas
441 1524 570 1591 Boetiaa]
587 1543 619 1577 ex
637 1542 691 1593 quo
708 1526 813 1576 clamor
831 1522 915 1576 veluti
930 1523 1053 1575 nruniais
1069 1522 1185 1575 Bacchas

154 1593 278 1649 occubat.
295 1620 330 1635 -·
364 1603 424 1653 305.
444 1593 636 1648 Dissimulare
661 1597 761 1659 etium,
785 1592 847 1661 [hic
870 1593 947 1662 quasi
968 1608 1033 1646 reus
1049 1593 1186 1644 Aeneasa

154 1663 263 1714 Didone
278 1672 428 1716 accusatur.
461 1662 564 1728 Ingrati
583 1679 649 1730 ergo
668 1663 850 1715 dissimuhzre
867 1661 946 1730 qttasi
962 1661 1000 1713 ab
1016 1668 1083 1713 actu
1098 1660 1186 1714 crimi-

155 1731 198 1795 nis
215 1732 322 1812 coepit‚
345 1748 412 1786 uam
429 1730 477 1799 qui
494 1731 646 1783 dissimulat
663 1731 828 1800 aliquotiens
845 1730 962 1798 cogitat,
987 1736 1016 1781 et
1031 1729 1112 1798 quasi
1133 1724 1185 1781 iron

155 1799 192 1851 sit
207 1799 324 1853 dubium
348 1818 412 1851 cum
429 1799 629 1870 proficiscendo
646 1800 784 1852 Didonem
806 1798 899 1852 laedat
914 1801 1037 1864 Aeneas,
1059 1794 1101 1851 ita
1122 1797 1185 1851 iuci-

155 1868 212 1938 pit:
237 1869 433 1932 dissimulare,
450 1868 468 1921 i.
494 1888 517 1921 e.
540 1885 597 1922 non
619 1876 730 1922 tantum
750 1867 903 1950 proficisci,
925 1867 1001 1936 quod
1023 1873 1066 1933 cst
1087 1882 1138 1936 per
1157 1881 1184 1918 te

156 1935 270 2002 malum,
285 1937 332 1990 sed
350 1946 380 1988 ut
396 1935 588 2000 mesalimus]
621 1935 690 1989 Satis
704 1936 851 1989 artificiosa
863 1935 992 1988 allocutio
1010 1932 1085 2004 [est]
1116 1933 1185 1987 Nam

169 2005 306 2056 'nterdum
323 2003 490 2070 subtiliter,]
514 2012 542 2057 et
558 2005 611 2057 sibi
629 2005 745 2058 consulit
761 2006 813 2057 sub
834 2005 906 2058 facie
930 2004 1058 2058 utilitatis
1074 2005 1186 2069 Aeneae,

168 2080 196 2122 et
212 2088 285 2123 nunc
302 2074 389 2139 irata,
406 2091 479 2125 nunc
496 2073 608 2143 supplex
625 2071 702 2142 agit]
736 2074 930 2126 Dissimulare
947 2081 1043 2126 autem
1060 2072 1142 2140 ideo,
1155 2087 1185 2124 oo

156 2140 179 2189 si
198 2139 309 2205 diceret,
325 2143 363 2192 ita
380 2159 441 2197 rem
460 2142 617 2207 pudendam
635 2142 747 2211 cogitas,
762 2151 794 2194 ut
810 2160 873 2195 eam
889 2141 972 2194 fateri
990 2141 1071 2193 nolis.
1105 2140 1186 2212 Supra

156 2210 234 2259 enim
261 2210 379 2262 dixerat:
413 2209 492 2276 Quae
526 2212 607 2263 rebus
637 2215 675 2263 sit
706 2229 794 2262 causa
823 2213 964 2263 novandis
989 2210 1183 2262 Dissimulent.

168 2277 231 2327 Post
246 2275 314 2327 illud
330 2279 435 2330 inducit
452 2278 524 2348 quod
542 2279 645 2331 dictum
666 2288 715 2346 est,
731 2281 856 2347 primum
871 2280 1000 2348 accepisti
1017 2279 1186 2343 beneficium,

186 2361 214 2393 ee
232 2346 340 2397 tedam
359 2349 470 2399 dextero
489 2349 647 2413 cuondam,
670 2350 777 2418 reliqua
795 2365 846 2416 per
861 2351 969 2416 singula
986 2349 1047 2400 loca
1064 2351 1184 2420 aperien·

154 2418 208 2463 tur.
258 2413 381 2482 Perflde5
412 2416 549 2469 muliebre
581 2416 715 2480 verbum,
742 2419 795 2469 hoc
820 2418 895 2469 enim
917 2419 1081 2484 frequenter
1105 2418 1185 2467 utitur

154 2482 253 2544 imi:
276 2482 368 2534 Solam
388 2503 454 2534 narn
477 2484 604 2554 perfidus
622 2487 670 2536 ille
690 2486 727 2536 Te
746 2488 849 2537 colere:
875 2494 904 2538 et
925 2485 992 2539 alibi
1016 2487 1058 2552 (E.
1076 2491 1108 2550 8,
1124 2484 1186 2546 91.);

155 2546 217 2598 Hos
243 2551 311 2601 olim
336 2557 454 2604 exuvias
480 2555 551 2604 mihi
574 2553 700 2621 perfidus
726 2557 773 2608 ilie
792 2556 913 2622 reliquit.
932 2581 967 2594 --
1002 2561 1066 2612 306.
1084 2552 1186 2622 Nesos,-

156 2615 227 2670 bene
246 2636 341 2671 amans
359 2621 417 2672 eius
435 2638 520 2691 quem
538 2623 650 2677 amabat
663 2624 808 2675 consilium
825 2623 1005 2690 profectionis
1021 2623 1104 2691 nefas
1117 2622 1185 2674 dixit

155 2685 221 2736 Mea
247 2688 374 2740 decedere
398 2703 486 2752 terrm
510 2691 628 2743 dicendo
653 2710 728 2756 meu,
750 2693 865 2744 stultum
889 2692 1008 2743 ostendit
1023 2693 1072 2759 qui
1089 2690 1187 2762 putant

154 2755 228 2820 quod
246 2759 350 2809 amanti
367 2760 452 2828 possit
469 2759 596 2829 abripere
616 2765 654 2826 (se
672 2759 839 2826 subripil]
857 2787 892 2800 -
927 2768 988 2818 307.
1006 2759 1084 2810 Dora
1103 2762 1186 2810 deste-

155 2839 203 2886 ra;
229 2824 324 2877 foedus
341 2828 534 2879 amicitiarum.
552 2853 586 2866 -
621 2835 682 2886 308.
701 2829 771 2897 [Nec
790 2832 928 2880 moritura
947 2841 1033 2896 tenet;
1059 2829 1187 2882 secundus

153 2889 229 2942 locus
254 2896 434 2946 accusationis
457 2905 512 2962 est,
536 2896 625 2964 magis
649 2897 726 2949 enim
749 2914 853 2966 augere
876 2898 1009 2951 iniuriam
1025 2913 1085 2948 non
1102 2896 1187 2968 potuit

155 2974 240 3027 quam
267 2963 290 3013 si
314 2979 343 3014 se
366 2969 411 3029 (se
437 2965 648 3030 moriturumi)
671 2966 837 3018 ostenderet.
853 2993 887 3004 -
923 2972 984 3024 309.
1009 2964 1186 3032 Quinetiam,-

154 3026 243 3079 immo
262 3031 355 3095 etiam,
371 3033 419 3084 sed
436 3034 563 3104 insuper3
581 3035 630 3087 scd
647 3035 720 3086 forte
738 3034 847 3088 difficile
866 3042 907 3087 est
924 3035 998 3103 quod
1014 3043 1088 3104 peto,
1105 3036 1187 3086 imm

154 3097 230 3163 quod
253 3106 284 3149 tu
307 3101 389 3155 facist
413 3101 572 3169 Quinetiam
596 3103 716 3159 hiberno
743 3120 830 3170 usquc
855 3106 917 3170 (qui
942 3116 974 3154 ιι.
993 3103 1019 3155 h.
1038 3105 1126 3170 eise)
1148 3105 1186 3156 ire

155 3178 206 3232 per
230 3167 340 3232 altum]
381 3168 507 3225 Hiberna
533 3173 640 3236 sidem
668 3188 725 3223 non
748 3173 858 3237 hieme,
881 3172 929 3224 sed
951 3173 1067 3225 hiemali
1090 3174 1189 3227 sidere:

155 3241 203 3285 aut
225 3244 339 3306 propter
366 3239 438 3304 quod
461 3241 502 3291 ait
523 3256 621 3310 supra:
653 3239 731 3291 Dum
755 3242 854 3309 pelago
879 3243 1002 3293 desaevit
1033 3242 1139 3308 biems,
1167 3251 1189 3291 et

156 3319 282 3367 aquosus
302 3306 403 3357 Orion.
437 3309 512 3376 Ergo
530 3309 660 3376 [sidere]‚
678 3319 725 3364 atrt
741 3309 816 3380 [pro]
832 3319 973 3380 tempore:
991 3319 1021 3360 ut
1039 3312 1084 3378 (G.
1103 3309 1189 3377 1,1.):

153 3368 217 3449 Quo
236 3374 328 3427 sidere
345 3387 446 3426 terram
466 3377 573 3428 Vertere
586 3379 750 3443 Μιιοοιιιαι,Ι
768 3387 816 3431 aut
833 3396 865 3431 re
882 3395 947 3431 vera
960 3381 1060 3446 sidere,
1077 3388 1189 3450 propter

154 3439 298 3492 Orionem,
339 3444 394 3511 [Et
416 3445 488 3498 hene
508 3449 678 3516 tempestatis
702 3463 768 3500 eum
792 3447 939 3512 admonet,
969 3448 1017 3516 qui
1042 3451 1188 3517 nannagus

153 3515 280 3585 venerat,
303 3517 331 3561 et
352 3512 406 3562 hoc
430 3514 489 3581 agit
510 3517 590 3582 quasi
612 3533 669 3568 uon
693 3533 742 3568 sua
767 3533 933 3569 causacum
955 3534 1106 3572 remanere
1122 3518 1190 3581 velit,

154 3574 203 3625 sed
221 3583 306 3627 enam
330 3580 453 3633 utilitatis
471 3583 589 3637 Aeneae.
623 3584 758 3649 Melius,
783 3593 832 3636 aut
854 3602 963 3651 moves,
986 3587 1142 3659 aut‘paros.
1158 3613 1188 3625 -

154 3647 224 3720 310.Ι
236 3643 341 3696 Mediis
353 3648 559 3716 Aquilonibus,·
577 3653 670 3707 media
686 3654 779 3705 hieme
799 3662 829 3704 ut
845 3672 897 3723 per
905 3655 1058 3723 ,Aquilones
1071 3656 1190 3709 hiemem

153 3711 299 3778 srgmficet,
316 3724 364 3766 aut
382 3719 456 3785 quod
468 3720 616 3786 Aquilones
634 3739 665 3772 ex
679 3723 772 3773 Africa
790 3725 982 3790 navigantibus
999 3725 1107 3779 adversi
1125 3733 1190 3775 seint

154 3777 206 3829 Per
224 3781 328 3844 altum3
351 3787 527 3840 exacerbavit
548 3789 717 3841 sententiam
734 3809 783 3855 per
801 3792 889 3842 altum
912 3792 1047 3860 dicend0,
1071 3794 1191 3862 quamvis

152 3855 252 3927 uotum
266 3858 339 3928 esset
354 3852 477 3906 Aeneam
494 3873 544 3926 per
562 3856 649 3907 altum
668 3859 882 3926 navigaturum]
894 3886 928 3901 -
964 3868 1025 3918 311.
1045 3861 1176 3915 Crudelis
1183 3887 1191 3926 ,-

153 3921 239 3967 etram
263 3934 293 3969 ιιι
316 3925 344 3972 te
368 3922 431 3973 odio
455 3924 513 3976 mei
537 3923 695 3991 (euellit.
721 3929 752 3978 in
778 3929 897 3991 toedio).
939 3929 981 3982 Sic
1007 3930 1137 3984 Lucanus
1160 3932 1191 3983 de

153 3983 273 4037 Caesare
296 3989 346 4066 (5,Ι
363 3989 449 4051 687.):
475 3993 601 4044 Saevitia
627 4008 667 4043 est
696 3997 819 4048 voluisse
845 4000 925 4050 mori.
968 3997 1056 4066 [Arva
1082 4003 1192 4067 altena,

151 4052 252 4115 blande
270 4070 347 4125 quasi
364 4056 433 4112 haec
450 4060 509 4114 iam
526 4069 575 4116 tua
592 4062 674 4129 armt]
710 4062 871 4132 Domosque
887 4070 1015 4135 ignotos,-
1034 4086 1067 4121 ac
1081 4070 1105 4121 si
1120 4071 1192 4123 dice-
