2454 4500
527 56 530 61 ¹
600 44 609 69 t

101 228 218 308 'etia
288 280 292 285 -
350 293 352 299 ,
408 198 553 319 sanun
577 188 930 379 connanraaius

153 425 304 492 prolixius.
321 451 355 463 -
391 429 451 485 354.
470 427 571 492 Aulai3
587 443 638 497 pro
658 430 756 490 aulae3
773 437 802 482 et
817 436 858 482 est
873 429 1013 483 Diaeresis
1031 431 1066 484 de
1080 431 1190 486 Graeca

152 494 261 559 ratione
277 495 402 548 veniens:
427 512 548 564 quorum
563 501 613 553 AI
627 497 812 568 diphthongos
828 499 946 550 resoluta
963 500 1039 567 apud
1054 517 1106 552 nos
1123 502 1190 555 duas

152 562 269 631 syllabas
292 564 365 617 facit.
408 565 501 633 [Aula
526 575 620 619 autem
643 566 756 636 proprie
778 560 896 633 dicitur,
919 576 991 636 quae
1013 569 1190 621 cdncluditur
1218 580 1221 587 '

152 634 309 700 porticibus
326 639 474 702 quattttor,
490 637 562 688 unde
579 635 703 709 superius
720 637 875 702 porticibus
892 636 967 689 dixit.
984 663 1018 675 —
1054 643 1117 696 355,
1134 639 1189 687 Im·

55 730 76 763 „5
152 704 254 768 positis
273 720 344 754 auro
363 702 499 770 drtpilus5
515 704 533 756 i.
551 722 590 769 e,
615 721 679 754 curn
701 703 844 774 impositas
867 721 935 756 auro
952 705 1037 775 dapes
1060 705 1188 758 haberet.

57 781 60 790 “
152 797 189 808 ·-
222 776 283 830 356.
300 770 453 836 Processit,·
478 780 586 825 exactus
611 780 659 824 est.
695 773 789 825 Aurae
813 771 879 824 vela*
898 787 1016 824 vocant·
1040 774 1188 855 hypallage

11 1808 15 1817 '
89 1860 92 1865 ,
151 1805 264 1857 Cicero:

152 837 288 910 es't,pro:
306 854 386 892 auras
403 840 519 905 vocant]
537 870 572 879 -
606 847 666 898 357.
686 841 829 893 Cartana
835 865 845 905 ;
862 844 968 910 [uuum
984 814 1122 910 aliorum,
1138 859 1188 912 qur

152 908 334 976 navigabant,
350 926 386 960 an
402 908 536 979 ipsorum,
553 918 581 962 et
597 917 692 960 utrum
709 910 823 975 tumide,
840 927 876 962 an
892 911 1014 970 tumidus
1031 920 1141 978 stater,
1156 919 1189 973 ut

150 976 267 1048 pallidus
291 976 389 1027 orcus?
424 979 560 1031 carbasus
585 976 691 1042 autem]
716 979 875 1046 gencelini
899 988 951 1032 est:
975 982 1050 1049 quod
1073 979 1187 1033 abusive

151 1046 316 1115 plerumque
338 1061 390 1115 pro
414 1047 474 1099 velo
497 1048 616 1118 ponitur.
666 1046 736 1099 Sane
764 1048 795 1098 in
816 1063 934 1100 numero
951 1049 1096 1117 ,singulari
1120 1049 1187 1100 haec

151 1113 254 1179 (Guelf.
279 1115 299 1165 Ι.
324 1114 386 1177 hic)
412 1118 549 1167 carbasus
573 1115 701 1167 dicimus:
723 1116 754 1167 in
778 1116 880 1184 plurali
905 1117 972 1167 haec
997 1119 1128 1173 carbasa.
1152 1143 1187 1155 -

152 1187 213 1240 359.
233 1182 411 1250 Troiugena;
430 1202 462 1236 ac
480 1185 502 1235 si
519 1185 640 1251 diceret,
656 1200 804 1252 generose:
827 1193 859 1235 ut
875 1185 942 1238 alibi
960 1190 1001 1253 (5,
1018 1186 1087 1249 45.):
1110 1186 1186 1237 Dar·

152 1253 275 1303 danidae
300 1255 512 1322 magni-genus
536 1255 593 1305 alto
617 1271 634 1302 a
654 1256 795 1321 sanguine
814 1254 919 1311 diutim.
955 1254 1118 1324 [Sciendum
1144 1263 1187 1307 ta·

128 1351 132 1363 ·
151 1338 232 1386 men,
254 1321 324 1380 sicut
340 1330 446 1375 veteres
471 1330 596 1375 auctores
621 1320 784 1388 adfirmant,
795 1323 984 1393 ‘peritissimos
1001 1324 1186 1392 auguriorum

151 1398 180 1443 et
195 1392 334 1455 Aeneam,
351 1399 379 1442 et
395 1392 528 1462 plurimos
543 1392 626 1464 fuisse
645 1392 786 1443 Troianos.
821 1391 952 1444 Nonnulli
974 1399 1070 1444 tamen
1087 1393 1187 1445 dicunt

151 1460 298 1525 nMarsoa
316 1460 449 1528 (Marsya)
467 1475 534 1527 rege
551 1461 647 1511 missos
665 1479 679 1512 e
697 1458 830 1529 Phrygia,
846 1469 982 1528 regnante
999 1461 1112 1527 Fauno,
1135 1461 1186 1529 qui

150 1527 324 1598 disciplinam
348 1528 528 1598 auguriorum
544 1529 618 1584 Italis
635 1529 815 1581 ostenderent.
849 1529 924 1597 Ergo
941 1528 1104 1596 Troiugena
1125 1533 1187 1582 sine

150 1598 234 1649 dnbio
252 1598 434 1664 auguriorum
451 1605 479 1649 et
495 1598 671 1650 divinationis
684 1599 787 1668 peritus
810 1613 868 1659 esse
885 1601 898 1631 *
914 1596 993 1716 gestu.
1027 1598 1185 1666 Interpres‚·

150 1666 326 1718 vaticinator:
348 1666 397 1734 qui
419 1674 545 1718 mentem
562 1667 678 1721 deorum
701 1665 863 1718 mortalibus
880 1683 919 1738 pu
938 1667 1011 1718 licas.
1046 1667 1100 1719 Sed
1118 1667 1186 1736 quia

152 1740 288 1802 interpres
326 1736 435 1788 enerale
459 1751 563 1787 nomen
587 1744 641 1800 est,
666 1735 754 1787 currit
770 1751 822 1803 per
839 1735 950 1804 species.
984 1735 1074 1800 Nam,
1097 1744 1128 1787 ut
1145 1738 1185 1800 ait

296 1751 400 1855 <imnis
432 1804 585 1854 divinandi
615 1806 718 1870 peritia
750 1807 782 1854 itt
810 1803 882 1854 duas
906 1804 999 1870 partes
1031 1805 1183 1859 diuiditur.

151 1874 226 1929 Nam
244 1886 294 1923 aut
305 1873 395 1942 furor
412 1886 467 1938 est,
486 1885 516 1923 ut
534 1875 565 1923 in
584 1874 826 1924 vaticinantibus.-
852 1884 903 1923 aut
919 1891 983 1938 ars,
1008 1884 1040 1922 ut
1064 1876 1098 1924 in
1117 1892 1183 1935 aru,-¹

151 1944 292 2011 apicibus,
315 1943 488 2012 fulgerius,
510 1944 569 1992 siae
591 1941 830 2010 fulguratoribus
851 1940 912 2008 [et]
934 1943 1104 2009 auguribus.
1147 1942 1183 1997 Er

152 2014 248 2066 omnia
268 2014 322 2061 ista
341 2029 375 2060 ea
392 2029 421 2060 sc
446 2012 578 2079 pendent,
603 2013 668 2063 licet
689 2013 818 2079 propriis·
834 2010 948 2078 finibus
973 2013 1184 2063 contineantur.

150 2081 229 2133 Unde
246 2079 374 2146 Virgilius
390 2080 485 2130 omnia
507 2080 536 2131 ei
553 2081 614 2146 dat,
638 2096 721 2148 quem
745 2079 801 2130 vult
824 2081 980 2145 perfectum
996 2079 1129 2148 intelligi:
1153 2086 1184 2130 ut

150 2149 280 2202 hocloco
298 2149 416 2199 Heleno:
433 2148 502 2199 item
519 2147 599 2212 alibi,
615 2149 709 2214 Asylae
727 2148 772 2214 (R.
789 2151 850 2198 Vos.
867 2147 939 2214 Sile,
956 2148 988 2197 L.
1006 2147 1134 2210 Sitttlae)
1152 2148 1183 2200 in

149 2218 257 2272 decimo
283 2215 390 2280 (176.);
416 2217 471 2266 Cui
494 2219 630 2283 pecudum
648 2215 757 2284 fibrae,
787 2218 857 2268 coeli
884 2220 932 2266 oui
955 2218 1050 2267 sidera
1075 2230 1183 2283 parent,

133 2290 185 2342 ‘Et
203 2289 318 2352 linguae
337 2287 492 2349 volucrum,
509 2299 535 2335 et
551 2289 685 2353 praesagi
695 2286 836 2354 fulminis
850 2287 936 2352 ignis.
972 2287 1070 2353 [Varro
1087 2294 1180 2338 autem

150 2364 280 2426 quattuor
302 2371 404 2423 genera
429 2355 628 2407 divinationum
657 2355 736 2405 dicit:
766 2357 889 2420 terram,
925 2357 1032 2420 adrem,
1063 2372 1181 2424 aquam,

148 2429 257 2493 ignem:
281 2427 448 2491 geomantis‚
465 2425 644 2488 aeromantis,
661 2425 843 2492 pyromantis,
860 2423 1054 2490 hydromantia.
1093 2423 1180 2491 Virgi-

148 2498 200 2548 lius
217 2493 271 2543 tria
288 2509 392 2560 genera
409 2493 564 2559 complexus
582 2500 635 2554 est,
654 2509 703 2562 per
719 2492 811 2543 lauros
829 2493 997 2557 geenrantis,
1021 2511 1072 2561 per
1083 2493 1181 2544 ¹sidera

150 2562 333 2635 pyromantia,
356 2580 405 2630 per
429 2568 575 2631 praepetes
598 2560 790 2624 adamnanus]
832 2561 939 2613 Divum
966 2563 1016 2628 qui
1041 2566 1163 2612 numina
1171 2585 1180 2625 ,·

149 2639 239 2704 potest
263 2638 291 2681 et
315 2632 449 2696 interpres
475 2632 571 2680 divam
596 2629 734 2697 distingui.
775 2628 846 2680 Sane
868 2646 920 2699 per
944 2630 1039 2682 omnia
1057 2629 1181 2699 Zeugma

149 2710 190 2755 est
213 2700 248 2751 ah
270 2699 455 2765 inferioribus.
497 2697 556 2764 Qui
580 2701 701 2748 numina
725 2701 829 2762 sentis,-
860 2700 907 2766 qui
930 2698 1043 2768 suspicis
1068 2700 1180 2762 (Burm.

149 2770 219 2822 coni.
244 2770 367 2834 suscipis
375 2793 384 2832 ,-
411 2775 438 2820 et
459 2767 499 2819 ita
516 2767 666 2830 Guelf.11.)
688 2783 807 2831 numen,
832 2775 860 2818 et
875 2769 968 2818 futura
983 2767 1131 2835 praedicis.
1146 2796 1181 2805 —

150 2845 210 2897 360.
237 2836 295 2903 Qui
318 2839 444 2905 tripodas
470 2838 571 2899 sentis3
603 2837 726 2902 tripodes
749 2852 860 2887 mensae
884 2837 998 2886 fuerunt
1020 2836 1051 2886 in
1075 2837 1179 2906 templo

148 2907 281 2975 Apollinis
298 2905 440 2975 Delphici,
455 2906 553 2973 quibus
570 2905 796 2974 superimpositae
814 2904 973 2955 Phoebades
991 2905 1177 2970 vaticinaban-

148 2985 201 3031 tur.
236 2974 297 3044 [Vel
313 2975 386 3041 quod
402 2975 431 3025 in
450 2975 550 3026 eodem
568 2974 670 3043 templo
689 2975 777 3039 tripos
795 2981 849 3038 est,
866 2990 930 3023 cnm
948 2973 1052 3023 ossibus
1071 2982 1099 3026 et
1115 2974 1179 3026 den·

148 3045 221 3096 tibus
237 3043 326 3111 Pythii
348 3041 502 3112 serpentis]
537 3042 629 3092 Clarii
647 3043 761 3104 lauros‚·
787 3049 815 3093 et
837 3041 883 3092 hic
901 3044 951 3107 qui
968 3044 1056 3092 sentis
1081 3043 1180 3094 subau-

148 3114 202 3166 dis:
236 3121 263 3165 et
289 3113 432 3178 Clarium,
463 3111 594 3181 oppidum
618 3118 658 3162 est
682 3110 711 3161 in
734 3111 835 3161 finibus
859 3111 1097 3177 Colophoniorum
1120 3111 1180 3179 [ubi

148 3182 243 3251 Apollo
268 3181 390 3245 coliturl:
419 3181 491 3231 unde
515 3180 612 3247 Apollo
640 3180 762 3229 Clarius.
805 3179 875 3230 Sane
898 3181 1055 3247 quaesitam,
1086 3188 1180 3231 utrum

150 3253 256 3315 Clarii,
280 3250 479 3318 geminandum
501 3250 536 3298 sit
552 3251 564 3299 i
570 3269 578 3298 .-
604 3256 632 3301 et
655 3248 810 3314 sciendum,
835 3246 914 3299 aliter
938 3264 995 3298 non
1018 3249 1179 3317 procedere.

148 3322 221 3372 Nam
246 3321 288 3372 cla
319 3319 409 3371 brevis
438 3318 589 3368 invenitur:
618 3324 648 3367 ut
670 3316 769 3368 Statius
793 3321 840 3382 (8,
864 3316 948 3378 199.);
982 3315 1040 3367 Nec
1074 3318 1179 3369 clarius

149 3390 235 3455 (codd.
255 3396 282 3439 et
298 3389 332 3440 al.
351 3388 483 3450 Clarius5
501 3386 592 3437 Guelf.
605 3387 624 3436 I.
644 3385 747 3446 claras)
765 3383 817 3434 hac
837 3387 896 3436 luce
908 3386 990 3453 fores
1004 3385 1178 3453 Didymaea-

150 3476 201 3525 que
220 3460 377 3523 quisquam.
413 3456 465 3506 Per
484 3455 582 3507 lauros
604 3464 713 3519 antem,
737 3455 1086 3520 oraculum'intelligimus.
1120 3454 1178 3521 Qui

150 3527 244 3576 sidera
263 3528 365 3584 sentis3
389 3524 436 3591 qui
454 3540 483 3575 es
500 3523 603 3592 peritus
621 3522 799 3589 Astrologiae.
816 3551 851 3560 —
886 3529 947 3581 361.
971 3524 1007 3573 Et
1030 3525 1177 3576 volucrum

150 3597 282 3661 linguam
306 3595 353 3661 qui
378 3611 405 3646 es
429 3607 516 3660 augur
542 3593 673 3643 oscarum.
714 3593 749 3644 Et
769 3594 907 3658 praepetis
933 3595 1031 3642 omina
1056 3612 1179 3660 pennae,-

149 3666 299 3732 [praepetes
322 3670 399 3726 sunt,
431 3678 503 3729 quae
524 3661 643 3711 seeundo
667 3660 787 3729 auspicio
818 3669 883 3714 ante
914 3677 978 3712 eum
1009 3663 1103 3714 volant
1133 3663 1178 3731 qui

149 3729 337 3797 auspicatum]
361 3747 421 3782 aves
438 3727 553 3797 [alitem]
571 3737 618 3779 aut
635 3732 744 3781 oscines
762 3738 836 3796 sunt,
861 3738 908 3782 aut
925 3744 1084 3797 praepetes:
1110 3733 1180 3783 osci-

151 3819 199 3851 nes
224 3792 316 3867 [quad]
340 3816 388 3851 ore
418 3800 512 3850 futura
555 3797 697 3849 raedicunt
718 3798 772 3867 [ab
798 3818 829 3850 os
853 3807 881 3852 et
903 3798 1007 3864 cano]:
1034 3808 1180 3871 praepetes

133 3868 243 3937 [φωρ]
265 3867 355 3919 volatu
378 3813 554 3935 [anguriuml
571 3866 739 3934 significant,
766 3871 840 3938 [cum
862 3876 925 3919 sunt
941 3868 1095 3939 prospera]
1129 3869 1179 3921 Sed

150 3951 288 4003 praepetes
307 3944 354 3986 aut
371 3937 512 4005 superiora
530 3943 638 3999 tenent,
660 3944 688 3986 et
711 3951 849 4003 praepetes
869 3945 1015 3988 vocantur:
1040 3947 1089 3990 aut
1111 3940 1178 3990 infe

147 4008 240 4070 piore,
266 4013 293 4056 et
315 4004 441 4056 dicuntur
467 4005 591 4072 inferar,-
615 4018 754 4073 praepetes
779 4015 871 4059 autem
896 4007 973 4071 ideo,
996 4007 1061 4075 quia
1087 4023 1179 4059 omnes
