2454 4500
146 219 216 368 '294
332 206 336 221 ⁴
409 259 547 324 sanun
570 256 923 359 continuimus
1104 311 1108 319 .

150 457 183 493 ea
201 440 268 492 duos
285 439 370 507 filios,
395 438 493 508 quibus
517 441 704 512 superinduxit
729 463 893 502 novercam:
919 468 987 520 quos
1009 468 1132 508 noverca
1153 456 1190 508 ad

149 503 261 578 fratrem
284 511 420 578 tanquam
443 508 530 577 stupri
554 512 737 568 adfectatores
760 501 873 585 dettdit,
898 521 934 572 ob
951 537 1044 592 ¹quam
1062 539 1125 576 rem
1143 539 1190 576 eos

116 601 118 609 ·
148 580 267 633 Phineus
285 579 420 643 coecavit,
444 596 530 648 quare
553 581 619 633 irati
630 583 688 634 dii:
711 585 754 635 vel
771 589 931 656 utquidam
949 589 1059 656 volunt,
1082 593 1105 642 A
1144 593 1190 658 ilo,

135 651 270 715 lentus,
287 657 401 718 propter
418 656 550 717 nepotum
566 649 712 716 iniuriam,
729 670 794 705 eum
811 659 946 724 coecavit,
970 666 999 710 et
1014 659 1087 726 adp
1123 661 1189 730 gius

148 719 250 770 institas
273 719 385 783 detulit,
408 717 588 787 adposuitque
605 719 757 788 Harpyias]
791 725 888 791 (Codri.
906 734 934 780 et
951 723 1043 798 steph.
1062 735 1187 781 tannim:

148 789 198 840 Ph.
215 805 262 838 rex
278 790 297 838 f.
316 786 458 838 Arcadiae.
492 786 543 836 Hic
559 787 613 837 suis
631 788 725 855 liberis
741 793 900 860 superduxit
920 811 1087 862 noverpam,
1110 798 1187 848 cuius

102 855 110 916 ,’
147 857 279 910 instinctu
297 871 343 907 eos
361 854 493 926 caecpvit3
518 855 555 904 ob
572 872 659 924 quam
682 875 745 910 rem
767 861 833 912 irati
850 863 897 913 Dii
914 863 941 915 ei
959 864 1054 915 oculos
1071 866 1186 919 susttde.

103 938 107 955 '
147 934 259 980 runtet
275 925 463 977 adhibuerint
478 925 612 992 Arpyus,)
637 925 788 995 quaecum
813 930 839 982 ei
856 932 903 982 diu
914 930 1003 987 'cibos
1013 933 1185 1004 abriperent,

147 999 324 1066 [somnosque
340 992 543 1061 inquietarent,
565 994 622 1059 hic]
639 997 766 1048 Iasonem
783 1014 848 1049 cum
864 1002 1045 1069 Argonautis,
1065 1010 1184 1082 ¹propter

146 1068 230 1120 vellus
247 1079 363 1116 aureum
381 1061 496 1112 Colchos
513 1071 669 1130 petentem,
685 1067 803 1134 suscepit
818 1066 870 1134 [in]
886 1069 1019 1138 hospitio:
1035 1086 1083 1123 cur
1098 1071 1184 1123 etiarn

14 1156 18 1162 ¹
106 1186 109 1191 ⁴
147 1137 292 1189 ductorem
308 1135 434 1201 [propter
452 1129 647 1199 Symplegadei
665 1135 770 1200 petras]
786 1136 867 1187 dedit.
904 1139 961 1188 Hoc
985 1138 1183 1207 ergobeneii·

147 1207 191 1256 cio
208 1204 294 1257 illecti
311 1204 499 1268 Argonautae,
518 1203 593 1267 [cum
611 1201 637 1255 ei
655 1203 776 1269 gratim
793 1204 893 1256 vellent
909 1206 1046 1272 reserre,]
1064 1207 1183 1260 Zethum

148 1283 176 1327 et
193 1273 290 1324 Calain
307 1270 376 1321 filios
393 1269 499 1320 Boreae
517 1276 545 1320 et
562 1268 710 1337 Orithyae,
734 1273 819 1323 alatos
836 1273 960 1339 iuvenes,
982 1277 1018 1327 ad
1042 1276 1184 1346 pellendas

146 1344 279 1412 Harpyias
309 1339 459 1390 miserunt:
492 1353 560 1406 quas
590 1354 657 1388 cum
681 1341 785 1392 'strictis
815 1341 912 1413 gladiis
941 1361 1005 1413 pers
1043 1351 1185 1410 uerentur,

169 1413 241 1462 tdsae
266 1410 299 1461 de
326 1406 443 1460 Arcadia
468 1415 655 1472 pervenerunt
686 1408 721 1458 ad
751 1410 850 1462 insidat
875 1428 946 1480 quae
970 1430 986 1464 a
1026 1432 1042 1464 e
1079 1412 1183 1465 bantur

74 1476 79 1482 ’
121 1508 124 1515 ·
144 1430 247 1536 iilotae.
282 1479 319 1528 Et
335 1493 401 1527 oum
417 1474 532 1526 ulterius
549 1475 650 1527 vellent
666 1478 855 1544 tendere,'ab
879 1481 952 1532 Iride
976 1499 994 1533 a
1012 1481 1129 1548 moniti,
1152 1489 1185 1532 ut

56 1553 66 1573 ''
145 1550 312 1602 desisterent
334 1564 350 1597 a
373 1543 443 1597 Iovis
467 1542 595 1608 renibus,
618 1560 680 1595 suos
703 1555 899 1600 converterunt
921 1550 1039 1605 volatus:
1062 1566 1184 1619 quorum

145 1618 302 1683 conversio,
325 1616 343 1666 i.
361 1622 393 1667 e.'
408 1608 527 1683 στροφή,
553 1629 656 1664 nornen
678 1613 772 1667 insulis
794 1617 878 1668 dedit.
919 1618 1000 1686 Quod
1021 1619 1185 1690 Apollonius

145 1687 303 1759 plem'ssime
327 1681 478 1750 exequitur.
519 1681 555 1730 Ut
585 1690 680 1734 autem
708 1701 793 1736 canes
814 1685 883 1737 Iovis
906 1687 1081 1754 dicerentur,
1106 1687 1184 1740 -haeo

144 1758 216 1808 ratio
240 1763 294 1806 est:
318 1753 383 1820 qnia
406 1749 482 1821 ipsae
499 1749 600 1817 suriae
625 1768 683 1803 esse
707 1754 849 1805 dicuntur:
878 1756 951 1808 unde
975 1757 1063 1808 etiam
1087 1756 1184 1827 epulas

144 1827 273 1878 dicuntur
291 1823 437 1890 abripere,
461 1819 535 1887 quod
554 1826 594 1871 est
610 1820 762 1887 tiniarum,
784 1829 815 1872 ut
833 1827 875 1888 (6,
893 1824 979 1887 605.):
1003 1837 1032 1876 et
1046 1826 1184 1876 manibus

143 1891 477 1967 prohibent.contingere
503 1904 622 1939 mensas.
672 1889 750 1942 Unde
776 1898 805 1943 et
828 1893 904 1943 avari
927 1893 1070 1961 fingtmtur
1093 1894 1184 1946 furino

118 1988 120 1994 v
143 1965 216 2036 pati:
233 1962 299 2028 quia
316 1959 455 2015 abstinent
471 1957 565 2026 partis.
599 1959 671 2008 Item
688 1959 737 2011 has
752 1960 797 2025 (pl.
812 1959 902 2025 ipsas)
919 1963 1005 2014 furias
1022 1978 1080 2014 esse
1097 1963 1183 2032 paulo

143 2040 205 2104 post
227 2031 287 2096 ipse
310 2028 362 2095 (al.
388 2027 475 2083 idam)
501 2033 631 2089 testatru,
654 2034 685 2079 ut
709 2027 815 2091 (252.):
842 2029 928 2082 Voltis
949 2031 1104 2100 furiarum
1130 2048 1181 2099 ego

53 2106 56 2119 ¹
145 2102 270 2151 maxima
290 2098 391 2165 pando.
428 2093 534 2144 Furias
552 2102 646 2146 nutem
670 2111 755 2147 canes
773 2097 843 2162 dici,
867 2106 895 2149 et
911 2100 1040 2151 Lucanus
1056 2107 1185 2166 testatur,

143 2170 236 2222 dicens
254 2172 295 2231 (s),
312 2165 401 2225 733.):
426 2163 592 2230 Stygiasque
617 2180 701 2214 canes
727 2168 758 2215 in
783 2167 844 2216 luce
868 2184 989 2234 superna
1008 2167 1181 2219 Destituam.

143 2240 180 2291 Et
196 2238 225 2288 in
242 2242 316 2286 sento
335 2233 416 2297 (257.)
434 2231 577 2300 Virgilius:
598 2231 734 2301 Visaeque
753 2252 835 2284 canes
855 2238 965 2288 ululare
983 2255 1031 2303 per
1050 2240 1180 2290 umbram

115 2349 118 2354 .
144 2308 314 2357 Adventante
333 2303 391 2352 dea.
428 2300 498 2351 Sane
523 2302 596 2367 apud
618 2302 722 2354 inferos
738 2303 841 2371 furiae
858 2305 1001 2371 dicuntur,
1025 2314 1054 2358 et
1077 2324 1181 2358 canes:

144 2376 217 2443 apud
235 2388 347 2442 superos
366 2371 444 2420 dirae
470 2377 497 2421 et
515 2387 593 2419 aves:
620 2379 651 2421 ut
673 2372 731 2440 ipse
748 2372 777 2423 in
795 2374 850 2422 ΧΠ.
877 2376 957 2440 (846.)
983 2375 1111 2428 ostendit
1146 2377 1180 2427 In

51 2450 56 2461 '
143 2444 237 2496 medio
256 2456 319 2493 vero
338 2438 484 2506 Harpyiae
502 2438 636 2495 dicuntur.
672 2442 750 2491 Unde
768 2442 865 2508 duplex
889 2443 918 2493 in
941 2444 984 2494 his
1008 2442 1115 2512 effi'gies
1138 2445 1181 2496 in-

143 2513 263 2565 venitur:
282 2507 331 2578 [et]
349 2509 398 2558 hus
420 2507 546 2574 Virgilius
562 2515 618 2558 tres
637 2509 711 2573 dicit,
728 2513 858 2579 [quarum
876 2513 991 2564 nomina
1007 2513 1081 2577 sunt]
1095 2509 1172 2564 Aie'llo

144 2583 283 2649 Ocypete,
308 2578 437 2628 Celaeno,
471 2575 628 2644 Apollonius
652 2579 719 2628 duas
736 2579 845 2645 [dixin]
869 2596 951 2647 quern
975 2581 1004 2632 in
1022 2581 1079 2631 XII.
1097 2551 1184 2649 (8455

141 2650 272 2710 Virgilius
295 2646 430 2714 sequitur:
456 2651 498 2707 ut,
530 2643 602 2693 Sunt
625 2651 753 2712 geminae
777 2661 873 2714 pestes.
915 2649 1025 2713 (Guelf.
1046 2651 1068 2702 I.
1102 2651 1182 2702 add:

142 2711 323 2786 Strophades,
345 2733 362 2765 a
386 2712 563 2763 conversione
586 2714 704 2780 volatus,
727 2716 744 2766 i.
763 2733 786 2767 e.
810 2718 936 2787 strophe,
957 2734 1061 2770 nornen
1082 2717 1181 2770 insulis

141 2782 236 2849 dedit.)
271 2783 401 2852 [Quidam
425 2789 517 2835 autem
539 2782 634 2834 dicunt
656 2784 731 2834 hunc
755 2784 890 2837 Phineum
915 2786 950 2836 ob
973 2787 1144 2840 divinitatem
1161 2803 1180 2838 a

142 2854 297 2908 Thracibus
312 2865 410 2918 regem
426 2858 598 2919 cooptatum,
616 2853 728 2904 consilia
743 2853 834 2905 divina
851 2855 1016 2923 prodidisse:
1031 2863 1060 2908 et
1076 2855 1180 2909 obcoe-

142 2934 236 2978 catnm
260 2922 390 2989 adpositis
406 2919 541 2986 Harpyiis.
557 2941 592 2960 -e
627 2927 687 2976 210.
712 2921 808 2985 Stant5
831 2922 912 2987 sunt]
935 2949 970 2961 —-
1004 2930 1066 2981 211.
1092 2925 1177 2977 Ionio

143 2999 174 3047 in
196 3010 314 3059 magno‚-
339 2991 369 3042 in
386 3003 488 3055 magno
513 2988 585 3039 mari
602 2989 688 3039 Ionio.
725 2991 761 3040 Et
777 2991 933 3056 sciendum,
956 2992 1066 3044 Ionium
1083 2993 1178 3045 sinum

55 3097 59 3104 ι
141 3081 199 3116 esse
217 3063 386 3112 immensum
403 3057 438 3110 ab
455 3058 533 3110 Ionia
550 3073 635 3125 usque
652 3057 687 3108 ad
704 3055 839 3111 Siciliam:
864 3067 892 3111 et
908 3061 989 3112 huius
1006 3069 1100 3128 partes
1117 3079 1180 3116 esse

140 3132 325 3193 Adriaticum,
348 3127 512 3193 Achaicum,
536 3127 716 3194 Epiroticum.
751 3128 849 3179 Maria
874 3129 949 3180 enim
966 3130 1007 3183 vel
1025 3148 1042 3181 a
1063 3132 1176 3200 provin·

140 3203 204 3267 ciis,
221 3199 263 3251 vel
279 3199 314 3249 ab
332 3196 441 3260 insulis,
456 3195 498 3246 vel
514 3214 530 3247 a
547 3195 700 3246 civitatibus
716 3211 821 3249 nomen
838 3199 984 3265 accipiunt.
1017 3199 1094 3251 Bene
1107 3215 1178 3269 ergo

142 3274 175 3323 in
194 3286 311 3336 magno,
337 3264 415 3334 quasi
437 3263 465 3314 in
530 3281 546 3314 o
570 3264 654 3315 etiarn
677 3265 731 3316 alia
750 3266 840 3318 maria
856 3276 926 3317 sunt.
960 3267 1093 3335 [Quidum
1109 3285 1177 3322 sane

139 3340 251 3391 Ionium
274 3337 310 3388 ab
326 3337 356 3386 Io
374 3332 470 3385 Inachi
491 3281 549 3384 dita
566 3334 671 3385 dictum
689 3333 794 3398 volunt,
817 3336 891 3402 quod
913 3337 1077 3388 amata'hoc
1094 3353 1175 3391 maro

139 3406 306 3471 tranaverit,
337 3403 412 3472 quod
434 3402 464 3453 in
488 3403 543 3451 VII.
569 3400 677 3467 (790),
700 3402 750 3453 uhi
773 3404 806 3455 de
833 3411 908 3453 scuto
933 3404 1022 3485 Turni
1042 3404 1178 3484 lopdutr,

44 3491 47 3498 ·
141 3476 247 3548 plenius
263 3474 392 3525 invenies.
427 3469 558 3521 Nonnulli
574 3471 683 3520 Ionium
708 3472 743 3522 ab
760 3473 837 3523 Ionio
861 3489 943 3540 rege,
968 3490 1016 3541 qtu
1039 3491 1068 3524 1n
1086 3475 1177 3528 maula

142 3562 214 3596 tuae
237 3550 301 3594 ante
324 3541 462 3608 Illyricum
486 3539 559 3589 iacet
578 3549 744 3604 regnaverat
767 3541 871 3593 dictum
893 3539 1026 3606 tradunt]
1043 3568 1078 3581 -
1112 3549 1178 3601 212.

141 3563 341 3680 harpyiaeque
359 3610 456 3660 colunt
473 3605 563 3671 nlz‘ae3
581 3622 647 3674 ergo
665 3616 693 3658 et
706 3609 827 3661 Celaeno
840 3606 967 3679 Harpyia.
1001 3612 1067 3678 [Has
1079 3611 1177 3664 Hesio·

141 3684 191 3733 dus
216 3679 282 3731 dicit¹
305 3675 486 3730 'I'haumantis
510 3683 538 3727 et
561 3676 687 3729 Electrae
716 3676 785 3730 filias
809 3693 891 3745 quas,
913 3678 984 3728 sicut
1006 3680 1179 3749 dictumest,

140 3752 254 3820 qnidam
270 3749 356 3801 furias
372 3753 484 3816 putant,
502 3760 565 3795 cunt
582 3744 718 3796 furiarum
737 3755 841 3810 mater,
857 3747 1008 3799 secundnm
1025 3749 1178 3802 Hesiodum

142 3821 240 3880 'I'eria,
257 3816 408 3868 secundum
420 3813 584 3882 Aeschylum
597 3813 656 3864 Nox
671 3813 713 3864 sit.
749 3814 882 3866 Phineia:
902 3816 995 3866 Versio
1003 3814 1114 3871 Graeca
1127 3828 1177 3872 est.

141 3915 175 3928 ···
212 3884 461 3950 mutilatasque
488 3894 576 3943 metu,·
600 3882 653 3932 hoe
678 3889 719 3934 est
741 3886 810 3935 sicut
833 3885 937 3936 dictum
962 3893 1016 3950 est,
1039 3887 1134 3954 pulsae
1158 3906 1177 3941 a

141 3958 228 4009 Zetho
247 3964 275 4006 et
291 3949 389 4014 Calai]
405 3977 436 3993 n·
474 3958 535 4010 214.
555 3950 611 4000 Nec
637 3953 748 4002 saeuior·
775 3955 833 4004 ullo
854 3952 956 4019 Pestis‚·
982 3962 1013 4004 ut
1035 3973 1126 4022 poena
1144 3957 1176 4009 in

142 4025 234 4080 Statio.
253 4021 287 4092 [*]
312 4024 349 4075 Et
372 4037 428 4074 nou
451 4021 517 4074 dicit
540 4020 589 4072 has
612 4021 647 4073 de
670 4019 765 4074 inferis
782 4020 863 4091 [esse]
879 4028 972 4088 natas,
990 4024 1043 4091 scd
1066 4027 1177 4098 peiores
