2454 4500
178 264 244 335 sto
345 276 349 285 ·
398 268 403 279 ’
441 251 970 333 ssavu'connaurimus
1012 334 1015 339 ,

176 452 313 519 Athesim,
336 452 466 507 Venetiae
487 452 618 518 flumina,
647 460 689 504 est
710 452 795 505 etiam
817 451 926 507 fltivius
949 454 1109 525 Liquetius
1126 458 1183 528 [intr

175 523 296 574 Altinum
320 531 348 575 et
370 520 585 588 Concordiam,]
609 536 694 589 quem
717 537 792 571 nunc
815 516 1047 579 co'inmemorat
1083 526 1182 598 Erguti

176 593 268 657 quetia
284 593 427 662 proprium
441 600 482 642 est
497 607 599 642 nomen
615 605 671 640 uon
688 590 838 659 epitheton,
855 609 896 644 ne
912 593 1090 666 incipiamus
1105 614 1121 649 a

175 661 283 713 raiitate
300 661 335 712 ad
351 662 472 729 speciem
486 660 601 720 reverti;
619 658 692 725 quod
709 658 836 709 vitiosum
852 670 917 727 est,
934 672 969 713 ut
985 665 1014 717 si
1031 666 1118 718 dicas:
1151 667 1156 679 '

168 730 297 798 flumina
317 742 473 785 nascuntur
497 731 626 792 arbores;
651 735 680 777 et
701 728 740 777 sic
762 728 885 780 inferas:
912 733 997 783 circa
1026 734 1143 786 Tiberim
1158 732 1196 784 ri:

136 818 138 823 ·
175 801 323 861 Anienem
346 799 444 850 suflicit
460 799 536 850 enim
553 797 648 850 dixisse
668 797 743 846 circa
759 796 894 863 flumina
920 803 1106 867 generaliter.
1133 800 1183 853 [hh

175 875 304 937 apparet,
334 867 398 935 quia
422 867 553 934 Liquetia
575 863 725 931 legendum
747 871 801 930 est,
826 866 895 932 [et]
918 884 983 921 non
1009 872 1184 939 liquentia.-

173 943 234 994 680.
259 937 331 1004 [Sive
359 934 430 987 Padi
453 944 519 997 etc.;
551 935 644 985 Padus
666 933 761 984 Italiae
789 933 892 985 fluvius
915 937 1033 1006 aliquas
1064 938 1184 1011 prorirc‘u

175 1005 269 1055 dextra
283 1002 414 1071 laevaque
431 1003 573 1073 contingit,
589 1003 660 1053 inter
678 1017 744 1068 quas
760 1008 788 1053 et
804 1003 941 1056 Venetiae
960 1016 1080 1077 partem

172 1073 242 1124 fluit.
275 1072 380 1124 Athesis
397 1075 527 1125 Venetiae
549 1070 646 1123 fluvius
664 1078 705 1122 est
720 1072 858 1122 Veronam
874 1073 1030 1128 civitatem
1044 1088 1095 1130 'am
1112 1078 1185 1130 iered

171 1143 201 1194 in
225 1141 329 1191 Padum
353 1139 471 1206 cadens]
494 1168 529 1180 -
568 1145 637 1196 ssi..
655 1139 825 1207 intonsaque
850 1143 949 1208 caela,·
980 1145 1040 1198 hoc
1064 1148 1101 1199 ad

172 1209 258 1261 dictas
274 1210 368 1262 cristas
383 1212 513 1262 refertur.
549 1207 683 1258 Geminae
701 1225 833 1275 quercus;
849 1225 910 1260 non
928 1213 1003 1279 quie
1020 1222 1130 1268 tantm

171 1285 335 1341 nascuntur,
356 1279 404 1330 sed
427 1278 463 1330 ad
484 1279 603 1329 istorum
619 1276 826 1328 similitudinem
846 1282 992 1346 respexit:
1019 1283 1038 1335 i.
1058 1301 1082 1337 e.
1103 1280 1185 1353 quedl

169 1346 271 1397 similes
295 1347 436 1399 elevantur
459 1361 582 1414 quercus.
605 1372 640 1382 -
684 1349 745 1402 684.
775 1342 895 1396 Pulcher
918 1352 1080 1416 aquicelus
1104 1353 1203 1417 aruir,

168 1423 200 1465 ut
216 1414 331 1481 pulcher
347 1415 485 1479 vestibus,
508 1415 546 1465 sic
564 1413 678 1478 pulcher
695 1415 799 1464 armis.-
822 1413 877 1466 hoc
894 1424 954 1480 est,
1014 1438 1032 1472 r
1051 1390 1187 1488 arma,[etl

168 1483 243 1551 quod
261 1491 322 1535 erat
338 1499 481 1534 armorum
497 1483 590 1534 retulit
613 1482 647 1533 ad
664 1496 824 1549 personam
847 1483 897 1548 [et
921 1499 975 1538 me
992 1490 1035 1540 'us
1057 1491 1187 1558 figruattru

169 1566 255 1619 quam
272 1554 294 1602 si
311 1551 418 1604 dixisset
434 1550 561 1618 pulchris
578 1549 686 1614 armis]
701 1576 736 1588 -
769 1556 830 1608 685.
846 1548 989 1621 Praeceps
1008 1560 1105 1609 animi
1109 1582 1120 1624 ς
1138 1557 1188 1624 fig!-

167 1628 228 1671 rate
245 1620 364 1687 genitivo
381 1620 475 1671 iunxit.
510 1619 582 1668 Nam
604 1619 719 1670 dicimus
742 1618 883 1685 [praeceps
908 1624 1076 1678 iracundia
1082 1626 1110 1694 ,J
1128 1640 1188 1694 pree

169 1704 231 1754 ceps
242 1689 354 1755 furore.
386 1687 558 1756 [Mauortius
574 1686 701 1737 Haemon
708 1710 718 1753 ,-
744 1703 800 1738 non
816 1687 919 1741 Martis
941 1690 1037 1760 filius,
1060 1696 1110 1748 sed
1131 1692 1187 1746 teti

167 1756 267 1820 oosus]
290 1785 324 1793 —
367 1762 428 1814 686.
451 1757 621 1824 Agminibus
640 1759 726 1820 tatis,
750 1756 825 1807 deest
846 1757 899 1818 ab;
922 1769 954 1810 et
978 1762 1134 1830 signifieat,
1155 1776 1187 1815 eu

167 1825 259 1895 primo
276 1826 383 1893 fugatos
400 1842 472 1891 esse,
494 1840 558 1875 mox
575 1824 684 1875 occisos.
712 1825 771 1883 ,Aut
786 1830 861 1875 certe
879 1826 993 1895 aliquos
1009 1833 1136 1901 fugatae,
1153 1830 1187 1881 ri·

166 1909 235 1960 quos
252 1893 440 1963 interemptos.
469 1892 604 1960 {Quidam
626 1891 740 1943 dubium
763 1899 875 1960 putant,
900 1903 1003 1947 utrum
1029 1903 1064 1951 ab
1084 1902 1187 1968 agmini·

164 1962 221 2012 bus
239 1965 305 2012 tatis
323 1975 398 2028 terga
417 1963 520 2026 dedere,
537 1978 573 2012 an
590 1961 624 2011 ab
644 1962 808 2028 agminibus
824 1965 908 2014 versi.
925 1990 966 2003 -
1002 1973 1068 2026 687.
1087 1968 1187 2022 Porum

164 2031 200 2080 in
223 2030 322 2080 limine
346 2034 449 2095 vitam,·
473 2037 503 2079 ut
527 2029 580 2091 (G.
596 2028 730 2091 diuidi:
754 2031 927 2098 Animosque
953 2036 990 2084 in
1016 2039 1133 2089 vulnere
1151 2056 1186 2105 pe

169 2096 267 2161 nunt]
289 2125 323 2136 —
371 2104 431 2156 688.
455 2097 566 2146 Animis
594 2098 772 2148 discordibus
800 2100 875 2161 irae3
904 2099 1075 2171 hostilibus,
1103 2106 1186 2158 scidae

165 2166 367 2230 Troianorum,
391 2167 439 2232 qui
462 2181 477 2215 a
494 2165 601 2215 Rutulis
624 2166 821 2218 discordabant.
837 2193 872 2203 -
907 2175 973 2226 692.
992 2173 1186 2239 [Nuntius5et

165 2235 214 2300 qui
236 2235 344 2284 nuntiat
361 2235 462 2284 dicitur
480 2235 571 2300 etqui
588 2236 743 2300 nuntiatur,
766 2235 813 2285 sed
836 2236 920 2286 modo
946 2239 998 2289 hic
1024 2245 1074 2310 qni
1097 2245 1185 2295 nunu-

164 2300 230 2364 tur.]
247 2328 281 2338 -
322 2307 382 2358 695.
408 2301 587 2368 Fratresque;
612 2317 677 2369 quos
701 2319 783 2370 supra
805 2303 872 2353 dixit
894 2314 1015 2374 portam
1040 2320 1141 2364 tenere.
1161 2337 1184 2348 -

161 2376 223 2426 696.
241 2370 273 2418 Se
291 2374 400 2432 primus
419 2372 534 2435 agebat,·
561 2370 644 2436 [iuxta
660 2379 762 2422 veteres
780 2374 893 2438 agebat,
918 2390 975 2438 pro
994 2379 1184 2446 vestiebantur
1219 2386 1221 2435 ζ

162 2440 206 2502 (6,
224 2439 308 2495 337.);
331 2438 398 2486 Ecce
423 2440 594 2504 gubernator
618 2457 674 2488 sese
693 2439 846 2490 Palinurus
868 2444 982 2506 agebat.
1020 2449 1182 2515 [Plautusin

160 2505 330 2556 Mostellaria
347 2510 389 2570 (1,
405 2508 438 2570 4,
455 2506 523 2568 280:
551 2506 628 2557 Unde
646 2511 710 2574 agis
728 2507 773 2559 te?
798 2509 834 2558 Ut
857 2512 934 2560 enim
953 2530 1009 2564 nos
1027 2533 1043 2565 e
1061 2519 1182 2569 contraria

161 2574 276 2623 dicimus
294 2575 365 2625 duco
389 2591 444 2623 me:
467 2576 506 2625 ita
529 2575 584 2639 illi,
609 2578 669 2641 agit
692 2595 733 2642 se,
759 2571 814 2628 aiud
831 2575 879 2640 rod
898 2575 1014 2647 dysin}
1039 2604 1069 2636 se
1093 2588 1181 2653 agebat,

159 2642 213 2693 hoc
232 2650 272 2691 est
288 2642 440 2694 incedebat.
476 2644 591 2693 Tractus
616 2652 709 2694 autem
731 2661 821 2698 sermo
846 2654 887 2696 est
904 2667 919 2698 a
943 2652 1062 2705 ratione
1079 2655 1180 2722 Physica.
1212 2674 1215 2691 ¹

159 2711 232 2760 Nam
249 2715 345 2778 agitur
362 2727 461 2779 corpus
484 2712 573 2762 animi
595 2711 704 2762 iudicio.
736 2715 812 2765 Unde
829 2713 982 2768 Terentius
1009 2723 1103 2785 (Andr.
1120 2728 1179 2788 2,4,
1210 2716 1214 2775 Ι

158 2778 226 2839 25.);
246 2779 308 2844 Quo
327 2792 350 2830 te
369 2780 454 2846 agis?
470 2806 504 2817 —
539 2785 598 2836 697.
616 2780 758 2846 [Thebana
778 2784 810 2831 de
828 2797 913 2834 matre
920 2809 931 2848 ,·
950 2792 1128 2851 parenthesis
1142 2799 1178 2842 est
1209 2786 1212 2800 '

157 2846 228 2898 Sane
253 2848 365 2898 Thebae
388 2849 458 2898 aliae
481 2848 643 2915 Aegyptiae,
674 2850 743 2900 aliae
767 2851 911 2917 Boeotiae,
935 2855 1014 2908 aliae
1040 2855 1177 2928 Phrgyiaa]
1209 2850 1212 2885 ⁵

157 2914 327 2980 Sarpedonis
353 2917 419 2980 alti,
442 2917 460 2967 i.
478 2935 503 2967 e.
528 2917 636 2969 nobilis.
654 2943 688 2954 —
722 2923 782 2974 698.
800 2919 874 2968 Itala
901 2937 1029 2991 cornus;
1056 2928 1176 2980 teltundt
1208 2950 1212 2977 ;

155 2983 224 3034 lata
247 3001 334 3034 cornu
356 2987 474 3048 factum,
500 2984 538 3050 [et
563 2985 709 3036 materiam
734 3002 785 3054 pro
811 3003 895 3056 opere
920 2995 1040 3060 posuit]
1063 3023 1097 3034 --
1127 3000 1174 3053 699

155 3051 303 3102 Stomacho
324 3052 431 3117 influa,¹
450 3053 573 3102 Graecus
589 3069 679 3104 sermo
698 3061 746 3104 est.
760 3081 794 3091 --
827 3063 887 3111 700.
906 3059 1028 3124 [Specus
1046 3067 1174 3124 vulpam,
1208 3076 1211 3085 ·

155 3121 264 3184 poetica
294 3121 475 3185 exaggeratio.
523 3119 656 3186 [Specam
682 3122 757 3173 enim
787 3139 837 3192 pro
861 3130 1011 3181 cavatione
1036 3133 1130 3200 posuit.
1148 3154 1173 3166 -
1208 3146 1211 3153 ¹

155 3195 216 3245 701.
232 3188 268 3239 Et
279 3189 342 3256 fixo
356 3189 469 3254 ferrum
489 3189 518 3237 in
532 3189 663 3252 pulmone
669 3213 678 3252 ,·
698 3200 724 3240 et
740 3191 845 3241 ferrum
862 3193 948 3242 fixum
958 3212 970 3259 ,·
986 3208 1014 3248 et
1031 3202 1174 3270 pulmonem

153 3256 239 3306 fixum
256 3273 397 3326 possumus
415 3254 559 3322 accipere]
576 3283 610 3293 -
643 3265 703 3314 702.
721 3259 893 3323 Erymantha
914 3280 1025 3330 inanu5
1050 3269 1069 3319 i,
1088 3287 1110 3320 ρ,
1130 3268 1173 3336 gh·
1207 3316 1211 3329 ι

154 3325 199 3376 dio
217 3327 342 3376 cominus
359 3323 431 3375 ferit.
465 3326 539 3374 Nam
555 3325 610 3387 illi,
626 3325 659 3375 dc
678 3327 774 3392 quibus
791 3329 916 3393 superius
934 3333 1022 3398 dixit,
1039 3352 1097 3388 non
1112 3342 1173 3401 (non
1206 3360 1210 3375 ·

153 3394 221 3447 nulli
238 3395 315 3444 codd.
333 3394 408 3442 omit.
429 3393 496 3452 non)
514 3409 599 3444 manu
616 3393 697 3443 occisi
714 3401 787 3458 sunt,
809 3397 857 3446 sed
873 3399 960 3449 misso
978 3403 1078 3454 iaculo.
1112 3405 1171 3472 Ergo
1207 3422 1210 3429 ’

152 3463 188 3512 ad
205 3462 392 3514 differentiam
409 3461 457 3511 teli
473 3461 556 3524 iacti,
578 3461 670 3529 accipe
688 3478 773 3512 manu
787 3463 804 3513 i.
823 3482 846 3515 e.
863 3466 966 3533 gladio,
985 3497 1022 3507 -
1057 3480 1117 3530 703.
1131 3475 1169 3521 Ar.

153 3531 260 3579 dentem
276 3532 366 3581 aculis
385 3531 544 3595 animisque
556 3529 737 3595 Ῑνιιηεηῑεηι,Ι
756 3538 783 3579 et
798 3540 876 3597 gestu
893 3538 1031 3604 corporis,
1050 3548 1079 3591 et
1094 3548 1169 3592 mente
1205 3548 1209 3575 ³

151 3607 332 3649 commotum.
351 3624 386 3634 -
420 3601 479 3652 704.
503 3597 608 3664 [Neque
634 3602 707 3647 enim
728 3601 835 3658 iaculo;
859 3606 1058 3670 parenthesis]
1095 3608 1168 3659 Vitare
1204 3597 1207 3613 '

152 3665 286 3730 dedisset,⁸
311 3683 361 3733 pro
378 3665 547 3717 reddidisset.
566 3691 601 3702 -
633 3674 694 3723 705.
713 3667 861 3719 Phalarion
880 3675 976 3734 venit,-
1004 3675 1039 3726 de
1061 3677 1112 3727 hoc
1127 3677 1167 3726 telo

150 3734 269 3800 legitur,
295 3737 358 3800 quia
376 3743 416 3784 est
432 3735 543 3800 ingens,
565 3741 646 3782 torno
662 3736 782 3800 factum,
804 3737 909 3788 habens
930 3743 1044 3791 ferrum
1069 3744 1167 3795 cubitale

150 3810 178 3854 et
194 3803 392 3853 rotunditatem
409 3802 443 3852 de
460 3801 572 3867 plumbo
590 3802 618 3852 in
636 3805 750 3855 modum
766 3806 908 3870 sphaerae.
943 3809 976 3858 In
993 3810 1058 3876 ipsa
1074 3811 1167 3862 sumni·

149 3878 206 3922 tate
223 3870 323 3921 dicitur
340 3872 424 3920 etiam
440 3871 537 3937 ignem
554 3871 597 3934 (al.
615 3873 735 3922 cubitale
753 3890 839 3939 supra
855 3876 930 3938 quod
944 3878 1034 3926 veluti
1048 3883 1166 3946 quaedam
1208 3890 1212 3901 ·

149 3941 282 4005 sphaera,
313 3940 396 3986 cuius
421 3940 532 4004 pondus
564 3940 647 3987 etium
669 3942 781 4004 plumbo
805 3955 940 4008 augetur,
972 3946 1085 3998 dicitur
1107 3951 1164 3998 enin

149 4008 252 4076 ignem)
277 4007 380 4057 habero
404 4007 515 4057 affixum
539 4007 649 4074 [stuppa
672 4009 888 4076 circtundatum,
911 4018 939 4063 et
962 4013 1028 4080 pice
1052 4017 1165 4069 oblitum:
