2454 4500
163 263 229 327 458
300 248 303 258 '
415 257 553 319 scnvu
576 257 931 322 contaminatus

163 457 259 497 meum
282 448 311 495 et
331 440 437 494 Maiam
459 438 561 505 cuiue,
583 424 720 491 Oenomai
742 437 958 505 Hippodamiam
981 442 1097 509 filiam,
1122 442 1172 494 inde
1208 460 1213 485 ··

162 516 259 567 Atreus
281 517 378 575 natus,
406 517 437 561 at
457 508 551 560 Maiae
577 507 649 557 filius
672 507 828 558 Mercurius
857 526 890 561 er
915 527 973 577 quo
999 511 1173 574 Arcada-te
1211 522 1214 527 '

164 581 263 651 quibus
282 580 425 644 Euander,
446 578 521 645 quod
536 576 633 627 Aesim
655 577 684 625 in
701 578 785 627 Atreo
808 577 914 645 plenius
937 582 1032 631 refert
1081 582 1132 633 Alii
1148 579 1175 631 iti

165 657 293 703 nunant:
317 649 390 699 Atlas
407 647 562 717 complures
579 643 677 695 habuit
692 644 777 709 lilios,
796 646 844 696 sed
866 647 902 698 de
920 647 996 698 Lino
1014 649 1133 719 Pelopea
1145 664 1176 714 ge

162 720 235 781 nuit,
251 719 275 769 is
291 720 419 780 Atreum,
435 718 532 767 Atreus
547 716 788 780 Agamerrmonem
803 720 833 764 et
847 714 1024 780 Menelaum,
1040 718 1177 769 Mercurius

162 786 261 841 deinde
277 794 319 838 est
334 786 615 853 Nicostrataepater,
638 798 708 848 quae
731 781 785 831 tuit
803 790 894 834 mater
919 785 1065 851 Eiiandri‚
1087 787 1179 837 Meru-

161 856 237 909 rinm
254 854 330 907 Maia
352 853 408 905 tilia
424 852 537 903 Atlantis
561 851 669 919 gerunt:
693 848 736 900 Sic
759 850 888 903 ''isander
905 854 1013 907 Atridis
1036 856 1179 906 coniuncta

163 932 220 987 ast,
235 923 363 975 Troianis
380 930 473 973 autem
490 921 528 971 sic
545 919 677 986 iungitur,
694 934 726 969 ex
742 918 853 971 Electra
868 920 991 972 Atlantis
1009 923 1077 988 filia,
1093 934 1120 974 et
1133 924 1180 973 lon

163 992 308 1045 Dardaniis
330 990 464 1055 nacitur,
487 989 544 1042 eius
566 988 636 1038 iilius
658 987 847 1057 Erichtonius,
868 1005 901 1040 er
923 1006 960 1040 eo
977 993 1140 1056 Assaraciu,
1157 1002 1181 1040 er

161 1060 210 1115 illo
232 1063 291 1129 Cap
309 1076 335 1123 s,
359 1075 390 1111 ex
412 1059 460 1110 illo
477 1058 621 1119 Anchises,
644 1072 675 1108 ex
697 1054 744 1105 illo
764 1055 889 1121 Aeneas]
905 1082 941 1094 ⁸·
979 1066 1045 1117 131.
1064 1060 1129 1111 Mea
1150 1073 1182 1107 ins

163 1132 273 1195 ristun
292 1078 365 1181 haec
388 1126 527 1193 arrogatio
551 1126 586 1178 ad
609 1124 745 1174 honorem
767 1124 891 1177 Euandri
908 1128 1054 1193 pertinet;
1076 1131 1116 1197 [et
1130 1144 1181 1179 sare

162 1200 245 1269 paulo
260 1197 436 1265 adrogantius
452 1194 590 1247 videretur
606 1192 736 1244 nrtutem
751 1208 829 1245 stiam
844 1194 991 1259 laudasse,
1006 1196 1064 1249 nisi
1080 1198 1182 1250 deonn
1215 1254 1217 1261 ¹

162 1268 274 1321 oranda
297 1274 325 1319 et
348 1266 421 1317 iacta
442 1263 653 1331 coriiungeret:„
667 1261 767 1313 deinde
797 1275 827 1311 ut
847 1263 983 1314 antino
1016 1265 1182 1327 blandiretur,

163 1334 243 1387 Tua.
265 1334 371 1405 inquit,
394 1333 479 1384 terris
503 1332 595 1383 didita
614 1329 716 1398 sama,
738 1336 766 1382 et
788 1330 865 1381 utin
881 1332 1025 1383 audientis
1042 1343 1136 1385 mente
1150 1350 1183 1384 re·

161 1410 303 1469 accerseret,
326 1404 356 1455 in
379 1401 476 1453 ultimo
500 1400 618 1453 addidit:
640 1398 675 1448 Et
693 1399 768 1467 fatis
792 1415 868 1465 egere
893 1400 1046 1454 volenteis.
1081 1402 1132 1454 Sed
1146 1401 1181 1452 hic

162 1472 269 1557 singula
284 1470 492 1591 dliptbinquenrlali
515 1478 548 1588 ιχ(
563 1469 654 1588 maliipp·
670 1467 710 1586 iiii
721 1467 913 1585 niunpurc]
934 1469 1057 1597 felilices
1068 1470 1182 1590 Corapplp

161 1544 606 1677 diiiiniuiriauerildiiitcis:ceQ'uiid
631 1552 683 1670 (iii.
709 1551 811 1672 disderii)
831 1540 959 1655 (sisiniiie'
982 1545 1181 1672 ridi(,⁷udrate

160 1680 300 1749 pendetur
316 1678 351 1729 at
370 1678 445 1729 urbs.
461 1700 496 1749 χ-
529 1683 590 1733 132
608 1672 708 1725 Diditn
727 1673 769 1739 (al.
789 1674 860 1735 ded.)
871 1674 975 1742 fama5
995 1676 1146 1745 divulgata:
1161 1681 1183 1723 nt

120 1780 127 1795 .
161 1758 207 1817 (7,
227 1748 310 1809 tud:
333 1744 454 1797 Diditur
475 1744 526 1811 (al.
549 1742 626 1804 ded.)
651 1743 697 1792 hic
727 1744 819 1794 subito
844 1742 975 1794 Troiana
1001 1762 1051 1812 per
1076 1746 1181 1812 agmine

163 1834 266 1869 tutetur.
303 1815 383 1867 Fotis
407 1830 485 1881 egere
509 1815 659 1870 nolentem
684 1811 720 1879 [i.
744 1810 801 1876 e.,]
824 1812 898 1879 quod
920 1812 1072 1865 voluntatis
1095 1818 1181 1875 fuerat,
1216 1836 1218 1843 ·

161 1888 218 1953 egit
236 1885 380 1937 necessitas
397 1886 468 1935 latis.
483 1910 518 1919 -
554 1885 614 1939 134.
631 1880 789 1930 Dardanus
806 1874 871 1941 (ἰὼ
895 1880 1058 1948 [Dardanus
1075 1899 1109 1934 ex
1124 1883 1182 1945 lose,
1216 1904 1218 1913 =

160 1962 190 2009 et
207 1954 315 2005 Electra
331 1952 446 2003 Atlantis
462 1950 518 2001 filia
534 1951 658 2018 genitus,
682 1949 716 1999 de
732 1948 811 2000 ltalia
831 1944 911 2000 sorte'
928 1950 1010 2002 abire
1028 1951 1181 2021 compulsus,

160 2038 243 2089 agros
259 2022 373 2073 Troicos
390 2022 474 2091 petit,
496 2020 592 2087 ibique
606 2016 772 2068 Dardanum
789 2017 921 2087 oppidum
936 2018 968 2068 in
986 2036 1020 2070 re
1044 2019 1107 2070 'one
1123 2019 1182 2069 Dar

159 2092 244 2144 dania
268 2090 425 2141 conlocarit.
459 2088 529 2138 Saue
552 2085 611 2150 hic]
632 2084 723 2137 reddit
746 2086 820 2153 qnod
836 2086 875 2137 ait
890 2100 991 2156 supra:
1040 2091 1180 2155 agentique

181 2172 262 2208 atres.
304 2160 373 2207 Sane
397 2156 447 2223 (al.
471 2157 536 2214 sed)
559 2156 715 2217 sciendum,
738 2155 857 2206 Atlantes
881 2163 938 2205 tres
963 2156 1057 2206 fuisse.
1101 2157 1181 2206 Unum

160 2179 307 2289 hlaurmn,
331 2228 377 2292 qui
395 2234 435 2276 est
451 2225 599 2283 maximns3
623 2224 741 2274 altermn
756 2224 894 2286 Italicum,
916 2231 1030 2293 patrem
1054 2226 1182 2277 Electrae:

161 2295 234 2346 unde
257 2302 335 2344 rietus
360 2301 401 2344 est
423 2293 576 2342 Dardanus.
617 2292 743 2341 Tertium
759 2292 935 2355 Arcadicum,
960 2302 1075 2358 patrem
1092 2296 1181 2354 Maiae,

162 2364 235 2414 unde
259 2370 338 2412 iratus
363 2370 402 2411 est
417 2361 578 2411 Mercurius.
613 2360 665 2410 Sed
688 2377 761 2410 nunc
786 2378 816 2411 ex
839 2362 988 2410 nominum
1012 2363 1180 2412 similitudine

160 2432 227 2484 facit
244 2446 383 2492 errorem,
406 2436 434 2479 et
451 2429 528 2491 dicit,
552 2428 690 2478 Electram
716 2437 742 2479 et
758 2430 862 2480 hlaiam
882 2429 951 2480 filias
975 2431 1061 2481 fuisse
1078 2431 1181 2480 Atlantis

161 2500 282 2550 maximi.
317 2499 373 2547 Nec
389 2506 498 2565 praeter
515 2496 653 2547 rationem
671 2498 725 2560 ait,
748 2512 773 2546 et
791 2501 946 2548 maximus.-
973 2507 1002 2549 et
1018 2501 1094 2551 Atlas
1116 2500 1180 2549 idem

160 2571 233 2620 Atlas
250 2575 373 2635 generat
407 2568 479 2616 hum
498 2565 598 2633 etipse
615 2567 713 2617 hahuit
730 2569 813 2617 etiam
829 2568 930 2616 horum
946 2568 1098 2618 nominum
1115 2568 1180 2629 filias,

160 2640 178 2690 i.
197 2657 220 2689 e.
237 2637 377 2687 Electram
395 2643 423 2686 et
439 2635 551 2685 Maiam.
570 2660 602 2668 —
640 2642 690 2692 135
722 2634 756 2684 Ut
776 2635 859 2685 Graii
875 2635 1035 2702 perhibent‚·
1062 2637 1081 2687 i.
1099 2656 1135 2700 e.,
1157 2644 1179 2685 ut

160 2716 264 2758 vestrae
282 2706 423 2755 continent
438 2705 542 2761 literae.
579 2703 707 2768 [Firmius
725 2706 800 2755 euim
825 2714 865 2754 est
880 2704 954 2771 quod
972 2705 1101 2771 ipsortun
1117 2705 1180 2756 testi·

162 2775 257 2825 monio
274 2774 399 2824 insertur.
410 2799 442 2810 -·
479 2781 530 2830 tao
553 2771 848 2832 AdvehiturTeucros3
865 2780 892 2825 et
909 2773 1037 2825 homines
1056 2782 1085 2825 et
1102 2775 1181 2841 regio·

161 2861 227 2896 nem
250 2843 392 2908 significat.
426 2841 495 2893 Sene
512 2841 643 2911 prolepsis
667 2852 721 2904 est,
743 2859 809 2892 nam
832 2849 892 2910 post
907 2841 1072 2893 Dardanum
1091 2842 1180 2893 Teucri

160 2911 288 2979 appellati
305 2919 374 2961 sunt.
392 2936 426 2946 -
461 2917 520 2967 138.
538 2912 700 2960 Mercurius
716 2924 794 2976 pater
812 2924 865 2970 ειη
888 2911 1046 2961 Mercurius
1070 2912 1137 2962 lovis
1159 2917 1180 2961 et

159 2980 267 3039 Maiae,
290 2996 359 3043 qnae
387 2987 428 3029 est
451 2996 506 3029 una
524 2981 557 3030 de
574 2979 727 3030 Pleiadibus
750 2981 819 3030 filius
843 2987 937 3030 auctor
962 2979 1137 3046 eloquentiae
1159 2985 1180 3029 et

159 3049 241 3110 lime,
258 3047 441 3096 internuntius
458 3049 581 3098 deornm.
616 3049 668 3098 Iste
694 3049 779 3099 etiam
796 3049 944 3118 palaestrae
968 3047 1114 3113 inventor,
1135 3050 1179 3100 hoc

160 3118 244 3167 modo
263 3132 319 3166 esse
336 3123 480 3166 narratur:
502 3117 634 3168 Choricus
652 3134 698 3167 rex
717 3117 829 3183 quidam
845 3116 978 3169 Arcadiae
1003 3116 1075 3166 filios
1093 3116 1179 3169 habuit

159 3186 318 3252 Plexippum
343 3192 370 3234 et
391 3183 526 3249 Enetum,
546 3194 573 3236 et
597 3185 763 3236 Palaestram
787 3187 886 3237 filiam:
908 3185 961 3237 Sed
985 3184 1100 3238 iuvenes
1125 3201 1178 3236 cum

159 3270 224 3307 casu
240 3255 314 3304 iuter
330 3269 358 3303 se
376 3252 510 3304 haberent
527 3262 683 3305 certamen.
705 3255 885 3320 impressione
910 3262 937 3304 et
954 3254 1017 3303 nisu
1035 3270 1176 3322 corporiun

159 3324 323 3374 invenerunt
339 3320 502 3386 luctamina,
525 3324 572 3390 qni
590 3339 654 3372 cum
670 3322 723 3372 hoc
742 3330 820 3393 patre
836 3331 979 3392 praesente
997 3322 1135 3387 lacerent,
1158 3334 1179 3373 et

159 3392 206 3442 illa
222 3408 255 3441 re
272 3405 340 3440 nova
357 3390 551 3454 delectaretur,
576 3409 606 3440 ex
624 3410 657 3442 ea
673 3408 704 3442 re
728 3392 804 3443 ludus
826 3396 912 3444 factus
936 3399 991 3454 est,
1017 3407 1104 3458 quam
1125 3408 1178 3442 rem

159 3460 296 3510 Palaestra
312 3474 389 3508 soror
406 3460 551 3523 iuvenum,
573 3460 714 3510 Mercurio
731 3463 835 3512 amanti
853 3478 882 3513 se
898 3460 1035 3530 prodidit,
1060 3463 1177 3528 quicum

160 3544 222 3579 rem
239 3542 337 3579 novam
355 3527 474 3590 vidisset,
500 3528 652 3596 pleniorem
675 3529 709 3579 de
732 3531 866 3582 industria
888 3538 978 3580 artem
994 3529 1125 3582 homines
1139 3529 1178 3579 do-

160 3595 229 3646 cuit:
246 3594 299 3645 hoc
317 3595 376 3645 seni
392 3597 501 3647 invenes
519 3613 535 3646 a
552 3612 647 3648 sorore
665 3599 805 3668 proditum
823 3599 963 3663 minuant,
980 3599 1027 3650 ille
1046 3599 1130 3650 iratus
1145 3604 1177 3648 est

159 3663 249 3731 potius
271 3662 333 3712 liliis
351 3666 423 3728 qnod
447 3680 502 3715 non
519 3674 652 3732 tanquam
668 3669 760 3718 furem
778 3668 948 3720 Mercurium
964 3667 1176 3735 insequerentur,

159 3747 243 3801 quem
260 3746 324 3780 cum
340 3730 380 3783 illi
395 3734 425 3782 in
442 3742 535 3785 monte
553 3735 736 3788 dormientem
760 3737 937 3800 invenissent,
949 3753 1063 3788 manus
1087 3737 1112 3788 ei
1128 3750 1176 3784 am·

177 3807 335 3851 utavertmt:
360 3803 430 3852 nmle
454 3810 481 3851 et
503 3805 561 3870 ipse
579 3804 715 3870 Cyllenius
740 3815 770 3857 et
792 3821 872 3856 mons
888 3806 1025 3856 dicuntur.
1062 3806 1175 3871 Namque

158 3820 268 3920 iiraece
293 3864 412 3930 xviidie,
445 3871 536 3937 aliqua
559 3873 697 3923 mutilatos
722 3882 801 3941 parte
824 3875 948 3941 corporis
973 3875 1084 3939 dicunt,
1115 3872 1173 3923 unde

157 3938 243 3991 etiam
261 3937 373 3989 herines
391 3939 521 4003 (hermas)
539 3957 673 4005 vocamus,
691 3944 824 4009 quosdam
841 3943 963 3994 stimulos
980 3942 1012 4011 θ)
1029 3943 1061 3994 in
1074 3943 1173 3993 modim

158 4007 303 4076 signorum
326 4004 384 4057 sine
401 4009 540 4061 uultibus:
564 4009 718 4063 Mercurius
742 4027 805 4064 vero
828 4013 883 4064 lovi
907 4021 1073 4081 conquestus
1090 4008 1173 4063 Chori-
