2454 4500
204 267 239 311 ta
262 243 420 317 VIRGIL.
443 242 996 320 AENEID.L113.x‚467-tst.
1021 246 1024 255 ’
1061 247 1126 311 575

212 434 217 443 o

68 434 127 491 nir
152 432 184 486 in
245 438 306 484 arto
324 430 432 497 (697.):
447 430 510 481 'Sed
534 431 637 480 misera
662 439 725 479 onte
750 429 840 493 diem,
861 428 885 480 E
904 429 1065 485 icureorum
1082 436 1130 495 est,

72 504 138 573 qui
157 447 264 553 cadiilu
282 508 381 551 cuncta
397 499 560 551 concedunt.
593 498 674 548 Nunc
692 499 765 566 quod
782 498 862 551 dicit:
898 511 938 549 tot
955 516 1009 549 sua
1028 500 1129 568 cuique

73 574 169 635 dies,
194 570 350 621 Stoicorum
374 575 429 633 est,
454 568 501 636 qui
525 567 621 617 dicunt
644 569 766 617 satorum
789 576 891 620 statuta
914 569 1024 620 servari.
1058 570 1130 620 Sane

100 641 243 691 rudentes
265 637 347 701 iecit,
376 644 409 686 ut
431 636 534 686 illitam
566 642 594 685 ct
616 652 714 703 vagam
744 636 904 702 opinionem
928 637 1131 705 Epicureorum

67 658 171 763 daret
188 707 310 771 homini,
335 705 370 773 [i.
390 724 412 757 e.
431 704 515 769 sibi];
539 718 605 754 narn
622 704 689 755 illud
705 704 736 755 eir
753 721 868 773 persona
891 711 990 774 politae
1008 706 1128 771 dictum}

78 778 166 833 herio
190 784 284 826 autom
308 772 427 826 validam
451 775 530 827 daret
552 772 615 823 Iovi.
649 772 722 822 Nam
740 773 823 825 Stoici
848 781 876 827 et
898 775 1001 827 nimiae
1024 775 1130 826 virtutis

82 853 157 899 nunt
184 851 212 895 et
240 843 359 895 cultores
383 838 507 913 deorum}
555 840 615 890 Stat
638 842 754 908 [autem]
783 844 835 893 lixa
859 852 907 896 est.
948 842 1019 895 Dies
1044 845 1130 913 [vero]

82 908 217 983 Tempus
235 912 321 979 vitae:
346 927 412 963 uam
430 910 566 962 feminino
590 927 653 960 risus
678 919 718 962 est
742 928 851 976 genere.
887 914 960 965 Cum
979 912 1054 964 enim
1071 928 1129 963 ma·

66 974 200 1037 ‘octiduo
218 982 338 1044 utimur,
361 994 398 1030 rc·
410 997 474 1031 vera
492 981 568 1031 dietn
584 979 777 1042 significamus.
812 984 892 1049 [Sane
911 982 1065 1047 prudenter
1083 996 1130 1033 nc-

84 1059 207 1121 gaturus
225 1066 241 1101 a
259 1065 340 1101 causa
357 1049 462 1115 coepit,
486 1049 550 1115 quia
575 1048 623 1115 qui
646 1056 727 1116 rogat
750 1049 817 1100 dum
844 1066 987 1117 suspensus
1005 1058 1129 1122 expecta·

83 1122 169 1173 tione
195 1125 250 1184 est,
280 1124 370 1185 potest
393 1117 490 1169 audire
522 1132 633 1167 causam
656 1135 706 1168 cur
731 1118 783 1168 sibi
812 1129 907 1186 postea
931 1127 1063 1186 negatum
1088 1119 1130 1173 tit.

87 1190 228 1241 Cetertun
244 1186 267 1237 si
284 1187 376 1239 statim
394 1201 492 1252 nepos,
517 1201 568 1235 nec
585 1186 707 1236 admittit
724 1189 943 1253 sarmationem,
965 1187 1027 1239 ideo
1045 1202 1129 1256 nega-

84 1264 171 1309 turus
188 1255 311 1336 Iuppiter
334 1258 372 1306 sic
390 1250 501 1323 coepit]
535 1253 619 1305 Breve
637 1267 744 1321 tempus
763 1259 852 1322 vitae3
878 1258 943 1325 quia
967 1257 1131 1326 quandoque

84 1325 203 1379 finitur:
219 1341 277 1392 ipse
294 1324 377 1390 paulo
394 1331 455 1438 post
473 1321 568 1386 (861.);
593 1323 703 1374 Rhoete
723 1326 788 1388 diu,
807 1344 850 1376 res
869 1330 897 1376 si
913 1343 968 1393 qua
988 1327 1037 1376 diu
1058 1343 1131 1378 rnor-

87 1394 203 1445 talibus
228 1394 288 1443 utlo
311 1405 366 1457 est,
417 1394 533 1442 ierimus.
572 1391 645 1442 Item
662 1390 773 1457 Cic'ero,
797 1398 858 1462 (pro
875 1395 962 1446 Marc.
980 1393 1030 1455 9.):
1054 1393 1132 1461 Quid

89 1474 137 1514 est
162 1462 237 1510 enim
263 1461 314 1513 hoc
341 1464 434 1529 ipsum
459 1461 525 1525 diu,
557 1461 588 1509 in
614 1478 668 1525 quo
694 1475 734 1512 est
757 1463 869 1529 aliquid
901 1464 1073 1514 extremum?
1098 1490 1132 1502 -

88 1535 158 1590 468.
178 1529 320 1581 Omnibus
339 1541 401 1590 ·est;
424 1544 526 1594 magna
550 1530 715 1594 consolatio,
741 1548 812 1599 quac
837 1532 967 1595 ostendit,
990 1548 1046 1584 non
1072 1550 1131 1585 esse

88 1598 215 1653 dolenda
232 1599 399 1649 communia.
434 1597 512 1663 [Quis
529 1597 604 1647 enim
622 1599 781 1667 indignetur
799 1602 959 1667 contingere
983 1600 1035 1651 sibi
1059 1601 1134 1670 quod

90 1669 224 1729 omnium
243 1666 321 1731 esti]
356 1666 408 1715 Sed
425 1665 540 1732 sornam
566 1669 709 1717 extendere
729 1668 837 1736 factis5
862 1678 959 1722 contra
975 1669 1040 1721 illud
1059 1670 1133 1737 quod

89 1735 275 1799 occurrebat,
298 1735 408 1785 vitanda
432 1750 490 1784 esse
507 1735 608 1799 ardua,
632 1736 655 1785 si
672 1734 838 1802 [eommunis
856 1739 983 1790 omnibus
1000 1754 1075 1789 mors
1093 1755 1133 1790 es·

90 1803 171 1870 set,]
194 1804 282 1855 brevis
300 1811 341 1854 est
359 1805 424 1852 vita:
449 1801 515 1851 dicit
538 1800 600 1852 ideo
625 1807 756 1857 amandat
778 1822 835 1859 csse
860 1808 987 1870 virtutes,
1013 1815 1043 1857 ut
1059 1807 1132 1858 vitae
1197 1842 1200 1849 ·

91 1873 223 1933 brevitas,
233 1873 307 1922 fama
324 1880 352 1922 et
365 1870 471 1939 gloriae
484 1869 590 1919 meritis
602 1873 687 1936 possit
699 1877 801 1939 angori.
839 1876 936 1943 Opus,
955 1875 1085 1926 osticium.
1098 1903 1133 1915 -

89 1946 160 2001 470.
179 1940 267 1991 Gnoti
285 1942 436 2000 deum,·„ut
452 1938 568 1991 Achilles
586 1939 723 2003 thetidis,
746 1940 878 1995 Memnon
897 1948 1037 2008 Aurorae,
1054 1947 1132 1997 Asca·

88 2011 194 2079 laphus
211 2008 319 2061 Mutis.
336 2036 370 2045 -
410 2011 472 2063 ttt.
491 2007 649 2074 Sarpedon,-
676 2009 826 2059 secundum
844 2011 949 2075 Virgilii
975 2010 1134 2065 declinatio·

90 2096 180 2141 nom,
204 2086 235 2129 ut
251 2083 292 2143 (9,
310 2075 398 2137 (idi-i:
422 2076 546 2126 Notium
565 2076 736 2143 Sarpedonis
755 2079 821 2142 alti,
846 2074 942 2128 ultim'a
959 2077 1074 2130 habebit
1091 2100 1134 2130 ac·

92 2156 212 2203 centum
228 2145 258 2197 in
275 2144 460 2209 nominativo,
477 2145 628 2195 secundum
646 2147 816 2209 Homerum,
835 2148 881 2217 qui
900 2155 927 2199 et
945 2146 1134 2212 Sarpedontos

93 2225 128 2273 et
144 2216 321 2283 Sarpedonos
337 2214 411 2278 facit,
429 2222 457 2264 et
474 2214 573 2264 ultima
590 2222 619 2266 et
635 2214 787 2282 penultima
805 2215 922 2284 [Syllaba
940 2216 1025 2267 habet
1039 2233 1134 2268 aecen-

91 2283 179 2349 tum.]
213 2285 248 2334 Et
267 2286 324 2333 iam
343 2282 396 2333 su'o
416 2283 545 2332 Turnum
554 2306 564 2346 ,·
582 2284 663 2333 multi
680 2286 764 2332 etiam
780 2285 891 2353 legunt,
908 2291 939 2335 ut
954 2285 989 2335 sit
1006 2301 1080 2334 ecce:
1109 2292 1137 2337 et

90 2353 219 2425 pertinet
235 2352 271 2404 ad
286 2352 518 2416 consolationem,
542 2352 564 2403 si
581 2351 636 2402 cito
654 2354 791 2418 periturus
809 2362 850 2405 est
865 2353 911 2407 ille
931 2355 978 2421 qui
995 2353 1085 2407 vincit
1100 2378 1137 2392 —

92 2432 160 2481 472.
178 2421 286 2484 Metas;
310 2421 393 2484 fines,
417 2422 608 2486 ut(1,278.):
634 2419 691 2472 Hic
709 2440 757 2488 ego
778 2440 826 2472 nec
844 2435 932 2474 metas
951 2440 1060 2487 rerum,
1085 2430 1135 2474 net

93 2504 222 2557 tempora
241 2508 323 2556 pono.
359 2488 501 2552 Peruenit,¹
526 2490 596 2541 bene
620 2491 656 2542 ad
679 2492 887 2558 exprimendum
910 2493 1030 2543 celerem
1059 2507 1135 2543 mor-

94 2561 133 2623 tis
158 2560 321 2623 adventurn,
344 2559 493 2627 praeterito
517 2575 578 2608 usus
597 2568 638 2610 est
660 2568 795 2627 tempore.
813 2587 846 2597 -
881 2566 943 2616 473.
961 2559 1135 2612 Rutulorum

97 2631 194 2682 reiicit
219 2631 313 2693 orvis,
338 2627 510 2696 respiciendo
534 2628 600 2677 iecit
624 2637 733 2697 partem
756 2628 927 2686 feliciorem
952 2626 1024 2687 unda
1048 2629 1075 2679 in
1095 2646 1135 2681 se·

96 2698 190 2749 cundo
208 2697 247 2748 ait
264 2695 358 2761 inulti:
382 2697 481 2761 Aspice
500 2712 553 2745 nos
571 2695 622 2745 hoc
641 2709 766 2760 rantum3
793 2697 924 2763 quidquid
951 2696 1027 2747 enim
1045 2697 1136 2768 luppi-

94 2764 246 2829 territet,
268 2763 419 2815 admodum
437 2765 517 2814 iuvat.
553 2763 661 2825 Reicit3
686 2783 713 2814 re
731 2765 892 2814 naturaliter
916 2763 1005 2815 brevis
1028 2773 1085 2831 est,
1109 2771 1137 2817 et

93 2850 163 2888 eam
182 2834 331 2900 prolonga
349 2832 448 2897 posuit.
484 2831 527 2881 Sic
545 2833 610 2882 alibi
626 2833 670 2899 (G.
687 2841 718 2897 3,
735 2833 822 2891 mi:
846 2831 944 2895 Reice,
962 2850 995 2883 ne
1014 2835 1136 2885 maculis

68 2894 226 2972 'infuscet
243 2902 345 2959 uellera
364 2901 469 2966 puilt's,
486 2900 558 2968 quod
575 2901 642 2952 licet
657 2901 741 2971 possit
758 2901 888 2963 excusari,
905 2901 969 2967 quia
987 2916 1051 2952 cum
1070 2903 1137 2956 iacit

97 2973 202 3035 reieci,
217 2970 290 3021 inter
307 2968 373 3019 diras
391 2968 495 3019 vocales
513 2970 645 3038 i'posita,
669 2968 796 3036 producit
813 2969 999 3038 superiorein,
1017 2978 1047 3022 ut
1064 2972 1136 3033 diep-
1213 3022 1216 3029 ,

96 3057 179 3106 snus,
200 3039 313 3105 longam
337 3052 399 3088 eam
423 3053 480 3088 esse
497 3053 543 3105 spe
562 3055 616 3104 qua
639 3056 690 3106 per
708 3036 920 3090 declinationem
943 3039 1026 3106 longa
1044 3041 1136 3091 sutura

99 3106 157 3164 est:
180 3115 275 3159 tamen
292 3105 357 3174 quia
380 3106 408 3155 in
426 3105 479 3155 hac
496 3123 528 3156 re
545 3115 739 3173 argumentum
766 3107 854 3174 magis
877 3114 930 3170 est,
954 3123 1038 3175 qtiam
1056 3110 1137 3174 ratio,

97 3178 224 3232 dicamus
249 3175 353 3226 ectasin
376 3176 496 3237 iactam,
518 3191 589 3240 quae
611 3176 699 3242 poetis
723 3173 886 3242 pierumque
912 3177 1078 3230 conceditur.
1102 3202 1136 3215 ·-

99 3252 164 3305 475.
187 3243 349 3310 Fulgentem
375 3245 478 3308 deripit
502 3261 609 3303 ensem3
632 3262 668 3295 ne
691 3244 764 3293 iacto
786 3241 840 3294 telo
864 3243 978 3295 inermis
1002 3253 1079 3298 esset.
1102 3270 1136 3283 -

99 3320 165 3374 477.
186 3312 267 3364 Viam
286 3313 399 3373 molita,
424 3313 476 3362 hoc
494 3320 536 3362 est
558 3329 622 3362 curu
644 3310 803 3363 difficultate
821 3312 965 3376 qnaesivit:
989 3328 1039 3380 per
1063 3313 1137 3383 quod

98 3391 133 3437 et
148 3382 268 3433 soliditas
289 3380 391 3449 clypei,
416 3387 444 3431 et
467 3380 558 3430 minus
579 3380 675 3431 firmus
698 3381 792 3431 hastae
815 3381 900 3431 iactus
924 3380 1084 3439 ostenditur.
1103 3410 1135 3421 ·-

101 3456 166 3510 478.
182 3450 330 3519 [Strinxit5
354 3457 429 3499 tactu
447 3448 556 3498 modico
574 3449 730 3516 praeteriit,
752 3449 792 3500 ita
816 3448 889 3499 enim
908 3448 944 3498 ab
963 3449 1080 3517 antiquis
1098 3452 1159 3503 di·-

100 3520 227 3584 cebatur,
243 3526 271 3570 et
288 3526 328 3569 est
344 3517 506 3583 significatio
519 3517 582 3568 Ievis
597 3519 721 3568 vuhteris.
735 3544 769 3554 -
804 3521 865 3573 479.
879 3514 963 3568 Ferro
979 3521 1136 3589 praefixum

103 3590 208 3648 rodun
232 3587 401 3655 periphrasis
423 3585 538 3650 hastae]
554 3613 587 3623 -
621 3592 683 3643 481.
701 3584 778 3635 Num
803 3603 882 3652 mage
906 3589 960 3649 siti
984 3584 1084 3652 legitur
1110 3598 1138 3642 et

96 3655 205 3728 inune]
230 3659 320 3723 magis
344 3667 391 3705 est.
427 3655 501 3705 Unus
524 3662 618 3707 tamen
641 3671 733 3721 sensus
758 3664 805 3705 est.
840 3650 891 3706 Sed
914 3654 936 3704 si
961 3670 1039 3721 mage
1061 3652 1136 3727 lega·

77 3743 180 3791 «mus,
203 3734 317 3794 propter
334 3732 455 3774 metrum
474 3724 578 3777 dictum
603 3731 643 3774 est
664 3738 715 3789 pro
740 3722 838 3789 magis.
873 3717 948 3772 Sicut
964 3723 1050 3776 etiam
1068 3741 1137 3793 pote,

123 3810 155 3847 ro
173 3797 256 3862 potis.
289 3793 410 3845 Persius:
429 3791 488 3858 Qui
505 3804 565 3858 pote
580 3795 625 3842 vis
640 3794 732 3842 dicem
747 3793 866 3858 nugaris
885 3806 948 3840 cum
963 3794 1015 3844 tibi
1031 3796 1136 3848 Calue?

102 3814 185 3932 guod
201 3863 270 3915 adeo
287 3862 317 3912 in
334 3877 413 3912 usum
430 3862 517 3924 verrit,
541 3869 571 3910 ut
587 3863 673 3914 etiam
690 3861 719 3912 in
743 3877 824 3930 prosa
842 3860 1002 3912 inveniatur.
1038 3865 1136 3917 Cicero

99 3933 132 3986 in
149 3929 340 3982 Frumentaria
358 3927 402 3992 (al.
423 3928 576 3991 Verrinis).·
600 3928 687 3997 Mage
710 3930 923 3979 condemnatum
946 3924 1086 3985 hominem
1105 3937 1138 3985 tn

101 4001 244 4054 iudicium
263 3999 400 4051 adducere
418 4012 477 4052 non
498 4016 588 4066 posse.
622 3998 809 4064 Penetrobile;
833 4012 885 4070 pro
907 4004 1047 4065 penetrale
1070 4001 1136 4055 dici-
1158 4012 1161 4019 ’
