2454 4500
618 175 625 209 t
930 184 935 201 .

106 272 173 338 sus
240 351 242 362 Ι
289 358 293 365 ¹
362 258 882 363 ssum‘coutsuuramus
947 310 950 315 -

565 393 568 421 l

105 454 187 508 emit:
198 448 335 525 Bupalus
348 456 431 509 saevit
446 457 475 508 in
492 454 610 524 plebem.
644 453 701 523 [tu]
713 455 869 510 Sallustius:
888 459 936 509 Ex
951 459 997 527 (R.
1010 460 1042 511 L.
1054 459 1130 528 Stepb.

105 523 195 576 Guelf.
212 527 233 575 1.
249 526 281 576 Π.
300 524 510 586 et)·insolentia
529 525 631 573 avidus
650 526 721 575 male
748 526 798 590 (L.
816 527 912 579 Guelf.
932 530 954 581 1.
973 528 1066 598 St'eph.
1085 533 1131 579 aui·

106 593 448 656 diusm.,Vos.auidius
467 593 553 651 mula)
565 593 704 660 faciendi.
739 594 806 644 Sine
826 599 946 647 nomine
965 605 1061 649 autem
1075 597 1132 662 dixit,
1166 614 1170 673 ,¹

104 663 163 712 sine
186 661 289 729 gloria,
318 678 437 729 quorum
466 679 516 730 per
539 661 725 712 humilitatem
748 678 803 712 non
830 673 896 715 sunt
923 666 1059 716 omnibus
1080 674 1133 716 nou
1168 685 1170 708 ι

105 729 233 791 uomina,
249 732 335 798 [atqui
353 731 458 781 adiecit
468 730 595 792 nomina,
612 746 677 780 nam
696 731 735 780 ait
746 729 931 799 Fadumque,
949 733 1132 799 Hebesumqus

107 799 198 848 subit.-
221 799 295 866 Ergo
314 807 361 850 aut
376 800 434 849 sine
451 799 582 866 dignitate
600 805 627 848 et
644 798 801 862 nobilitate,
818 810 868 851 aut
884 818 1019 853 seorsum
1035 803 1133 872 plebem

82 896 83 901 =
105 865 186 930 dicit,
208 873 237 918 et
259 882 380 917 seorsum
404 866 524 934 nobiles,
552 881 668 934 quorum
694 869 809 920 nomina
832 869 983 933 inseruit]
1009 896 1044 908 -
1084 876 1132 928 345.

26 951 28 955 ·
104 932 294 999 Rboetum'qus
317 938 497 1002 vigilantem,
527 937 579 986 hoc
609 935 670 984 loeo
700 952 757 987 non
780 942 892 988 teritum
919 939 1034 990 Rhoeti
1054 940 1134 1002 timor,

103 1005 153 1056 sed
170 1012 198 1054 et
213 1004 272 1055 Nisi
290 1004 334 1067 (al.
350 1005 472 1070 Euryali)
490 1004 603 1055 audacia
620 1004 825 1072 comprobatur.
842 1024 876 1043 a·
917 1013 983 1065 348.
1004 1007 1040 1057 Et
1059 1008 1134 1057 mults

106 1084 190 1124 morte
216 1074 315 1137 recepit
339 1072 527 1140 Purpureum
551 1070 630 1122 multi
651 1071 698 1123 hic
722 1073 912 1139 distinguunt,
941 1084 974 1126 ut
1001 1077 1040 1127 sit
1051 1086 1134 1127 'sensus

103 1142 178 1192 talis:
195 1140 294 1193 Eduxit
305 1142 426 1210 gladium
438 1142 526 1191 multo
542 1156 639 1192 cruore
657 1157 837 1210 purpureum.
870 1143 930 1195 Alii
948 1147 1044 1196 multa
1062 1155 1134 1196 morte

106 1211 221 1276 recepit,
244 1218 275 1259 ut
295 1213 345 1262 sit:
369 1211 467 1261 Eduxit
490 1208 610 1289 gladium
627 1225 691 1260 eum
708 1211 795 1261 multo
812 1226 933 1277 cruore,
959 1222 989 1264 et
1013 1213 1055 1264 sie
1077 1213 1134 1264 inle
1168 1246 1170 1251 ,

103 1287 182 1329 runt:
200 1279 371 1346 Purpuream
389 1279 475 1330 vomit
491 1279 535 1329 ille
552 1278 686 1329 animam:
709 1279 860 1329 seeundum
880 1296 932 1330 eos
951 1283 1003 1350 qui
1022 1281 1134 1332 animam

103 1347 267 1413 sanguinem
285 1348 388 1397 dicunt.
422 1347 551 1411 Recepit;
577 1345 674 1396 eduxit.
709 1347 743 1395 Ut
769 1352 829 1411 (10,
848 1349 943 1411 383.);
968 1349 1135 1417 Hastomqus

105 1427 223 1480 receptat
242 1414 364 1466 Ossibus
382 1415 554 1477 haerentem
572 1414 624 1479 [vel
641 1412 790 1465 secundum
806 1416 969 1468 Homerum
990 1419 1032 1483 (Il.
1046 1438 1067 1481 e,
1082 1419 1135 1477 bal:

97 1478 391 1552 ’Ἑλλαβειπορφῦρεοσ
414 1479 534 1536 θάνατος
558 1488 603 1535 καὶ
619 1485 703 1550 μοῖρα
721 1486 846 1551 κραταιή.
893 1487 1045 1538 Cornutus
1069 1498 1134 1539 nocte

102 1553 185 1620 legit,
207 1560 235 1604 et
252 1553 405 1604 annotavit:
430 1561 522 1603 utrum
547 1565 625 1603 nocte
641 1567 691 1621 pro
710 1552 816 1602 morte?
842 1569 879 1603 an
897 1570 968 1604 eum
986 1556 1079 1608 multa
1093 1569 1135 1607 uos

103 1618 211 1685 essetl]
228 1647 261 1657 -
296 1628 357 1680 350.
379 1621 452 1672 Vina
472 1621 569 1690 refert3
594 1620 719 1689 proprie,
742 1637 812 1687 quae
836 1622 924 1690 paulo
951 1631 1021 1675 ante
1038 1633 1135 1693 potave-

103 1698 156 1743 rat
192 1690 299 1758 [Refert
322 1700 416 1744 autem
439 1689 542 1754 reiicit,
565 1689 665 1740 Graeci
689 1696 720 1738 ut
735 1688 780 1743 ille
796 1689 894 1740 dicunt
913 1686 1068 1758 ἀναφέρει,
1089 1694 1132 1746 hoc

103 1768 145 1812 est
161 1760 208 1826 qui
224 1761 362 1810 intantum
380 1759 500 1829 potando
517 1757 687 1824 vigilaverat,
711 1766 742 1807 ut
764 1765 892 1809 metuens
916 1770 983 1826 post
1009 1778 1134 1830 magnum

101 1840 207 1880 cratera
226 1844 255 1878 se
272 1828 400 1896 tegeret]
432 1826 489 1877 Hie
501 1827 583 1896 furto
598 1826 731 1893 fervidus
750 1830 852 1890 instat;
871 1828 983 1880 scilicet
1001 1831 1133 1898 Euryalus,

103 1900 150 1967 qui
168 1897 303 1947 saeviebut
318 1898 452 1949 latenter:
473 1905 504 1946 ut
520 1897 555 1946 sit
566 1895 664 1963 furto,
687 1903 821 1955 nocturno
839 1897 957 1962 proelio.
998 1899 1073 1951 Nam
1089 1899 1132 1967 fu-

104 1985 147 2020 res
164 1968 226 2018 ideo
243 1965 308 2016 dieti
325 1974 401 2030 sunt,
424 1965 497 2033 quod
509 1966 614 2034 furvo,
642 1964 661 2016 i.
678 1982 704 2015 e.
719 1965 799 2031 nigro
818 1971 950 2032 ternpore
969 1967 1051 2020 fruta
1068 1983 1133 2018 com—

101 2037 229 2096 mittunt,
246 2041 340 2085 autre
357 2051 423 2087 vera
436 2035 516 2102 furto
530 2034 679 2100 fervidus:
696 2033 762 2100 quia
779 2031 903 2098 Messapi
922 2035 1041 2100 galeam
1058 2045 1133 2087 sustu·

101 2106 148 2168 lit,
172 2111 199 2154 et
216 2102 377 2153 Rhamnetis
394 2103 529 2169 phaleras.
545 2130 580 2139 -
614 2108 674 2159 352.
692 2101 829 2169 [Deficere
848 2114 1027 2165 extremum
1051 2112 1133 2155 utrum

102 2176 197 2241 ignem
216 2184 380 2234 extremum,
398 2188 433 2222 an
452 2171 566 2238 deficere
584 2170 772 2234 extremum·?]
808 2169 978 2235 Religutos5
1005 2190 1063 2224 non
1079 2173 1133 2242 [rel

102 2244 215 2304 solutos,
233 2240 279 2289 sed
297 2240 442 2305 diligenter
460 2241 564 2306 ligatos.
600 2241 676 2290 Unde
693 2238 796 2289 addidit
815 2257 842 2288 re
861 2241 910 2303 (al.
932 2242 1016 2307 rite),
1035 2243 1052 2292 i.
1070 2263 1091 2293 e.
1106 2258 1131 2293 ex

101 2310 213 2361 militari
239 2307 433 2358 consuetudine
458 2309 560 2374 optime
583 2308 687 2373 ligatos.
722 2308 812 2373 [aaa
837 2325 868 2356 ex
894 2325 988 2360 more.
1009 2339 1046 2348 —
1080 2316 1131 2369 354.

101 2381 194 2430 Sensit
219 2377 308 2437 enim;
335 2376 511 2439 parenthesis.
553 2377 652 2431 Nimia
679 2378 774 2438 caesim
799 2377 816 2426 i.
834 2395 856 2426 e.
882 2377 1001 2441 (deest)
1027 2373 1131 2429 illum.‘

101 2449 198 2507 Ferri}
224 2442 382 2512 abessalon]
405 2470 440 2482 —
488 2450 548 2500 355.
572 2443 637 2494 Lux
662 2447 794 2503 inimica;
828 2446 976 2509 proditrix.
1004 2474 1040 2485 —
1080 2453 1132 2504 355.

101 2517 258 2568 Poenarum
277 2513 442 2562 exhaustum
460 2515 531 2560 satis
556 2525 604 2562 est.
638 2513 713 2563 Bene
738 2514 923 2575 exhaustum,
948 2524 982 2564 ut
1008 2517 1130 2578 ostendat,

100 2585 251 2637 eosavidos
266 2582 354 2630 caedis
373 2581 464 2641 fuisse,
483 2588 508 2630 et
523 2580 627 2629 cruoris
644 2582 756 2631 hostilis.
796 2581 819 2627 V
819 2583 846 2629 iu
861 2582 949 2647 facta
966 2603 1018 2648 per
1033 2586 1129 2645 lmstcs,¹

82 2658 131 2704 'ut
154 2651 251 2716 (wls
278 2648 354 2698 Haec
380 2666 427 2714 ego
453 2660 532 2697 vasta
558 2650 644 2711 dabo,
669 2663 693 2699 et
717 2651 772 2698 luto
798 2661 821 2697 te
847 2651 940 2698 limite
968 2655 1082 2702 ducam.
1102 2678 1129 2688 -

101 2725 160 2780 357.
180 2719 285 2788 [Multa
303 2721 396 2767 uirum
416 2719 506 2767 solido
527 2730 656 2781 argentm
680 2719 750 2767 mira
768 2725 843 2777 arte,
866 2726 983 2787 ternpus
1010 2722 1128 2788 expressit

100 2805 154 2856 quo
179 2804 286 2838 necesse
311 2794 371 2837 erat
393 2786 461 2836 haec
486 2786 621 2835 omittere.
639 2814 673 2822 -—
708 2793 767 2842 358.
793 2785 990 2852 Pulchrosque
1017 2803 1126 2854 tapetas,-

99 2858 248 2908 secundum
273 2855 394 2904 Graecos
418 2872 468 2921 per
493 2855 673 2904 masculinum
698 2852 803 2922 genus]
822 2881 854 2890 -
898 2863 964 2912 359.
992 2859 1125 2925 Euryalus

99 2925 229 2992 phaleras
247 2931 313 2984 ete.;
337 2923 466 2987 phalerae
491 2931 651 2973 ornamenta
669 2939 804 2990 equorum
828 2931 910 2971 sunt:
936 2934 968 2974 et
987 2936 1030 2976 est
1046 2941 1123 2977 sermo

100 2993 223 3042 Graecus
246 2986 290 3057 [rri
317 2986 416 3058 φάλαρ’
441 2988 581 3052 irruebatur]
617 2993 713 3056 (Hom.
737 2991 766 3039 ll.
791 3006 825 3052 π,
851 2992 931 3050 106.).
981 2996 1123 3061 Cingulum

99 3070 193 3111 autem
210 3060 369 3122 hominnm,
387 3060 495 3120 generis
514 3059 606 3108 neutri
624 3068 671 3110 est.
705 3060 775 3108 Nam
795 3059 980 3124 animalium,
999 3065 1122 3114 feminino

98 3147 200 3196 genere
227 3128 357 3191 dicimus,
381 3127 432 3175 bas
458 3128 595 3191 cingulas.
623 3153 654 3162 -
690 3134 750 3181 350.
777 3128 892 3175 Tiburti
918 3127 1045 3182 Remulo
1070 3141 1122 3187 etc.;

59 3226 63 3231 ·
98 3196 264 3247 consuetudo
283 3203 342 3244 erat
359 3196 431 3260 apud
450 3196 584 3257 maiores,
608 3203 638 3243 ut
655 3195 727 3244 inter
743 3212 771 3245 se
788 3197 916 3245 homines
941 3196 1058 3266 hospitii
1074 3202 1121 3249 uns

97 3265 199 3314 mutuis
216 3263 377 3312 muneribus
394 3264 568 3328 copularent,
586 3263 626 3312 vel
643 3263 670 3311 in
690 3265 841 3329 praesenti,
858 3264 902 3313 vel
918 3281 973 3329 per
993 3273 1121 3319 internun-

96 3335 156 3383 tios.
193 3332 289 3382 Sensus
307 3347 372 3395 ergo
397 3348 470 3380 nunc
494 3331 555 3379 tulis
581 3339 632 3380 est:
658 3330 790 3380 Caedicus
814 3331 929 3397 quidam
949 3335 1063 3386 Tiburti
1079 3337 1121 3384 lle·

97 3401 188 3460 mulo,
219 3417 283 3449 cnm
308 3415 372 3449 eum
403 3399 454 3448 sibi
480 3399 575 3449 absens
606 3399 723 3462 hospitio
748 3399 827 3449 vellet
856 3401 1033 3468 adiungere,
1061 3403 1121 3455 misit

97 3469 223 3534 phaleras
247 3477 274 3518 et
291 3467 414 3534 cingula,
438 3467 516 3516 bullis
534 3467 636 3527 aureis,
662 3468 714 3516 hoe
739 3476 779 3516 est
797 3468 877 3517 elaris
902 3469 1048 3537 insignita.
1080 3474 1121 3522 lle·

97 3536 187 3583 rnulus
210 3537 330 3586 moriens
354 3536 448 3602 nepoti
470 3551 517 3584 suo
537 3535 694 3599 cognomini
717 3533 785 3584 haec
808 3536 936 3602 reliquit,
964 3543 1015 3607 qni
1040 3549 1120 3610 postea

97 3604 180 3651 vietus
198 3620 213 3651 a
230 3603 337 3653 Rutulis
357 3612 409 3664 est,
434 3611 461 3653 et
480 3604 597 3652 occisus:
622 3611 684 3671 post
708 3604 782 3652 errius
807 3613 931 3654 mortem
960 3612 1035 3676 apud
1060 3609 1121 3658 Rha·

96 3677 218 3720 mnetem
236 3671 369 3720 Rutulum
386 3671 420 3720 ab
439 3670 558 3738 Euryalo
575 3671 644 3721 haec
662 3681 771 3736 reperta
795 3680 857 3722 sunt
883 3690 1015 3728 munera.
1056 3676 1121 3744 Quod

97 3745 189 3790 utitem
209 3736 273 3787 dixit
291 3739 405 3790 Tiburti
421 3739 554 3803 Remulo,
578 3747 625 3788 aut
642 3739 787 3790 Tiburtino
804 3740 1005 3810 intelligimus,
1023 3746 1075 3796 hoe
1090 3752 1123 3795 est

97 3807 131 3859 de
154 3805 272 3868 Tibure,
305 3815 335 3855 ut
364 3808 398 3857 sit
428 3808 531 3858 dativus
555 3808 589 3857 ab
620 3807 780 3876 appellativo
805 3809 916 3859 veniens
943 3811 992 3862 bic
1021 3815 1121 3865 Tiburs.

95 3878 148 3924 Aut
166 3873 293 3937 Tiburti,
317 3875 369 3924 hoo
388 3884 428 3926 est
444 3875 500 3925 filio
518 3875 640 3939 Tiburti,
665 3876 700 3925 ab
719 3890 751 3925 eo
770 3877 842 3941 quod
861 3887 902 3926 est
921 3879 970 3929 hic
993 3883 1120 3934 Tiburtus

95 3943 175 3993 huius
193 3941 316 4005 Tiburti,
340 3951 370 3990 ut
393 3944 427 3992 sit
446 3944 558 3994 Tiburti
576 3943 708 4008 Remulo,
731 3945 801 3992 sicut
826 3952 867 4008 (6,
886 3948 957 4005 sm:
986 3951 1120 4016 Deiphobo

98 4010 210 4062 Glauci.
227 4035 262 4047 ·-
296 4015 356 4067 361.
372 4011 454 4076 [Cum
473 4015 601 4080 iungeret
618 4015 719 4064 absens
726 4036 736 4077 ,·
760 4021 808 4064 aut
830 4029 897 4064 cum
920 4031 954 4069 sa
979 4020 1022 4072 illi
1039 4023 1122 4088 iunge
