2454 4500
99 238 102 247 Δ
172 282 234 348 ns
405 277 562 340 serm
584 246 935 345 connsmsinos

175 472 213 512 ret
219 483 228 526 ,·
253 458 405 525 obstineat]
425 487 461 503 ι·-
494 466 519 519 9.
545 460 727 528 Praecipites,-
757 479 808 533 pro
831 460 1038 533 preec'lpitetnr.
1081 464 1097 511 t

172 546 223 600 pro
240 528 337 585 verbo.
362 539 393 579 ut
409 531 538 581 diximus:
562 537 602 595 (et
624 533 690 583 duas
707 548 800 583 causas
823 533 996 601 praetendrt,
1020 530 1097 599 quibu

173 615 229 648 non
251 613 329 668 posse
352 598 479 650 universa
501 598 625 663 narrari,
648 598 773 650 dolorem
795 607 823 650 et
845 607 962 668 tempus.
1001 598 1097 649 Cadent

172 668 255 731 deret,-
279 675 327 716 eut
349 667 488 736 epitheton
512 674 553 717 est
575 667 713 732 siderum,
744 684 814 734 quoe
836 684 946 737 semper
970 676 999 719 et
1022 669 1096 719 orium

173 736 314 798 occidmn3
337 742 385 785 nist
408 742 483 785 certe
508 736 644 786 maiorem
669 744 778 802 partem
801 736 889 786 noctis
912 735 980 787 dicit
1003 735 1086 799 (codd.

51 814 57 823 ‘
150 800 152 806 ’
171 804 242 865 uult)
262 820 319 857 esse
336 810 517 861 mansuetam
535 806 595 877 [per
619 805 713 855 sidera
732 812 826 857 nutem
843 812 955 856 noctem
972 802 1097 872 significat

172 887 282 921 somnos
299 871 411 936 suadet]
429 898 461 907 -
482 878 538 939 [10.
559 870 649 921 Gasus
667 888 829 940 cognoscere
838 896 847 934 ,·
872 874 1039 941 [tortunem.
1054 889 1097 942 per

170 939 426 1008 cognoscendorum
443 954 568 992 casuum:
593 947 622 991 et
639 941 749 992 Graece
771 941 860 1007 ligura
884 947 930 992 est
967 942 1097 1008 (Casuss

95 1028 107 1035 ·
172 1008 326 1073 fortunam,
348 1009 483 1078 pericule;
507 1025 573 1058 nem
595 1008 617 1059 si
642 1022 754 1060 mortem
779 1008 898 1073 dixisset,
924 1022 1097 1067 nostrarunl

87 1123 91 1129 ,
172 1077 282 1138 dicere.)
316 1077 356 1127 Et
368 1075 489 1128 breviter
506 1076 682 1144 praescribit:
705 1079 769 1145 quin
786 1076 857 1127 Dido
875 1077 980 1129 dixerat
1002 1083 1043 1145 (1,
1059 1081 1097 1135 151

82 1198 84 1203 ,
170 1147 263 1212 prima
281 1146 341 1207 elic,
358 1145 472 1210 hospes,
490 1147 599 1212 origine
618 1148 708 1211 nolis.
743 1147 828 1212 (Ergo
846 1161 903 1196 non
920 1147 955 1198 ad
971 1146 1097 1213 Didonis]

171 1221 274 1276 tatem,
294 1213 500 1277 sedunerrentis'
515 1213 644 1265 officium.
677 1215 713 1264 Et
729 1211 892 1282 quibusdam
908 1214 1090 1283 Hysterologie

171 1291 233 1343 tur;
258 1281 332 1351 prius
349 1281 425 1333 enim
445 1288 497 1345 est,
520 1287 551 1330 ut
574 1281 674 1333 Troiae
696 1281 836 1346 laborem,
859 1289 920 1350 post
935 1284 1042 1335 Aeneae
1064 1296 1097 1333 cu

171 1348 304 1420 gnoscat.)
338 1348 530 1416 [Supremum3
547 1358 727 1418 postremum,
744 1348 873 1400 ultimum
889 1349 976 1417 client]
1009 1349 1097 1419 (Eversi

170 1419 246 1473 enim
262 1416 363 1471 Troice
379 1424 504 1485 tonnam,
521 1417 625 1469 omissis
641 1417 827 1488 superioribus
842 1419 956 1482 narret)
968 1444 1003 1458 -·
1036 1426 1074 1477 12.
1087 1414 1097 1482 l

170 1503 254 1555 quam
280 1488 395 1536 animus
420 1489 579 1537 meminisse
603 1486 711 1551 horren
742 1503 905 1553 quanquam
928 1487 1026 1539 melius
1054 1504 1097 1558 pre·

169 1554 292 1622 iungitur
308 1555 441 1622 tempori:
458 1564 508 1609 mt:
533 1554 701 1622 Quanquam
726 1558 800 1619 scio,
823 1571 986 1622 quanquam
1011 1557 1073 1625 lega.

169 1631 264 1685 entem
286 1622 352 1673 dixit
377 1624 535 1674 meminisse
559 1623 666 1688 horret,
696 1623 821 1675 defectivi
845 1623 1018 1693 verbiratio
1042 1632 1081 1678 est.

169 1693 245 1746 enim
262 1691 350 1759 potuit
365 1691 459 1743 dicere
477 1694 631 1743 meminere.
665 1692 702 1743 Et
723 1693 753 1743 in
775 1690 817 1742 his
834 1708 905 1760 quoe
921 1701 1050 1764 corrupta
1063 1707 1097 1742 nn

169 1760 309 1824 tureliter,
339 1767 369 1823 ut
393 1761 455 1825 odi,
480 1763 563 1822 noui,
587 1760 680 1825 caepi,
705 1762 821 1810 memini
828 1779 836 1809 r
860 1756 926 1827 [et]
950 1762 1044 1814 omnin
1062 1768 1097 1811 ter

168 1846 239 1900 (pree
256 1827 445 1894 inveniuntur,
468 1836 497 1881 et
517 1844 566 1880 sno
591 1836 619 1880 et
635 1828 753 1880 eliorum
768 1830 921 1895 funguntur
939 1829 1044 1881 officio:
1064 1835 1097 1891 ut,

113 1911 117 1927 ¹
171 1899 259 1962 mini,
299 1896 462 1948 raeteritum
486 1892 534 1949 e'st.
568 1896 699 1965 Legimus
716 1904 809 1949 temen
828 1902 856 1947 et
872 1895 1004 1963 (Terent
1019 1897 1090 1950 Andr.

170 1965 240 2027 18.):
256 1913 378 2019 alimini
395 1966 501 2030 cidere,
518 1981 571 2030 quo
588 1964 674 2030 (codd.
696 1964 792 2016 Burni.
809 1982 824 2016 e
839 1981 860 2015 s.
878 1983 893 2016 o
912 1969 979 2032 qua)
998 1967 1097 2034 aequior

169 2031 323 2100 Pamplulo.
358 2033 395 2083 Et
410 2032 456 2100 (G.
469 2036 496 2096 4,
514 2031 599 2094 195.):
616 2032 737 2084 Memini
755 2051 796 2083 me
808 2035 942 2084 sarritur
960 2035 1028 2085 altis
1043 2032 1097 2098 cury

169 2103 274 2153 uidisse
299 2117 399 2150 senem.
433 2098 513 2166 Quod
535 2101 558 2152 si
581 2101 612 2151 fit
635 2109 663 2152 et
684 2102 713 2151 in
730 2100 818 2155 verbis
843 2101 972 2169 integris:
998 2111 1028 2153 ut
1043 2108 1097 2170 (3,1

168 2170 253 2223 quat
269 2170 391 2218 evasisse
415 2180 455 2219 tot
473 2171 569 2241 urbes.-
595 2178 698 2237 quanto
721 2170 814 2237 magis
827 2169 875 2237 (et)
898 2170 929 2221 in
950 2165 1093 2241 corruptis?

161 2238 262 2308 fugin
292 2244 406 2305 propter
430 2244 566 2302 metrum,
597 2253 647 2304 pro
671 2237 809 2306 praesenti
827 2239 1016 2307 *praeteritum
1038 2233 1097 2309 posui

167 2313 211 2364 13.
237 2305 376 2368 Incipiam
384 2327 394 2368 ,-
424 2305 523 2372 [deest,
545 2303 670 2370 tamem]
694 2306 785 2375 (quie,
809 2322 874 2355 curn
899 2306 1097 2375 praeponiturq

83 2417 85 2425 .
166 2391 267 2440 quam,
283 2388 392 2424 necesse
410 2381 463 2437 est,
487 2374 615 2453 subirmgi
632 2374 742 2433 tamen.)
776 2372 872 2423 Fracti
890 2375 978 2439 lullo,⁸
997 2369 1097 2454 (bened

167 2444 208 2493 dit
223 2457 335 2492 causam
349 2456 476 2504 suorum,
500 2443 573 2510 qnod
589 2459 618 2493 m
635 2441 707 2494 bello
718 2456 781 2492 non
797 2441 918 2512 imperes
935 2443 1054 2505 suerint)
1079 2439 1097 2490 ln

166 2511 239 2564 libro
263 2508 360 2574 duplex
386 2508 501 2560 intentio
528 2516 582 2562 est:
612 2527 647 2561 ne
671 2509 713 2560 vel
736 2509 852 2574 Troiae,
875 2510 949 2578 quod
972 2511 1041 2564 victu
1060 2515 1097 2561 en:

165 2579 273 2630 Aeneae
289 2584 369 2647 turpe
386 2575 509 2628 videatur
527 2594 599 2640 esse,
623 2577 695 2644 quod
712 2577 790 2642 fugit.
826 2577 906 2644 (Sane
929 2588 1006 2631 amet
1027 2581 1054 2631 in
1067 2575 1097 2627 sult

163 2647 217 2698 lroc
235 2644 317 2696 verbo
333 2644 389 2709 uti,
405 2653 436 2694 ut
454 2644 550 2707 (170.)5
568 2645 681 2712 fractae
698 2651 786 2708 uires,
804 2653 831 2696 et
848 2649 889 2710 (1,
907 2648 995 2708 594.);
1018 2648 1096 2709 Franq

164 2715 217 2766 lseu
237 2713 328 2781 fatis,
352 2712 465 2779 inquit.)
499 2712 631 2780 Fatisque
651 2715 771 2780 repulsi,-
795 2714 925 2779 oracolis,
949 2718 1090 2782 (utestrtr

166 2783 236 2831 Cum
254 2783 334 2848 uirgo
352 2798 462 2847 poscere
481 2779 567 2849 sata.)
607 2780 762 2834 Secundum
779 2781 905 2831 Plautum
921 2783 1026 2839 tribum
1047 2782 1089 2833 iits

165 2857 210 2902 cet
226 2848 329 2911 Troili,
350 2848 465 2901 Palladii
482 2849 704 2913 conservatione,
726 2847 834 2916 integro
852 2849 998 2916 sepulchro
1014 2852 1097 2904 Laome

164 2919 220 2979 tis,
250 2916 324 2984 quod
354 2917 384 2969 in
413 2915 496 2969 &neo
526 2925 606 2985 porte
636 2918 707 2968 fuit:
742 2923 772 2967 ut
799 2917 829 2968 in
867 2917 1046 2972 Bacchidibus
1075 2916 1097 2980 (l

165 2984 219 3044 29.)
244 2983 348 3035 lectum
373 2992 420 3037 est.
460 2984 615 3038 Secundum
639 2984 706 3035 elios
729 3001 811 3048 vero,
835 2985 973 3054 pluribus:
998 2997 1028 3039 ut
1047 2986 1097 3039 tlt⁴

163 3062 246 3122 gente
263 3052 358 3119 clientis
373 3053 525 3104 interesset
559 3051 636 3104 Unde
653 3051 771 3119 Pyrrhus
794 3052 945 3105 admodum
969 3073 1038 3126 puer
1060 3061 1097 3106 ew

152 3123 198 3173 ed
222 3118 325 3172 bellum
355 3128 410 3180 est3
439 3120 543 3188 [dictus
574 3118 786 3186 Neoptolemus,
816 3125 872 3173 νέοι
899 3119 934 3175 eis
958 3120 1098 3193 nre'lspoti

161 3190 245 3240 Rhesi
269 3189 332 3255 equi
354 3188 515 3240 tollerentur
536 3188 570 3255 [e
594 3185 739 3251 Graecis]:
762 3194 792 3238 ut
813 3191 939 3242 Herculis
963 3194 1097 3248 interesse

163 3260 262 3326 gittee:
280 3272 347 3324 quas
364 3255 439 3308 misit
454 3256 617 3309 Philoctetes
634 3256 743 3324 [quibus
760 3256 834 3307 Paris
851 3269 1010 3331 peremptus
1027 3254 1083 3326 est]

160 3328 218 3395 ipse
240 3339 296 3376 non
320 3325 450 3394 potuisset
472 3325 573 3380 afferre
596 3331 685 3376 morte
709 3331 877 3392 praeventus.
894 3352 928 3364 -
965 3333 1007 3389 14.
1034 3329 1097 3380 Duc

160 3392 300 3447 sonantius
323 3400 364 3443 est
385 3407 467 3459 quem
492 3391 591 3456 duces,
613 3400 644 3453 ut
668 3392 765 3456 (557.):
791 3405 964 3459 regnatorem
989 3398 1091 3450 Ariaee

160 3461 279 3514 heroum
304 3459 387 3527 exigit
409 3473 531 3510 carmen.
565 3457 755 3524 Latentibus5
779 3458 914 3513 velocibus
938 3465 1057 3533 [cursu],
1081 3471 1097 3509 ¹³

162 3529 249 3588 fietne
264 3524 371 3579 Latere
390 3525 511 3593 nympha
528 3528 607 3592 pola,
624 3536 652 3579 et
668 3532 703 3594 (4,
720 3529 811 3587 ml:
827 3527 933 3581 Latere
952 3537 1060 3599 pennis:

161 3595 238 3649 enirn
254 3595 343 3662 lapsus
359 3595 476 3648 celerior
493 3601 541 3646 est.
571 3595 634 3712 LVel
650 3597 822 3661 labentibus,
844 3597 992 3667 labilibus]
1008 3630 1043 3641 -
1076 3600 1094 3655 1

163 3677 241 3729 marr
259 3677 361 3716 nomen
378 3670 418 3715 est
434 3661 570 3713 indecline
590 3661 641 3727 ile,
658 3664 723 3716 licet
737 3664 843 3716 Probus
861 3668 982 3720 r'nstarr's
1000 3668 1097 3725 «tectim

160 3740 193 3785 ut
208 3733 337 3782 nectaris.
372 3730 411 3783 Et
424 3737 503 3782 curet
518 3730 726 3798 praepositione,
741 3733 780 3783 sic
797 3741 826 3783 ut
840 3736 967 3804 perstre,
986 3756 1044 3790 rus:
1060 3744 1097 3809 qv

160 3797 279 3853 &enus
293 3795 407 3865 Lyricus
425 3799 462 3851 ecl
480 3799 572 3857 incur
588 3797 692 3851 dixerit.
730 3800 826 3852 Instar
849 3810 942 3857 eutem
967 3815 1009 3858 est
1029 3801 1067 3861 ad
1091 3814 1097 3847 ¹

159 3866 291 3918 nomm
325 3865 403 3916 Unde
419 3881 475 3917 non
494 3879 664 3931 restaurata,
689 3866 736 3920 sed
760 3871 920 3921 instaurata
938 3872 1067 3929 dicuntur
1092 3883 1097 3914 ¹

160 3936 203 3999 trie
220 3934 256 3986 ed
270 3932 414 4001 nonquam
430 3933 636 3987 similitudinem
652 3937 739 4004 secte,
756 3945 799 3987 ut:
825 3936 1027 3995 instauramus
1044 3934 1097 4003 1²01:

154 4004 256 4080 lusus.
292 3999 417 4069 Equum,
441 4002 476 4056 ds
493 4001 544 4055 hoo
562 4018 633 4072 equo
656 4004 730 4061 vetis
755 4003 784 4059 in
808 4004 927 4061 historiis
954 4009 1057 4065 lectum
1071 4019 1097 4065 e·
