2454 4500
163 276 204 329 ns*
220 264 378 329 VIRGIL.
400 262 573 327 suumn.
596 260 677 327 LIB.
699 261 732 339 l,
753 268 904 334 oo-os.
1009 267 1052 336 10

57 451 118 518 :(2,
134 450 227 516 dms
252 447 347 517 Quam
367 447 450 518 ferro
475 451 601 502 excisam
627 449 786 518 crebrisque
811 447 980 516 bipennibus
1004 450 1047 501 tn·

57 519 109 585 ins.)
131 546 168 558 —
202 523 245 576 55.
269 520 321 570 Illi
345 519 544 586 indignantes:
574 517 620 570 hic
644 526 741 588 aperte
764 518 897 583 ostendit,
924 517 989 588 quid
1012 519 1049 572 sit

57 599 159 642 nantes.
194 587 306 656 Magno
332 604 395 637 cum
421 605 565 638 murmure
590 591 711 649 montis3
733 600 791 640 non
815 586 923 638 circum
944 587 1047 640 montis
1092 622 1095 627 ,

57 664 130 708 nstra
152 656 218 708 *sed
240 674 307 711 cum
331 671 435 721 magno
458 657 561 708 montis
585 671 737 717 murmure
753 656 917 725 fremebant.
953 656 990 709 Et
1006 664 1049 710 est

57 725 102 776 ior
118 740 226 791 sensus,
242 726 281 776 sic
299 726 465 788 fremebant,
483 734 513 775 ut
530 725 615 793 etiam
633 733 712 777 antra
729 731 840 794 possent
849 740 955 777 sonare.
990 725 1047 788 (Sic

57 793 79 845 it
100 794 248 846 Pacuvius:
276 795 412 845 Murmur
443 795 540 857 maris:
565 793 630 861 quia
652 801 748 847 ventos
770 808 899 845 murmur
915 794 1048 863 sequitur,

65 866 122 932 ipre
146 863 213 914 alibi
238 864 339 926 (124.);
368 863 472 930 Magno
497 862 592 929 miseri
614 878 762 914 murmure
783 861 921 924 Pontum.)
962 863 1046 931 [Cum

57 949 169 992 emme:
197 931 370 996 fremebant,
394 932 468 999 quod
492 939 585 983 ventos
609 946 736 982 murmur
759 931 899 999 sequitur,
927 948 994 983 nam
1017 939 1066 985 et»

57 1017 138 1052 rmus·
161 1000 246 1051 maris
270 1001 379 1051 dicitur.
396 1025 432 1036 -
466 1006 509 1058 56.
535 999 648 1050 Circum
666 998 812 1068 fremunt:
836 999 883 1050 alii
906 999 959 1053 hoc
982 1000 1046 1053 loco
1135 1034 1138 1041 »

57 1077 134 1121 nituit
149 1069 326 1137 intelligsmt,
348 1068 402 1119 hoo
421 1074 461 1119 est
476 1068 596 1138 imperia
613 1077 754 1132 recursant,
777 1075 807 1118 ut
828 1065 901 1138 apud
918 1068 1045 1121 Cassium

57 1135 172 1189 d.F.*a'.
192 1137 281 1195 Coss.)
306 1137 337 1188 in
352 1136 516 1188 Annalibus:
540 1136 582 1188 Ne
601 1138 666 1204 quis
692 1154 808 1204 regnum
827 1150 991 1204 occuparet,
1016 1138 1046 1191 εἰ

57 1207 85 1256 bs
112 1219 209 1258 nostra
229 1206 353 1275 fremere
378 1208 496 1273 imperio
523 1207 663 1270 coepisset.
698 1207 720 1258 I.
738 1224 761 1257 e.
784 1220 923 1258 recusare.
956 1207 999 1259 lta
1015 1215 1045 1261 et

86 1275 206 1337 ostendit
237 1282 332 1327 ventos
354 1272 473 1344 imperia
501 1282 667 1337 recusantes.
707 1274 914 1342 Nonnunquam
936 1274 1045 1347 [etism]
1087 1310 1091 1319 ι

57 1340 126 1401 utere
142 1343 211 1396 velle
221 1343 377 1411 significat,
396 1351 426 1393 ut
442 1352 479 1409 (7,
491 1345 578 1402 460.);
597 1361 677 1393 arma
695 1360 792 1393 omens
804 1339 926 1411 fremit]
961 1345 1044 1396 Celso

57 1429 86 1473 ις
105 1412 262 1477 secumdum
282 1411 356 1481 quod
378 1413 503 1481 superius
527 1411 651 1462 diximus.
686 1411 768 1464 Venti
785 1411 863 1464 enim
879 1412 980 1464 melius
996 1412 1045 1466 de·

57 1480 219 1532 henduntur
236 1498 268 1532 ex
292 1479 356 1532 alto.
390 1480 483 1541 Sedet:
506 1496 562 1532 non
580 1479 698 1545 otiatiu,
720 1480 769 1533 sed
785 1488 880 1542 curam
897 1488 950 1547 (est
966 1482 1044 1536 enim

57 1549 128 1600 antis
145 1556 174 1600 et
188 1549 298 1600 solliciti
322 1547 434 1606 sedere.)
468 1549 547 1618 Apud
563 1548 695 1616 Antiquos
718 1550 793 1600 enim
811 1550 898 1615 sedet,
921 1551 1045 1604 conside·

71 1617 254 1685 significabat.
285 1617 326 1685 ¹Ut
348 1617 401 1669 alio
424 1617 485 1669 loco
510 1618 549 1669 ait
565 1621 609 1684 (9,
626 1615 681 1681 b.):
706 1617 769 1684 lpse
788 1617 904 1668 Turnus
929 1632 1042 1671 sacrata

57 1687 79 1736 le
98 1687 217 1740 sedebat.
236 1712 272 1724 -
307 1693 349 1743 57.
373 1685 524 1754 Mollitque
542 1687 682 1747 animam
705 1685 725 1737 i.
742 1704 766 1738 e.
784 1687 885 1739 Ventos
908 1680 963 1740 ἆπὸ
986 1684 1044 1742 τῶν

57 1772 122 1819 nasu.
156 1756 219 1806 Uti
253 1754 410 1810 e'aitslibi
428 1758 577 1820 (8,403.):
605 1753 751 1820 Quantum
777 1757 857 1822 ignes
874 1758 1044 1826 animaeque

57 1818 109 1875 ms
150 1824 187 1875 Et
208 1772 338 1875 sidrunis
363 1825 468 1887 (Corm.
485 1828 518 1888 4,
542 1823 608 1885 12.):
639 1822 791 1890 impellunt
815 1826 928 1876 animae
953 1827 1042 1879 lintea

57 1895 155 1944 aciae.
189 1891 289 1944 Mollis
312 1899 407 1944 distem
430 1891 494 1944 ideo
513 1890 594 1956 dixit,
616 1898 648 1941 ut
669 1908 719 1961 per
744 1891 893 1945 transitum
917 1895 1043 1967 osteside·

57 2000 60 2021 ‚
79 1960 133 2029 (et)
151 1961 217 2013 vitia
232 1969 351 2013 naturae
367 1959 443 2012 nulla
459 1960 568 2012 ratione
586 1960 709 2026 mutari,
732 1961 779 2012 sed
796 1960 921 2030 mitigari
937 1962 1043 2032 aliquu-

57 2046 80 2080 is
104 2045 195 2100 passe.¹
215 2055 250 2067 -
286 2035 328 2086 58-
352 2028 451 2080 Maria
476 2045 510 2078 uc
535 2040 626 2080 terras
657 2029 818 2098 coelumque
849 2030 1042 2100 profundum

57 2097 78 2149 ri
109 2105 239 2167 quattuor
270 2099 408 2160 elementa
431 2106 507 2150 sunt:
543 2105 635 2162 terra,
665 2113 751 2166 aqua,
782 2098 834 2166 (ol.
862 2100 960 2163 mars)
983 2105 1043 2167 e'e‘r,

57 2184 109 2219 ser.
152 2165 205 2218 Sed
228 2166 283 2218 hoc
311 2166 373 2218 loco
396 2165 451 2219 rite
479 2165 668 2239 praetermisit
690 2166 849 2220 aetherem:
878 2168 944 2237 qnia
967 2170 1043 2222 venti

73 2233 191 2286 turbant
207 2234 367 2305 superiora,
390 2244 423 2293 ut
439 2234 478 2287 ait
495 2234 622 2286 Lucanus
639 2239 683 2301 (2,
701 2233 789 2298 273.):
813 2235 911 2299 Paceni
929 2254 1041 2290 summo

57 2315 102 2354 *nt
138 2302 191 2356 Sed
216 2311 266 2356 aut
289 2313 395 2366 terras,
419 2311 468 2355 aut
490 2303 595 2369 maria,
619 2311 667 2354 aut
690 2309 792 2357 adrem.
833 2305 908 2358 Nem
932 2307 1041 2359 coelum

69 2373 134 2427 loco
151 2387 202 2442 pro
219 2374 285 2425 a'e're
322 2373 401 2424 osuit.
435 2372 471 2422 Ut
487 2371 633 2424 Lucretius
657 2371 808 2438 (4,153.):
833 2374 868 2424 In
893 2373 1042 2429 hoccasio

73 2443 184 2493 dicitur
207 2447 266 2505 e'e'r.
301 2391 505 2511 lProfundum
535 2447 630 2511 autem
658 2447 689 2492 et
712 2442 833 2497 sublime
864 2441 980 2511 dicitur,
1009 2452 1044 2497 ut

57 2526 181 2573 remum,
206 2511 304 2561 altum.
343 2508 396 2561 Pro
414 2525 542 2577 supreme
559 2508 676 2576 Iupiter.
712 2510 888 2563 Postremum
905 2520 996 2582 potest
1012 2521 1042 2566 et

57 2579 142 2633 naria
160 2586 188 2630 et
204 2579 239 2631 ad
255 2586 345 2631 terras
367 2578 478 2631 referri.
514 2577 634 2645 Quidam
652 2596 702 2646 pro
702 2579 831 2647 fundum
841 2618 849 2644 ,
871 2580 901 2632 in
924 2583 1042 2652 profun-

57 2666 64 2699 ι
89 2646 242 2716 accipiunt,
267 2647 315 2699 alii
339 2662 390 2716 pro
407 2647 564 2715 funditus.-
589 2653 618 2699 et
638 2647 709 2697 sicut
734 2647 781 2698 hic
797 2647 988 2718 profundum,
1010 2650 1042 2703 in
1065 2670 1067 2675 ·

57 2716 189 2781 udinem,
212 2715 250 2767 sic
274 2715 342 2767 abbi
371 2715 515 2783 fastigia,
539 2715 573 2766 de
605 2714 701 2767 infima
724 2723 803 2785 parte
825 2719 878 2784 (G.
896 2727 929 2782 2,-
953 2719 1040 2783 2880:

57 2785 126 2837 itan
143 2788 173 2837 et
188 2784 331 2835 scrobibus
349 2799 420 2852 qnae
437 2784 492 2835 sint
508 2782 620 2849 fastigia
638 2783 775 2852 miseras]
791 2811 826 2823 -
861 2791 904 2844 59.
922 2784 1041 2850 Ferant:

57 2861 134 2906 rant.
168 2852 205 2904 Et
228 2860 270 2905 est
291 2851 457 2922 aphaeresis.
499 2850 609 2919 Rapidi
616 2868 634 2915 3,
653 2851 774 2918 veloces,
797 2860 830 2904 ut
852 2869 937 2924 supra
961 2854 1040 2922 (42.)

57 2935 191 2990 *anteum
209 2939 317 2972 verrere
335 2930 377 2974 est
392 2921 519 2995 trahere:
537 2938 553 2971 a
570 2928 641 2985 rete,
656 2921 731 2988 quod
744 2924 917 2975 verriculum
930 2921 1041 2976 dicium.

58 2999 159 3051 autem
183 2989 374 3061 principalitas
390 2989 483 3042 verbi:
510 3006 590 3042 cerro
615 2990 724 3054 verris,
747 2992 932 3062 praeteritum
948 2994 1040 3044 versis

57 3080 67 3114 a
90 3069 121 3113 et
144 3059 178 3111 fit
251 3059 379 3130 ticipium
403 3076 519 3124 versus,
540 3058 606 3111 hinc
624 3057 752 3127 Virgilius
775 3059 875 3126 (478·):
898 3058 935 3111 Et
958 3076 1040 3114 versa

57 3135 89 3182 *is
104 3076 276 3181 inseriiiur
288 3128 381 3194 hasta,
397 3127 415 3179 i.
432 3146 455 3180 e.
468 3134 565 3180 uada.
600 3125 664 3195 [sed
675 3126 854 3192 archaismos,
864 3144 932 3181 num
944 3137 1041 3184 nostro

58 3200 83 3251 is
102 3199 142 3251 vis
160 3197 191 3248 in
209 3198 304 3248 animo
323 3204 352 3249 et
368 3211 485 3267 corpore
503 3196 555 3248 sita
573 3193 633 3260 ast]
649 3222 685 3234 -
719 3202 763 3254 60.
780 3198 888 3263 (Atris,·
904 3194 948 3249 vel
963 3204 1041 3251 tene·

57 3269 96 3334 is,
114 3267 160 3321 vel
175 3267 306 3334 magnis.)
324 3291 359 3304 —·
393 3272 436 3323 61.
455 3265 488 3316 ld
508 3271 649 3326 metuens3
662 3265 837 3335 (providens,
854 3280 963 3331 cavens,
980 3265 1040 3331 siit)
1124 3302 1130 3316 .

57 3354 102 3391 ns.
139 3336 218 3402 Ergo
234 3334 359 3405 Iuppiter
384 3334 478 3386 timet:
503 3349 561 3385 non
586 3331 655 3399 sihi,
677 3333 725 3386 sed
743 3333 901 3400 elementis,
927 3351 963 3387 ne
981 3342 1041 3388 tur·

57 3423 94 3458 ur
109 3404 258 3472 eruptione
271 3411 424 3455 ventorum.
460 3402 497 3452 Ut
514 3401 536 3452 si
553 3397 693 3455 bellorum
709 3410 835 3472 tempore
847 3403 930 3469 dicas,
948 3403 1040 3456 virum

57 3491 94 3527 im
111 3472 309 3537 timere,·non
325 3472 395 3536 sibi,
419 3469 467 3522 sed
485 3468 582 3522 liberis
600 3471 662 3523 suis.
697 3470 855 3539 Metamque
874 3483 899 3522 et
917 3485 1040 3536 montem

67 3542 181 3595 molem
197 3540 307 3592 montis.
342 3540 379 3591 Et
396 3547 438 3592 est
454 3539 545 3607 figura
561 3537 727 3607 [endyndis],
744 3547 775 3590 ut
791 3555 846 3593 msa
862 3557 907 3592 res
924 3540 955 3593 in
971 3540 1039 3593 diras

57 3612 151 3676 latur,
180 3609 266 3662 metri
290 3623 373 3660 causa
404 3607 567 3678 interposita
589 3607 793 3661 coniunctione.
839 3609 875 3662 Ut
898 3607 953 3662 alio
976 3609 1039 3663 loco

57 3676 200 3745 2,142.):
231 3677 340 3730 Poteris
364 3678 493 3728 libamus
516 3687 542 3727 et
565 3694 653 3727 auro:
678 3675 697 3728 i.
714 3695 738 3730 e.
762 3681 864 3748 pateris
888 3678 986 3731 aureis.
1002 3691 1040 3719 ····

57 3749 198 3809 Foedere;
220 3748 315 3805 modo*
329 3746 404 3814 lege:
429 3745 497 3797 alias
521 3762 606 3813 pace,
629 3760 699 3814 quse
717 3745 749 3797 fit
770 3746 845 3801 inter
867 3747 1039 3818 dimicantes.

57 3822 103 3871 [us
136 3823 241 3869 autem·
257 3817 379 3881 dictum,
400 3815 443 3867 vel
459 3833 476 3866 a
493 3813 668 3880 foecialibus,
691 3813 709 3868 i.
727 3834 751 3867 e.
773 3815 962 3877 sacerdotibus
979 3815 1040 3884 [qui

57 3935 59 3939 ,
83 3884 213 3942 foedales
237 3883 424 3948 dicebantur,]
447 3899 498 3954 per
522 3898 591 3950 quos
615 3882 686 3934 fiunt
701 3885 829 3938 foedera:
853 3884 929 3939 vela
951 3899 1040 3954 porco

57 3958 219 4012 elucereta
236 3952 326 4022 (codd.
344 3960 453 4003 tantum
464 3951 553 4021 foeda
570 3968 591 4002 s.
604 3950 705 4020 foede,
716 3952 848 4023 foedae),
870 3953 924 4006 hoc
942 3960 983 4005 est
997 3951 1039 4006 la·

57 4041 101 4081 uss
125 4022 228 4077 occisa.
262 4022 300 4075 Ut
321 4020 381 4092 ipso
405 4022 555 4096 (dedii->³
578 4019 614 4074 Et
637 4037 720 4074 caesa
744 4023 900 4092 iungebant
916 4020 1038 4090 foedere

793 4140 833 4200 't
