2454 4500
149 236 194 301 rs
263 298 266 305 ,
335 275 336 285 s
410 231 548 313 sanun
570 186 923 315 conuenturum
1013 232 1016 237 ·

149 408 296 489 inventum,
308 424 348 471 est
363 426 446 490 caput
462 419 551 483 bovis3
575 419 647 489 quod
664 437 728 472 oum
745 415 943 492 displicuisset,
968 423 1038 492 quia
1054 424 1080 483 b<

148 509 198 562 per
215 489 371 556 subiugatos
395 486 449 554 es't,
472 490 526 540 alio
549 490 609 540 loco
635 493 852 560 effosso‚,caput
869 493 937 560 equi
960 488 1080 545 inve'ntur

150 560 220 610 cuit:
239 557 303 625 quia
319 558 372 608 hoo
389 559 493 609 animal
508 559 574 609 licat
590 552 766 626 subiugatur,
784 558 949 611 bellicosum
964 569 1064 625 tamen

148 626 246 689 vincit,
267 634 297 678 et
313 626 474 694 plermnque
491 627 599 694 [iugum
615 627 738 692 subiens]
762 629 927 694 concordat,
951 637 984 680 ut
1001 632 1065 701 ‘ipse

147 694 198 760 dit]
224 695 380 769 plenissime
404 693 434 744 in
456 695 503 745 illo
527 695 587 745 loco
620 701 668 763 (3,
690 695 784 760 540.);
814 695 891 749 Bello
925 712 1076 751 armantur

125 822 128 831 ,
148 766 250 817 bellum
269 762 336 813 baec
355 774 480 813 armenta
506 765 668 815 minantur:
692 766 743 815 Sed
768 776 859 815 tamen
885 768 972 833 iidem
998 769 1066 818 olim

147 834 290 886 succedere
314 833 388 882 sueti
412 828 628 899 Quadrupedes,
659 847 684 884 et
701 835 789 903 frena
814 836 881 901 iugo
909 838 1080 899 concordia,

145 905 212 971 Spes
231 913 270 950 est
286 902 383 966 pacis,
409 903 458 950 nit.
491 901 548 952 Illic
566 918 631 970 ergo
648 902 746 954 Iunoni
762 902 868 973 templa
883 905 1022 956 iecerunt.
1055 905 1080 955 u

146 971 275 1024 bellicosa
304 976 346 1020 est
369 969 507 1036 Carthago
538 986 589 1036 per
614 970 678 1038 equi
708 987 815 1036 omen,
834 979 862 1023 et
891 973 991 1024 fertilis
1022 990 1070 1042 per

145 1040 226 1104 (Sane
236 1037 342 1157 {odero
358 1044 397 1090 est
419 1045 528 1089 tantum
541 1039 691 1107 sollicitare
708 1047 829 1103 terram;
854 1040 989 1109 effodere,
1013 1041 1066 1093 hoc

138 1109 234 1161 *facien
254 1122 270 1156 o
288 1106 391 1174 aliquid
408 1124 506 1158 eruere
523 1115 553 1175 et
568 1107 707 1179 invenire;
725 1107 769 1159 cui
782 1110 954 1160 contrarium
968 1117 1010 1162 est
1027 1109 1080 1178 infe

157 1177 232 1228 Ordo
250 1182 343 1225 autem
360 1181 413 1226 est:
436 1175 526 1226 Lucus
549 1174 579 1226 in
602 1177 675 1228 urbe
693 1175 784 1228 media
801 1176 965 1229 laetissimus
982 1179 1079 1230 umbra

155 1260 205 1296 oco
229 1243 323 1295 iactati
344 1244 428 1295 Poeni
458 1244 537 1294 undis
561 1251 589 1295 et
615 1245 727 1298 turbine
752 1244 873 1298 effodere
899 1254 982 1315 caput
1008 1245 1075 1298 acris

125 1317 208 1383 ,quia
224 1311 386 1379 regianum
409 1312 520 1380 signum
537 1320 741 1366 monstraverat.
777 1311 860 1378 Quod
885 1316 1080 1383 regia;'regin

52 1381 54 1384 ⁴
140 1385 203 1438 444.
222 1381 415 1445 Monstrum,-
438 1388 560 1431 monstro
578 1382 705 1445 dederat;
730 1390 770 1447 et,
788 1390 819 1432 ut
835 1382 967 1448 diximus,
983 1384 1070 1452 tangit

76 1460 79 1467 ’
141 1452 221 1502 riam.
258 1449 349 1517 [Acris
374 1452 437 1516 equi
444 1445 629 1521 (epithetum,
652 1451 741 1519 magis
764 1458 860 1520 aptum
885 1451 979 1524 equis,
1007 1459 1039 1502 ut
1060 1452 1080 1518 (l

141 1519 212 1571 coni.
230 1520 325 1583 quasis)
342 1518 456 1570 canibus
474 1518 602 1586 [blandis]
608 1557 616 1585 ,
642 1519 689 1587 qui
712 1528 811 1571 natura
832 1519 926 1572 blandi
944 1519 1027 1585 sunt]
1042 1545 1074 1557 -

142 1587 177 1655 Et
194 1587 314 1655 facilem
339 1589 431 1650 victu,·
453 1595 564 1657 propter
589 1587 703 1639 bovem:
731 1589 805 1657 quod
826 1588 892 1640 licet
913 1604 988 1641 nuno
1011 1605 1067 1641 non

95 1691 99 1698 ·
140 1664 236 1709 tamen
260 1672 293 1729 px
315 1655 430 1707 historia
452 1657 548 1719 sumit,
572 1656 656 1723 [sicut
679 1656 783 1707 dictum
806 1655 869 1720 est]
904 1655 1080 1724 (Facilem'a

140 1726 297 1793 copiosam,
320 1724 441 1777 divitem.
482 1724 627 1775 Terentius
653 1724 782 1795 (Adelph.
807 1733 838 1791 3,
863 1729 895 1790 5,
912 1725 981 1790 56.):
1005 1725 1080 1792 Quor

1 1826 11 1857 ,
133 1793 277 1864 facillime
294 1792 400 1860 agitis.)
417 1819 452 1830 -
485 1796 546 1850 elo.
565 1791 631 1859 (Hic
649 1795 780 1860 templum
798 1794 906 1844 Iunoni
911 1816 921 1858 ;
945 1797 1069 1862 superius

139 1863 315 1927 dictumest,
339 1863 412 1930 quod
430 1860 558 1928 Virgilius
581 1861 684 1929 ubique
706 1861 783 1912 lucos
799 1870 973 1915 consecratos
990 1863 1080 1917 velita

90 1970 99 1989 s
123 1932 212 1999 „unde
234 1938 369 1999 tanquam
391 1930 421 1981 in
444 1929 506 1979 luco
532 1945 612 1980 sacro
634 1928 741 1982 inducit
756 1931 896 1982 Didonem
912 1932 1012 1984 Iunoni
1034 1936 1080 1983 ten

139 2007 314 2060 construere3
338 2015 448 2051 morem
464 2005 558 2049 antem
574 1999 734 2050 Romanum
749 2007 873 2050 veterem
889 1999 993 2068 tangit,
1016 2000 1035 2053 i.
1052 2018 1074 2052 e.

139 2068 186 2137 qui
205 2067 279 2118 enim
296 2066 378 2118 aedes
394 2083 484 2119 sacras
501 2065 539 2118 ita
562 2068 666 2137 templa
688 2066 827 2119 faciebant
844 2068 954 2134 (Burm.
973 2071 1033 2120 aed.
1052 2086 1072 2137 s.

139 2134 240 2202 templa
259 2137 298 2184 ito
310 2135 383 2203 fac.)
406 2143 439 2185 nt
461 2134 537 2201 prius
559 2150 611 2202 per
628 2139 751 2202 Augures
773 2136 849 2186 lucus
864 2136 1048 2215 liberaretur,
1069 2156 1080 2188 e

136 2211 250 2272 nuque:
266 2200 457 2255 tum‘demum
473 2222 489 2254 a
506 2204 680 2255 Pontificibus
698 2213 919 2271 consecraretur,
935 2223 969 2257 ac
987 2215 1049 2277 post
1062 2205 1080 2256 il

135 2289 214 2324 sacra
232 2273 413 2325 edicerentur.
447 2273 534 2323 Erant
550 2281 645 2325 autem
660 2273 779 2341 templa,
804 2273 834 2323 in
858 2274 957 2340 quihus
982 2275 1080 2345 auspici

137 2341 246 2410 publice
269 2358 313 2394 res
337 2340 594 2406 administraretur,
618 2350 646 2393 et
669 2349 778 2392 senatus
800 2340 900 2392 haberi
923 2353 1026 2412 posset,
1051 2361 1078 2395 er

136 2417 245 2461 tantum
263 2427 352 2462 sacra·
381 2410 432 2460 Hic
451 2425 517 2476 ergo
536 2417 563 2461 et
580 2426 691 2462 sacrum
706 2409 858 2478 ternplum,
875 2411 948 2477 quod
966 2413 996 2463 in
1012 2413 1073 2462 luco

135 2477 163 2530 in
183 2477 242 2529 loco
259 2493 353 2544 sacro,
370 2478 513 2544 conditur,
531 2478 617 2530 docet.
651 2479 689 2528 Et
704 2479 733 2529 in
747 2479 854 2545 templo
873 2479 1063 2532 administrari
1078 2481 1080 2528 ζ

122 2545 210 2614 ¹publ
233 2541 459 2614 subsequentibus
482 2547 604 2597 versibus
636 2545 740 2597 indicat
764 2545 869 2612 (507.):
885 2547 970 2605 ,lura
1003 2548 1080 2600 dabas

134 2614 206 2667 Alibi
227 2623 337 2667 tantum
360 2632 438 2667 sacra
463 2631 520 2667 esse
543 2614 664 2685 templa,
688 2614 754 2665 alibi
778 2615 872 2666 omnia
895 2617 944 2667 ubi
968 2618 1024 2685 agi·
1038 2620 1052 2649 *
1073 2634 1080 2685 1

10 2697 14 2702 ·
63 2696 70 2717 '-
134 2684 240 2749 (Burm.
257 2683 392 2749 possent),
413 2680 480 2734 locis
497 2684 551 2734 suis
574 2682 791 2745 monstrabitur.)
824 2684 961 2749 Sidonia,-
986 2686 1066 2755 [licet

133 2752 226 2804 civitas
251 2754 285 2804 sit
309 2752 408 2804 Fenioe
432 2752 540 2818 (Burm.
563 2750 762 2815 Phoenicius),
792 2757 888 2803 tamen
917 2749 983 2818 hic]
1006 2770 1057 2824 pro
1079 2759 1080 2773 ¹

134 2819 253 2890 [posuit]
288 2820 375 2884 (Sane
399 2820 513 2888 qnidam
537 2828 672 2888 oportune
696 2821 742 2871 hic
759 2820 900 2872 Sidoniam
917 2822 1013 2874 volunt
1036 2841 1080 2893 pos

132 2897 163 2939 ut
180 2886 335 2942 ostenderet
350 2889 530 2958 locupletem·
554 2888 658 2940 Sidonii
675 2889 750 2940 enim
767 2887 915 2957 locupletes
929 2891 1022 2943 habiti
1038 2910 1080 2944 sur

133 2959 177 3021 (lt,
194 2961 262 3020 75.):
291 2957 415 3009 Sidonias
439 2965 556 3010 ostentat
578 2954 662 3026 opes.)
679 2982 713 2992 -
747 2960 809 3014 447.
832 2957 927 3008 Donis
951 2962 1080 3027 opulenta

134 3030 250 3077 numine
268 3027 364 3091 divae;
391 3033 439 3077 aut
460 3027 638 3077 simulacrum
693 3040 764 3091 oque
783 3043 898 3077 alueum
917 3028 985 3094 fuit,
1012 3037 1043 3082 et
1059 3049 1077 3081 n

150 3111 183 3146 ro
200 3095 348 3147 simulacro
386 3095 470 3159 osuit,
488 3103 517 3144 ut
534 3096 583 3162 [(4,
599 3096 660 3148 204.
682 3093 801 3144 :Media
822 3097 896 3145 inter
914 3100 1036 3150 nomina
1055 3092 1080 3155 dr

159 3163 213 3229 nc]
230 3165 328 3217 Cicero
345 3114 479 3231 (Bivinat.
496 3161 544 3223 1.):
567 3161 630 3211 Sese
648 3164 705 3210 ium
732 3180 766 3213 ne
789 3163 854 3215 deos
877 3164 1006 3232 quidem,
1030 3170 1070 3218 ad

132 3232 326 3301 confugerent,
343 3231 459 3295 babere5
482 3240 530 3283 aut
545 3231 602 3281 vult
619 3230 777 3297 ostendere,
799 3233 912 3302 plenum
928 3251 987 3287 esse
1006 3255 1080 3307 praes

130 3302 249 3353 numinis
272 3301 416 3370 templum.
439 3327 474 3337 —
513 3303 577 3358 448.
606 3298 708 3363 Aerem
739 3318 821 3353 aerea
843 3301 921 3365 ideo,
950 3304 995 3355 vel
1019 3323 1080 3373 quor

129 3385 175 3420 nna
198 3370 218 3420 's
240 3379 344 3423 veteres
366 3371 396 3419 in
419 3384 470 3419 usu
492 3369 646 3421 habebant:
669 3369 711 3420 vel
728 3369 949 3438 quod-religioni
965 3374 1080 3441 [magis]

129 3445 170 3489 est
206 3455 253 3490 aec
270 3438 409 3490 materies.
441 3436 567 3504 Denique
584 3437 688 3489 flamen
704 3437 790 3490 Dialis
813 3441 900 3491 aereis
916 3439 1012 3491 cultris
1028 3451 1080 3495 ton

126 3511 186 3556 tur:
210 3511 268 3569 (aut
289 3507 354 3574 quia
377 3504 496 3556 vocalius
519 3505 617 3557 ceteris
640 3507 772 3567 metallis3
796 3516 843 3557 aut
867 3507 932 3575 qnia
947 3507 1080 3581 Medici!

127 3574 267 3640 quaedam
282 3574 397 3626 vulnera
414 3579 526 3634 curant3
550 3581 598 3624 arn
615 3573 696 3639 dicit,
718 3575 782 3642 quia
798 3583 904 3628 veteres
927 3578 1018 3646 magis
1034 3598 1080 3634 aer

126 3641 219 3702 sunm)
249 3648 298 3694 arst
319 3650 395 3694 certe
418 3656 500 3693 aerea
523 3642 614 3693 secun
637 3641 832 3710 significantia.
873 3644 946 3695 Nam
969 3654 1002 3695 ut
1024 3649 1080 3702 Hes

126 3707 206 3774 dicit,
235 3717 379 3780 ternpore,
406 3724 463 3777 qsro
490 3709 559 3761 haec
588 3718 664 3777 gesta
694 3720 768 3775 sunt,
799 3728 913 3765 aereum
943 3715 1071 3769 seculum

124 3775 283 3845 <Nessusque
307 3793 369 3830 aere
395 3779 503 3837 trabes3
526 3776 606 3828 multi
631 3780 715 3829 nr'rae
738 3779 849 3847 legunt,
872 3795 929 3831 non
955 3799 1061 3852 nessae,

124 3845 292 3910 Varronem,
321 3847 369 3914 qui
391 3846 445 3899 ait:
476 3845 624 3897 Trisulcae
641 3846 738 3915 sores,
768 3850 889 3914 pessulis
914 3850 1051 3919 libratae,

124 3924 222 3994 scunt,
260 3928 362 3981 graves
384 3926 467 3982 atque
499 3915 616 3965 innisae
647 3917 678 3965 in
709 3917 858 3967 cardinum
888 3918 984 3970 tardos
1019 3926 1080 3975 turi

122 3980 243 4050 Quidam
265 3984 357 4035 trabes
379 3999 482 4036 aeneas
505 3989 603 4054 putam
618 3982 710 4054 ipsum
727 3985 861 4055 templum
877 3983 1024 4053 palmaris
1042 3993 1080 4061 (E
