2454 4500
74 234 99 269 ²
171 289 205 331 n
228 270 389 334 nien.
412 271 586 336 neusse.
608 274 690 338 tus.
713 278 739 349 1,
759 284 952 350 ess-eso.
1033 288 1075 371 u

111 452 169 523 ‘gent
184 456 214 520 ¹¹)
238 455 353 509 Iunonis
370 455 495 511 dolorem
520 456 637 526 oblique
648 455 770 510 accusari
788 474 805 509 a
821 457 943 526 Venere,
966 469 997 512 ut
1019 470 1073 515 estt

93 538 182 590 uerte,
204 528 332 593 genitor,
356 531 494 578 sententio
515 531 601 578 vertit.
637 527 687 577 Et:
714 526 806 577 Unius
825 529 856 577 ob
883 532 955 579 iram
979 533 1074 598 predi.

59 652 76 661 ,Ι
92 608 128 658 vr;
144 595 209 645 siout
226 594 293 645 alibi
311 597 349 662 (4,
368 597 452 657 128.):
470 599 556 664 Atque
575 594 649 647 dolis
668 598 733 646 risit
751 595 882 662 Cytheren
903 603 1023 666 repertis.
1038 626 1073 641 ·-

105 698 110 712 .
128 662 208 713 Vultu
226 678 281 730 quo
301 663 425 726 coelum;
444 666 575 728 ostendit,
592 665 661 713 sicut
677 665 847 728 dictumest,
863 683 912 717 cur
928 669 1074 722 subriserit

115 730 182 792 iter.)
216 733 349 793 Serenam
373 732 427 782 hoc
451 733 566 784 verbum
590 732 625 783 de
641 731 683 783 his
701 741 754 796 est,
778 751 849 800 quse
866 744 962 787 carent
980 737 1072 806 prime

105 797 186 865 tione:
200 801 274 869 quod
287 801 319 850 fit
330 799 360 867 in
374 800 424 863 his,
442 802 549 868 quaein
556 809 650 852 nostro
663 809 788 852 nunaunt
796 796 942 872 potestate:
961 814 1083 872 utton0,·

84 866 181 932 imino,
195 871 272 937 pius.
308 869 383 919 Haec
401 869 476 920 enim
494 886 549 920 non
567 883 708 937 possumus
725 870 832 934 dicere,
848 871 901 922 nisi
918 873 989 924 forte
1007 894 1071 944 per·

95 936 297 1006 sindvdcktur
323 937 397 1001 eius,
428 937 474 1004 qui
499 946 601 1007 potest3
632 944 677 1000 ut,
700 938 721 987 si
745 939 800 989 tole
821 938 924 1005 aliquid
947 941 1071 1012 luppiter

69 1004 75 1016 '
102 1013 171 1057 t-
203 1012 265 1063 256.
291 1005 401 1057 Oscuta
426 1006 526 1056 libavit
552 1016 649 1063 natan
672 1005 768 1058 leviter
791 1006 892 1074 tetigit.-
930 1008 967 1059 Et
982 1013 1071 1064 scien‘

37 1070 41 1077 '
111 1112 119 1139 ,
143 1077 273 1127 osculum
295 1074 437 1141 religionis
461 1090 533 1138 esse,
566 1076 678 1123 savium
703 1074 858 1144 voluptatis:
887 1081 918 1125 ut
941 1075 1007 1129 alibi
1030 1078 1071 1133 ait

77 1143 194 1208 ,434.);
216 1143 385 1209 Summaque
410 1160 458 1209 per
482 1144 591 1210 galcam
617 1142 744 1192 delibans
771 1145 867 1194 oscula
892 1144 985 1212 futur.
1032 1149 1071 1201 Et

67 1213 183 1265 orentius
214 1212 304 1278 (Eun.
336 1219 369 1275 3,
398 1220 430 1274 2,
463 1214 519 1274 3.):
553 1211 578 1262 Ο
605 1209 693 1261 Thais
719 1225 794 1272 rnen,
824 1228 914 1263 meum
946 1212 1067 1268 savium.

37 1278 179 1347 (Quamvis
207 1278 325 1349 quidam
355 1280 481 1329 osculum
512 1277 574 1329 filiis
604 1279 681 1343 dari,
710 1280 788 1330 uxori
815 1282 943 1346 basium,
976 1292 1068 1335 scorto

37 1352 174 1415 darium,
195 1349 298 1400 dicant.
338 1345 409 1399 Sane
432 1346 514 1398 multi
538 1344 635 1397 uolunt
657 1347 696 1398 ita
718 1346 850 1417 intelligi,
875 1357 905 1398 ut
927 1365 1069 1411 summum

37 1418 160 1469 moiun
184 1417 269 1468 filiae»
283 1415 405 1478 dederit,
428 1416 446 1465 i.
471 1435 494 1467 e.
519 1428 574 1466 non
600 1429 739 1481 pressum,
767 1418 814 1468 sed
836 1431 945 1470 summa
967 1418 1070 1474 inbelle

37 1485 216 1554 ,contingenm
232 1484 282 1536 sed
298 1485 338 1535 ita
355 1484 445 1535 aiunt:
462 1491 523 1533 tum
543 1483 639 1534 hilaris
656 1483 777 1553 Iuppiter
795 1485 881 1536 vultus
899 1493 980 1540 natae
998 1488 1068 1542 libs·

37 1554 89 1618 nit,
103 1552 121 1606 i.
140 1572 164 1605 e.
182 1549 312 1618 contigit3
336 1551 392 1621 scil.
411 1560 442 1601 ut
457 1570 506 1602 nos
522 1552 641 1602 solemus
665 1568 730 1601 cum
748 1550 940 1617 blandimentis
957 1554 1068 1623 quibus-

37 1614 101 1675 ffim
122 1620 264 1673 sinistram
288 1621 427 1672 maxillam
452 1622 613 1687 contingere
630 1617 796 1684 liberorum,
820 1639 852 1672 ac
869 1618 969 1676 deinde
985 1624 1021 1676 ad
1038 1639 1069 1678 ot

37 1698 159 1757 mentun
190 1690 317 1743 dextram
348 1691 464 1741 referre.
504 1689 579 1754 Ergo
604 1688 706 1738 libavit
729 1688 847 1754 merito,
870 1692 936 1761 quis
958 1702 1068 1762 partem

37 1758 121 1809 'ultus
138 1774 196 1810 non
218 1765 290 1808 totos
307 1758 477 1822 contigerat,
501 1764 530 1807 ut
548 1758 644 1808 oscula
664 1757 776 1821 dixerit,
799 1759 878 1826 inuisi
902 1762 1014 1811 minora
1039 1770 1067 1814 et

37 1829 174 1887 {sacriora
191 1825 266 1878 tiliae
285 1845 350 1890 ora;
376 1834 407 1875 ut
424 1843 473 1876 ora
491 1824 652 1876 diminutive
671 1827 784 1888 ostiara,
809 1843 877 1877 nam
901 1847 951 1880 ora
971 1832 1067 1880 vultus
1127 1880 1130 1893 ,

37 1894 106 1959 diti,
125 1902 159 1946 ut
174 1896 218 1962 (2,
236 1894 284 1956 1.):
308 1895 466 1961 Intentique
490 1912 539 1944 ora
559 1894 694 1944 tenebant.
728 1895 765 1944 Et
781 1898 824 1959 (0,
841 1896 927 1960 490.);
951 1897 997 1948 Sic
1016 1915 1068 1950 orn

67 1965 154 2014 redut:
172 1964 231 2033 ipse
247 1963 410 2014 diminutive
426 1962 516 2013 oscula
533 1961 600 2012 dixit
615 1962 737 2014 minores
752 1970 781 2012 et
793 1970 904 2014 teneros
916 1966 1019 2028 vultus.)
1032 1992 1067 2006 -
1129 2005 1134 2017 ,

73 2040 97 2088 7.
115 2031 199 2085 Pnrce
217 2044 309 2098 metu3
329 2032 453 2098 quotiens
470 2030 500 2080 in
518 2030 605 2080 causis
622 2031 780 2098 arguimur,
797 2039 861 2082 ante
877 2024 928 2083 nos
946 2050 1066 2103 purgare

37 2098 181 2166 debemus,
211 2108 239 2153 et
267 2101 308 2152 sic
338 2099 373 2151 ad
403 2098 541 2151 actionem
571 2098 751 2163 descendere,
780 2099 854 2166 quod
877 2109 905 2152 et
926 2097 980 2152 hoc
1004 2103 1065 2154 loco

37 2166 155 2250 hppiter
171 2169 246 2220 iacit.
282 2170 352 2220 Ante
370 2167 444 2218 enim
462 2168 570 2217 obiecta
595 2175 709 2236 pingat,
733 2173 761 2218 et
783 2168 821 2217 sic
845 2169 921 2220 venit
944 2167 980 2222 sd
1003 2187 1068 2241 pro·

37 2237 200 2290 missionem.
241 2238 277 2288 Et
301 2242 342 2289 est
365 2235 448 2286 Parce
472 2240 544 2284 mttu
570 2235 686 2286 elocutio
717 2236 830 2300 usualis,
852 2235 870 2288 i.
895 2253 934 2300 e.,
957 2237 1066 2292 dimitte

37 2306 154 2359 henim:
179 2306 318 2374 quomodo
342 2302 470 2355 dicimus:
494 2320 576 2370 parce
602 2305 708 2367 verbis,
732 2320 813 2369 parce
841 2307 968 2356 iniuriis.
1005 2305 1068 2374 (Alii

37 2386 106 2425 metu
123 2389 175 2444 pro
193 2377 280 2424 metui
297 2371 449 2442 accipiunt,
474 2372 624 2422 ablativum
640 2388 691 2441 pro
709 2372 814 2432 dativ03
838 2381 886 2424 aut
903 2383 978 2426 certe
1002 2374 1066 2426 ideo

37 2450 141 2495 mettun
158 2444 264 2507 aufert,
282 2450 312 2492 ut
329 2442 422 2493 animo
440 2440 682 2509 securiorepossit
698 2440 808 2507 audire,
833 2450 863 2490 ut
880 2443 974 2506 (,·)61.):
1006 2442 1067 2495 Sol·

37 2513 91 2563 uite
107 2513 188 2562 corde
208 2524 326 2576 metum,
350 2507 470 2570 Teucri.)
513 2508 662 2574 Cytheren,
688 2509 782 2559 onmia
800 2526 871 2577 quem
890 2511 962 2580 opud
979 2509 1068 2563 Grae-

37 2590 78 2631 oos
100 2598 125 2632 et
147 2577 340 2653 diphthongon
363 2577 480 2639 helient,
502 2577 577 2646 apud
594 2577 706 2627 Latinos
730 2577 759 2628 in
783 2594 796 2626 c
820 2574 985 2646 productum
1001 2582 1080 2631 con·'

37 2654 187 2713 Rmmtur,
202 2650 233 2701 in
250 2649 407 2716 Κυθέρεια,
426 2645 576 2712 Cythereut
593 2641 717 2705 Αἰνείας,
734 2648 852 2697 Aeneas:
881 2646 922 2712 (L.
939 2649 1065 2715 Χορείας,

37 2714 165 2780 Chorsos)
181 2713 321 2785 Μήδεια,
347 2712 469 2777 Medeon]
503 2713 605 2764 (linitio
625 2722 733 2777 autem,
758 2726 828 2782 quse
853 2713 920 2765 dicit
935 2716 1067 2786 Iuppiter,

37 2785 69 2837 ud
91 2784 257 2837 solutionem
281 2784 421 2856 pertinent
443 2782 655 2834 antedictorum.
690 2782 755 2832 ldeo
778 2790 872 2834 autem
895 2798 967 2834 nunc
985 2784 1067 2836 dicit:

37 2848 114 2905 Parce
140 2867 230 2919 ηιατυς
256 2855 322 2921 quie
346 2851 471 2922 superius
495 2851 601 2902 dixerut
619 2848 750 2900 Tristior.
785 2849 905 2900 Manent
930 2854 1063 2918 immorng

37 2923 97 2991 iptio
111 2923 224 2975 dixerat
241 2919 399 2991 (superius):
418 2918 496 3039 Suae
516 2931 539 2968 te
557 2922 669 2985 genitor
686 2921 822 2968 sententia
841 2918 943 2970 vertit?
978 2921 1015 2970 Et
1030 2920 1066 2971 si·

37 2992 89 3043 toul
111 3008 163 3062 per
187 2989 335 3042 transitum
353 2988 401 3055 (et)
438 3004 519 3056 ogma
537 2986 693 3038 Stoicorum
710 2987 839 3053 ostendit,
864 2985 939 3039 nulla
956 2988 1065 3041 rationo

134 3061 196 3112 iota·
217 3056 330 3110 mutari.
367 3054 449 3116 (Sene
466 3063 555 3107 servet
572 3063 601 3107 et
622 3056 668 3108 hic
686 3052 813 3107 ordinem
836 3057 906 3107 sicut
922 3057 951 3107 in
968 3057 1065 3127 templi
1138 3108 1141 3116 ,

37 3070 133 3193 m
150 3128 224 3180 coni.
239 3124 378 3187 Didonis)
403 3124 526 3176 oratione
544 3123 634 3190 (562),
657 3131 688 3173 ut
706 3125 971 3193 statimpromittat,
1009 3123 1065 3179 uod

37 3205 217 3263 mantonis
242 3198 297 3260 est,
319 3210 355 3247 ne
377 3193 486 3248 auditor
509 3193 544 3243 sit
567 3191 767 3262 exspectatione
791 3191 953 3262 suspensus.)
1016 3210 1065 3244 uo·

37 3280 109 3331 rum3
140 3266 186 3317 vel
208 3262 413 3326 Troianorum,
441 3259 484 3312 vel
508 3261 708 3310 Romanorum.
732 3286 767 3299 -
809 3267 870 3319 258.
895 3259 966 3310 Fata
993 3264 1016 3312 ti
1035 3263 1047 3312 i
1053 3281 1064 3327 ,

37 3324 95 3385 oon'
109 3350 161 3406 pro
182 3341 226 3384 ter
251 3339 288 3383 te.
322 3331 383 3381 Fati
407 3331 483 3381 enim
507 3326 658 3380 immobilis
682 3328 752 3380 ratio
771 3337 817 3380 est
852 3327 905 3380 Sed
922 3335 970 3379 eut
986 3338 1065 3382 vacat

37 3399 104 3454 Titi.
140 3351 316 3468 dimicem]
335 3397 425 3463 (Catil.
444 3408 475 3461 2,
493 3399 544 3460 5.);
572 3396 630 3462 Qui
655 3398 726 3448 mihi
751 3397 918 3448 accubantes
942 3398 974 3447 in
998 3415 1063 3450 con·

37 3473 124 3523 sioiin
159 3472 215 3520 Aut
238 3475 315 3521 certe
345 3473 405 3518 tuta
428 3466 481 3517 tibi
505 3474 568 3523 sunt
591 3469 663 3531 lota,
692 3484 747 3518 non
771 3475 865 3518 temen
889 3473 1002 3536 propter
1026 3475 1064 3521 te.

37 3538 130 3591 liernm
156 3539 271 3603 urbem,
296 3544 344 3588 eut
369 3537 491 3586 Romam
514 3535 661 3602 significat:
686 3537 750 3602 quis
773 3552 838 3586 cum
858 3534 1064 3605 proprietatem

37 3607 214 3672 otrannus,
237 3603 311 3674 quod
333 3619 467 3673 magnum
491 3610 545 3668 est,
567 3602 765 3670 significamus,
795 3611 825 3654 ut
846 3606 869 3654 si
893 3602 980 3657 dicus:
1004 3603 1063 3672 legi

37 3675 197 3740 Oratorem,
219 3691 271 3727 nec
294 3673 378 3726 addes
401 3686 501 3741 quem,
524 3673 647 3739 intelligo
666 3673 844 3733 Ciceronem
867 3679 896 3724 et
919 3687 955 3723 ne
978 3667 1024 3723 lon
1045 3689 1063 3726 o

37 3742 262 3818 itexspectstio,
278 3742 392 3796 adiecit:
420 3741 454 3790 Et
471 3743 610 3807 promisso
629 3736 698 3793 Lao.
711 3740 751 3792 M.
786 3742 840 3791 Aut
855 3745 930 3792 oerte
948 3687 1063 3795 dedalo

37 3816 146 3880 micut
164 3812 260 3877 multi,
278 3819 307 3863 et
323 3809 483 3880 epexegesin
500 3812 575 3862 lacis.
610 3810 691 3875 (Dan.
709 3809 757 3863 alii
773 3810 868 3860 d'munt
883 3808 1004 3860 Romam
1020 3807 1064 3865 rel
1156 3870 1162 3887 Ι

138 3880 306 3933 Lavinium}
327 3879 408 3931 multi
433 3886 461 3929 et
477 3878 647 3948 Epexegesin
668 3877 789 3940 socitmt.)
833 3877 932 3928 Cernes
952 3878 1062 3942 urbem,

37 3951 83 4007 te.
105 3949 248 4023 promissa
271 3948 369 4028 Lavini
384 3946 523 4027 .m⁰‘.³¹¹5³·.
554 3946 678 4029 [Videtur
702 3954 800 4026 autem·
818 3944 936 4014 figurate
959 3945 1064 3998 dictim

37 4021 125 4076 :ten
142 4027 175 4074 et
191 4031 321 4086 moenie,
344 4032 410 4089 qum
427 4015 538 4067 diversis
559 4016 636 4068 idem
652 4013 832 4083 significent]
847 4039 883 4053 ··-
916 4017 979 4075 259.
995 4012 1080 4066 Sub.

824 4131 863 4189 ι.
