2454 4500
444 285 700 355 arturiano,
1053 285 1097 345 Xl

10 471 20 527 {r
75 474 159 535 sionis
187 473 289 554 copiis
310 470 461 531 adiunxit
488 469 652 549 optimum
680 467 777 529 illum
799 467 889 550 virg.
909 470 980 533 cod.
1000 470 1097 550 Regi·

73 579 138 633 um,
165 559 262 619 litera
282 554 315 618 R
339 566 507 622 notatum,
535 553 640 615 Servii
661 558 894 615 commentario
925 559 1024 617 etiarn
1046 559 1096 615 in·

10 660 13 696 ἐ
69 657 238 719 structum,
268 654 340 702 tum
369 639 623 719 Vossianum1).
676 640 774 699 Hunc
804 641 953 703 indicant
981 643 1097 701 literae

71 728 149 793 l'oss.
191 728 279 791 Nam
299 727 470 786 Leidensis
484 726 529 785 ab
551 723 687 785 Heinsio
711 725 847 785 collatus
869 728 967 787 litera
988 721 1036 797 L,
1065 740 1097 783 et

64 815 141 875 alter
162 814 333 875 Leidensis
361 813 410 873 lit.
434 809 466 874 V
488 821 618 871 notatus
649 821 705 868 est.
749 811 864 871 Alium
897 814 996 872 eriam
1028 810 1097 871 cod.

62 900 157 982 longe
178 899 450 967 vetustissimum,
479 897 574 956 litera
595 892 629 956 B
658 899 872 976 insignitum,
904 900 971 976 ipsa
993 916 1096 975 posse·

61 986 122 1059 dit,
145 1005 246 1066 quens
265 1003 325 1064 pro
348 983 467 1041 Patrno
490 979 662 1059 aliquando
686 982 825 1042 contulit
846 979 959 1044 Brrrm.
976 981 1097 1051 iunior,

59 1074 116 1151 qui
147 1073 231 1133 olim
265 1070 329 1129 tuit
356 1068 513 1128 Abbatiae
543 1068 575 1125 S.
604 1066 719 1139 Galli,
757 1080 790 1127 et
819 1067 1098 1148 complectebatur

60 1159 169 1219 Servii
190 1155 315 1217 scholia
336 1156 372 1213 in
392 1152 505 1233 Eclog.
528 1165 560 1223 ct
576 1151 691 1233 Georg.
734 1152 773 1213 In
794 1151 857 1211 hoc
879 1151 950 1213 cod.
974 1153 1097 1212 deside·

56 1241 217 1305 rabantur
236 1228 397 1321 plurima,
425 1256 505 1318 quae
533 1240 570 1298 in
591 1238 728 1321 vulgatis
758 1238 917 1317 leguntur
946 1237 1097 1299 editioni·

56 1328 128 1399 bus,
150 1328 209 1389 sed
231 1344 317 1406 qnae
337 1338 448 1386 tamen
468 1321 528 1384 sub
549 1322 651 1383 finem
670 1324 747 1382 libri
764 1325 905 1403 repetito
923 1325 1096 1384 Commen-

55 1415 141 1473 tario
174 1413 328 1473 Serviano
364 1409 569 1469 habebantur
595 1412 755 1480 auctiora,
793 1408 871 1489 quib
880 1432 913 1471 us
943 1413 1030 1470 inter
1062 1429 1096 1469 se

57 1499 185 1559 collatis
208 1499 371 1557 coniicere
392 1496 476 1555 forte
506 1495 637 1568 liceret,
668 1494 745 1567 illa,
778 1514 861 1574 quae
895 1500 930 1556 in
960 1510 1097 1574 utraque

57 1584 264 1663 exemplaris·
285 1581 381 1641 huius
411 1592 499 1660 parte
527 1598 595 1639 non
626 1582 811 1652 exstabant,
841 1578 932 1640 hand
953 1587 1097 1661 genuina

55 1668 162 1728 Servii
181 1687 263 1729 esse.
306 1664 473 1728 Variantes
501 1684 599 1745 porro
629 1684 671 1724 ex
700 1664 767 1724 cod.
792 1662 883 1725 Bibl.
910 1667 1018 1726 Senat.
1041 1667 1097 1728 Li-

54 1755 195 1833 psiensis
218 1749 354 1826 habuit,
386 1751 594 1832 quiquidem
618 1750 685 1809 cod.
707 1750 788 1809 noni
816 1753 922 1812 seculi
948 1754 1028 1824 luit,
1059 1760 1098 1811 ut

54 1852 146 1919 patet
169 1856 211 1899 ex
240 1838 419 1915 specimine
447 1837 642 1915 scripturae,
672 1833 758 1914 quod
788 1834 960 1897 collationi
980 1838 1095 1897 adiun-

55 1936 148 1983 ctum
167 1921 359 1982 habebatur.
399 1923 425 1983 Ι.
448 1920 527 1981 Chr.
548 1919 683 1979 Wollius
705 1921 885 1998 specimine
907 1925 1095 1981 transmisso

55 2008 180 2069 obtulit
202 2007 390 2067 Burmanno
413 2026 453 2065 ex
473 2005 557 2067 Bibl.
574 2005 815 2084 Hamburgensi
835 2006 995 2086 inempta
1017 2006 1097 2067 Lin-

56 2094 295 2173 denbrogiana,
317 2093 380 2152 sive
395 2090 647 2152 Emendationas
668 2089 825 2169 quasdam
846 2103 882 2150 et
903 2094 1096 2155 accessiones

55 2180 96 2237 sd
125 2179 234 2248 Serva
273 2195 350 2257 quas
379 2195 420 2237 ex
446 2177 509 2237 Ms.
541 2177 609 2238 cod.
640 2194 740 2235 manu
768 2195 825 2234 sua
858 2175 1017 2239 adiecerat
1043 2176 1118 2237 Fr.v

55 2261 321 2343 lindenbrogius
348 2262 553 2342 marginibus
583 2261 632 2322 ed.
655 2260 743 2341 Virg.
766 2259 866 2320 Basil.
892 2267 987 2329 1544.
1031 2262 1095 2321 Sed

55 2347 104 2408 his
133 2358 249 2407 tamen
270 2366 337 2407 non
367 2365 442 2406 usus
472 2347 595 2408 videtur
615 2343 728 2407 Burm.
751 2341 926 2424 specimen
947 2349 1095 2407 contine-

57 2432 112 2493 bat
134 2435 294 2499 variantes
323 2434 361 2492 in
384 2434 530 2511 primum
551 2448 591 2491 ac
612 2431 793 2490 secundum
817 2430 937 2512 Georg.
960 2432 1095 2504 librum,

58 2537 136 2597 quas
165 2518 264 2578 litera
287 2514 318 2578 G
338 2515 407 2589 illic
429 2515 598 2577 denotasse
626 2516 847 2592 suspicabatur
871 2516 984 2577 Burm.
1006 2518 1096 2578 Iuni·

57 2622 110 2678 or,
135 2619 336 2681 quamquam
356 2601 391 2661 id
412 2601 559 2661 divinare
580 2603 644 2680 ipsi
667 2598 803 2661 difficile
828 2614 924 2662 auset.
949 2632 992 2645 -

138 2687 290 2748 Danielis
312 2686 459 2747 codicem
481 2685 582 2747 Servii
611 2689 890 2765 manuscriptum,
923 2702 956 2749 et
984 2690 1094 2768 copio-

57 2775 178 2833 siorem
207 2771 330 2841 multo,
362 2791 457 2850 qnam
488 2771 543 2849 qni
570 2773 746 2850 impressus
776 2773 1024 2846 circumfertur,
1055 2792 1096 2831 ex

58 2879 119 2937 quo
142 2856 233 2917 hanc
255 2857 463 2916 concinnavit
491 2855 686 2924 editionem,
715 2856 889 2918 Aureliani
917 2860 953 2918 in
978 2856 1095 2917 Galliis

57 2964 86 3002 se
101 2941 197 3023 apnd'
208 2943 315 3020 ipsum
328 2940 414 3002 Patr.
433 2939 607 3001 Danielem
623 2940 736 3000 vidisse
753 2953 892 3002 testatur
905 2942 1037 3003 Merula
1051 2942 1094 3023 ²),

58 3034 111 3106 qni
144 3044 242 3104 saepe
273 3027 310 3083 in
338 3026 453 3087 eodem
482 3028 720 3087 commentario
751 3028 877 3106 profert
910 3028 1095 3108 fragmenta

57 3111 158 3173 Ennii
186 3123 222 3170 et
251 3107 390 3171 aliorum
420 3129 461 3169 ex
488 3111 594 3170 codice
623 3111 685 3171 hoc
704 3110 738 3170 P.
760 3110 910 3174 Danielis
940 3112 1094 3192 deinceps

58 3199 117 3257 sibi
147 3195 340 3259 transmissa,
367 3193 527 3254 beneficio
557 3195 618 3255 Ios.
649 3194 869 3276 Scaligeri3).
926 3196 1095 3258 Nonnulla

58 3302 132 3341 vero
154 3281 191 3339 P.
215 3277 335 3339 Daniel
356 3297 423 3339 non
445 3293 572 3340 tanturn
595 3296 635 3338 ex
664 3297 722 3338 suo
747 3280 814 3340 cod.
837 3280 947 3352 dedit,
983 3284 1040 3343 sed
1062 3297 1096 3343 et

59 3386 96 3426 ex
117 3365 227 3434 Fulvii
248 3363 360 3423 Ursini
380 3363 470 3423 codd.
495 3363 646 3442 protulit3
680 3382 818 3443 eumque
847 3383 889 3425 ex
911 3367 946 3427 P.
967 3369 1095 3430 Pithoei

57 3450 141 3511 libro
164 3447 325 3531 quaedam
347 3447 451 3508 Servii
476 3447 703 3526 supplementa
734 3449 816 3509 forte
844 3451 999 3516 habuisse
1027 3474 1092 3514 sus-

59 3540 184 3615 picatur
204 3531 361 3606 Burman.
383 3532 425 3592 ad
445 3528 597 3609 deust),
625 3553 723 3612 quem
754 3535 822 3596 cod.
853 3539 992 3620 putabat
1011 3537 1093 3600 Bur-

58 3641 143 3682 man.
165 3620 279 3680 lunior
299 3617 434 3680 indicari
456 3639 474 3680 a
495 3616 636 3679 Pithoeo
652 3619 695 3700 ⁵).

84 3850 117 3913 Ὶ)
136 3847 167 3900 V.
186 3845 320 3898 Columes.
339 3845 437 3912 Opusc.
456 3850 562 3916 12139·
581 3873 616 3886 -
684 3847 912 3911 marianarum
936 3858 1093 3920 p.100.-

123 3916 200 3977 3)v.
235 3915 665 3970 .185.232.426.eta1ibi.-
698 3917 728 3979 4)
747 3925 891 3981 3,76.--
926 3923 952 3980 5)
970 3922 1002 3972 ln
1020 3921 1093 3972 notis

121 3985 156 4036 ad
182 3998 216 4032 co
253 3989 271 4031 t.
288 3981 355 4049 Lag.
372 3982 486 4034 Mosaic.
503 3991 531 4033 et
546 3982 629 4033 Rom.
654 3983 707 4036 Tit.
726 3992 750 4042 1.
768 3985 790 4050 §.
808 3992 833 4044 5.
857 3987 906 4037 ubi
930 3993 1090 4042 vetustissi-

126 4069 206 4104 mum
225 4051 368 4118 exemplar
384 4057 469 4101 vocat
503 4053 538 4103 et
555 4052 672 4105 Cramer
691 4053 726 4105 ad
742 4055 860 4109 Iuvenal.
878 4055 929 4108 ll.
