2454 4500
97 246 141 333 754
207 254 241 365 x·
292 226 295 243 '
363 260 505 330 servu
527 269 878 340 counoumnios

96 437 183 490 deam
198 453 227 491 se
250 441 323 496 fudit
345 444 434 504 multo
458 453 561 520 amictu
576 428 699 511 'nebuae
714 456 770 511 ue'r.
804 458 841 510 Et
862 459 956 528 figura
973 462 1036 526 etc.)
1062 462 1078 545 Ι

97 508 175 571 10903
209 524 242 560 01
264 513 387 571 Homero
411 521 479 590 (Od.
498 542 532 590 η,
558 526 608 587 14.)
638 535 784 596 sumptus„
799 526 833 578 de
857 528 935 582 Ulixe
959 532 1068 601 ingredi

97 574 213 659 urbem:
237 586 284 635 aar
306 581 458 659 tritecto]
483 619 516 630 -
556 599 618 662 412.
646 594 758 645 Circum
783 595 834 645 dea
851 596 954 666 sucht,-
981 601 1070 668 ligius

44 685 46 690 ·
98 646 222 731 Tmcfftsf
241 670 313 720 quae
329 658 369 723 lit,
385 676 458 725 curn,
475 668 547 714 secto
566 679 620 713 uno
638 680 779 729 sermone,
796 665 899 735 aliquid
913 667 1116 740 interponimur

97 723 130 766 ut
146 718 214 801 alibi
231 723 276 791 (G.
296 732 328 791 3,
346 726 430 788 381.):
454 729 557 797 Septem
576 735 700 784 subiecta
718 734 813 783 trioni.
847 733 900 786 sed
915 736 973 789 hoc
988 736 1091 790 toleralr

97 794 140 837 est
163 804 195 841 ui
218 809 348 848 sermone
366 800 534 869 composito:
557 810 682 853 ceterum
697 801 727 854 in
744 801 875 872 simplici,
897 804 983 856 nimis
1000 813 1042 858 ert
1054 804 1123 875 cipe.

96 869 179 921 ru1n3
203 864 277 929 quod
293 872 389 918 tamen
406 866 527 920 faciebat
542 869 706 938 antiquitas:
729 878 760 921 ut
782 873 828 939 [in
844 870 893 922 illo
910 873 1029 940 EuniiJ:
1055 875 1115 925 surr

98 941 159 977 cere
185 935 353 985 comminuit
377 937 466 987 trum.
492 964 527 974 -
566 941 628 997 413.
656 938 788 1004 Cernere,
813 943 911 1005 (causa
936 959 988 994 cur
1011 938 1112 1005 fecerit-l

97 992 150 1059 [Ex
166 997 220 1050 hoc
238 1003 316 1054 enim
338 1005 460 1072 pendent
482 1014 574 1072 cetere
591 1024 661 1076 quae
678 1017 837 1076 sequuntur.
856 1033 892 1046 -
923 1013 988 1068 414.
1011 1010 1111 1071 Moror·

96 1061 340 1135 hiciprostruere
358 1081 386 1125 et
402 1093 453 1146 per
477 1074 529 1125 hoc
552 1077 659 1141 facere,
681 1085 712 1126 ut
733 1075 820 1127 infra:
843 1076 1003 1147 Moliriquc
1019 1082 1118 1132 orcrn'

97 1131 153 1184 Aut
168 1141 300 1192 veniendi
314 1160 424 1209 poscere
438 1160 558 1208 causus,-
575 1146 678 1198 scilicet
694 1164 730 1198 ne
746 1160 828 1215 saepe
844 1148 986 1200 narrando
998 1148 1112 1202 crebron

97 1205 220 1269 patiatur
251 1210 385 1263 dolorem.
426 1212 503 1263 Unde
526 1213 624 1264 melius
655 1215 690 1267 ad
712 1216 833 1266 Aeneam
862 1217 987 1268 refertur
1016 1215 1123 1281 (asculfi

98 1271 195 1326 Medio
214 1279 256 1327 sic
275 1281 409 1349 interfata
428 1282 522 1332 dolore
541 1295 588 1333 est.
624 1281 746 1349 (Poscere
770 1290 863 1334 autem
879 1300 953 1336 nunc
971 1285 1124 1354 inquireret·

97 1341 165 1395 alius
198 1353 311 1413 petere;
341 1359 370 1402 et
398 1351 578 1421 praeponitur
601 1355 689 1419 magis
713 1352 864 1404 nccrrsativo
889 1353 983 1416 castri3
1010 1354 1122 1407 dicimur¹

97 1413 189 1465 enim:
213 1433 295 1480 posco
315 1422 481 1486 magistrum
507 1420 666 1486 lectionem,
688 1435 760 1472 non:
785 1438 802 1469 a
821 1423 957 1489 magistro
976 1422 1123 1490 peccel*

97 1482 160 1539 415.
184 1483 250 1549 Ipsa
276 1485 418 1555 Paphum,-
441 1487 579 1540 civitatem
597 1489 697 1556 Cypri,
721 1493 761 1555 (et
783 1505 842 1542 non
864 1491 922 1542 sine
946 1493 1055 1545 ratione
1076 1498 1119 1559 eu,

98 1550 173 1617 quod
189 1552 220 1605 in
236 1555 344 1607 decimo
360 1556 432 1608 libro
449 1558 528 1628 plura
546 1558 598 1608 sibi
614 1559 675 1609 loen
699 1567 793 1627 grata,
816 1559 859 1610 vel
880 1568 991 1612 socrate
1004 1576 1140 1629 comme,

97 1629 206 1689 moret,
235 1624 282 1675 hic
305 1624 340 1677 ad
364 1625 488 1696 Paphum
511 1627 598 1678 solum
619 1627 718 1679 abiisse
741 1628 862 1690 dicatum
892 1628 960 1699 quie
983 1629 1071 1683 lano
1097 1608 1143 1684 cll

48 1696 52 1701 '
97 1689 192 1756 plures
215 1695 342 1746 referunt
362 1694 393 1746 in
415 1696 469 1750 hoc
491 1703 602 1747 tantum
624 1697 730 1764 templo
753 1697 867 1749 Veneris
890 1697 1028 1766 quibunt·
1051 1698 1143 1767 (codv

98 1761 243 1826 quibusve)
269 1763 395 1816 maximis
411 1765 442 1818 in
458 1765 576 1817 circuitu
591 1764 700 1834 pluviis,
723 1781 866 1834 nunquam
881 1766 1041 1837 impluere.)
1068 1766 1125 1849 lllri

97 1829 175 1881 enim
192 1832 378 1900 adorabatur]
411 1834 548 1887 Sublimis
555 1858 565 1899 ,-
588 1833 678 1887 divino
702 1834 817 1887 incessu.
852 1837 890 1906 [Ι.
915 1852 941 1887 e.
965 1836 1123 1901 sublimiter,

96 1914 201 1953 nomen
223 1919 274 1972 pro
298 1903 446 1969 adverbio]
469 1932 504 1942 -
543 1909 605 1962 416.
628 1901 731 1968 Lucra,
756 1920 821 1956 ecce
844 1905 993 1976 proprium
1012 1904 1123 1961 Veneri·

97 1969 253 2038 epitheton,
270 1972 323 2038 (vel
340 1973 426 2038 laetu,
444 1974 508 2042 quia
524 1982 629 2027 tectum
645 1972 745 2024 nebulo
761 1972 850 2023 filiurn
866 1974 897 2025 in
912 1979 974 2025 tuto
991 1974 1123 2039 habebam

97 2037 141 2088 rel
164 2040 237 2109 quod
259 2041 379 2112 insulem
401 2059 480 2094 suum
502 2049 623 2114 repetat3
648 2042 691 2093 vel
712 2040 773 2092 ideo
791 2042 919 2110 Paphum
934 2044 1031 2097 revisit
1044 2043 1122 2109 luen,

97 2107 163 2172 quia
179 2111 282 2161 serenis
297 2109 368 2163 laeta
385 2118 554 2181 congruunt,
579 2118 607 2162 et
622 2127 731 2162 necesse
748 2118 804 2174 est,
828 2119 859 2161 ut
879 2111 953 2162 laeta
975 2113 1012 2164 sit
1028 2114 1087 2166 Veri

96 2174 146 2228 ubi
168 2194 277 2249 semper
299 2195 430 2232 serenum
453 2188 506 2243 est,
530 2180 630 2250 quippe
653 2179 701 2230 ubi
722 2179 821 2247 pluere
837 2196 982 2249 nunquam
999 2128 1122 2243 dicati&

96 2242 219 2313 Sabaeo,
243 2249 368 2302 Arabico.
402 2251 522 2302 Arabiae
539 2259 634 2301 autem
656 2254 712 2300 tres
734 2255 812 2312 sunt,
833 2248 969 2314 Inferior,
988 2249 1123 2315 Patrocle,

95 2310 253 2371 Eudemon:
282 2319 312 2372 in
336 2336 390 2387 qua
414 2320 510 2390 populi
533 2325 596 2370 sunt
619 2315 731 2383 Sabaei,
750 2304 826 2383 '[se:l
849 2316 880 2368 hi
902 2325 1028 2384 montes,
1050 2319 1126 2375 inter.

95 2397 163 2448 quos
180 2395 255 2454 sunt,
272 2387 410 2440 Libanum
433 2397 461 2441 et
476 2386 673 2440 Antelihanum
694 2383 842 2449 dicuntur]
876 2386 956 2454 Apud
973 2387 1023 2439 hos
1039 2387 1121 2455 irini

94 2449 213 2506 Sabaeos
238 2458 333 2524 (codd.
358 2460 433 2524 apud
458 2457 543 2525 quos)
568 2456 688 2507 nascitur
710 2462 763 2503 tus.
805 2452 881 2505 Dicti
902 2462 999 2508 eutem
1021 2454 1120 2511 Sabaei

95 2515 151 2574 α’πό
167 2520 216 2576 τοῦ
233 2529 360 2595 σέβεσθαι
378 2527 480 2594 (Guelf.
498 2525 568 2577 1.11.
585 2523 695 2594 σέβειν),
711 2522 729 2573 i
748 2539 772 2572 e·
790 2523 932 2588 venerari,
956 2525 1032 2592 quod
1057 2525 1119 2577 deos

96 2603 147 2656 per
164 2593 287 2663 ipsorum
302 2603 365 2647 tura
382 2611 554 2648 veneramur.
572 2620 606 2632 -
640 2597 701 2650 417.
719 2591 794 2641 Tm
813 2593 905 2642 calent
922 2610 1005 2659 arat,
1027 2594 1120 2644 smit-

95 2675 147 2727 quc
165 2667 320 2720 recentibus
337 2664 451 2730 halant,
469 2666 541 2715 Ecce
558 2663 630 2714 unde
645 2677 729 2730 supra
745 2659 829 2727 (335.)
846 2660 925 2713 dixit:
941 2659 1030 2713 Haud
1047 2662 1120 2730 equi·

95 2729 156 2779 dem
180 2734 233 2783 tuli
258 2752 298 2785 mc
323 2733 426 2800 dignor
456 2733 574 2785 honore.-
607 2729 689 2800 (quis
711 2732 816 2782 Aeneas
844 2729 947 2781 hostius
978 2731 1119 2795 obtulerat,

50 2836 54 2844 .
95 2814 215 2865 qtrorum
230 2802 276 2854 hic
293 2804 399 2854 mentio
416 2818 471 2854 non
488 2802 519 2851 fit
536 2800 604 2867 (cod.
622 2800 651 2850 F.
662 2798 755 2867 fuich)
789 2797 929 2864 Seru'squc
948 2801 1121 2865 recentibus,

95 2881 200 2919 sertum
218 2878 246 2922 et
263 2884 352 2936 serra,
368 2888 433 2922 cum
449 2870 521 2922 nihil
536 2868 677 2931 adiicitur,
694 2867 824 2918 dicimus:
841 2874 871 2916 ut
888 2865 941 2918 hoc
958 2868 1036 2921 loco:
1050 2869 1117 2920 item

95 2936 161 2996 alibi
179 2941 343 3011 expressius3
366 2946 397 2991 ut
413 2940 463 3005 (Ε.
480 2944 512 3002 6,
530 2937 607 3000 ml:
630 2937 708 2986 Serta
725 2937 824 3004 procul
841 2948 952 2986 rantum
971 2939 1059 3007 capiti
1075 2938 1116 2988 de·

95 3007 175 3070 lapsa
195 3010 331 3061 iacebant.
364 3007 393 3060 si
411 3015 504 3060 autem
522 3018 610 3058 certos
627 3006 733 3070 dixero,
756 3004 827 3054 eddo
844 3003 957 3071 Florcs;
982 3007 1117 3071 cismar,

95 3077 165 3129 oddo
184 3096 317 3138 coronas:
343 3086 373 3129 ut
396 3076 522 3126 Lucanus
546 3079 607 3140 (10,
632 3074 718 3135 roll:
741 3072 890 3138 Accipiunt
914 3085 1005 3126 sertas
1029 3076 1115 3127 nardo

88 3147 210 3213 florente
230 3165 356 3202 coronas.
392 3145 429 3196 Et
444 3145 497 3195 hoc
514 3145 545 3194 in
568 3142 662 3194 multis
677 3141 835 3193 nominibus
853 3142 1056 3196 observandum
1071 3150 1116 3213 ert,

95 3223 125 3269 ut
141 3232 226 3281 genus
244 3234 275 3269 ex
295 3213 448 3267 adiectione
464 3214 616 3264 formetur:
631 3227 685 3280 qua
703 3211 833 3274 detracta,
849 3210 879 3261 in
895 3218 1028 3265 neutrum
1039 3213 1118 3265 cedat

93 3286 181 3349 (codd.
202 3286 296 3337 Burm.
315 3282 404 3346 codar)
427 3298 537 3334 necesse
555 3289 609 3333 est:
632 3289 664 3330 ut
679 3280 835 3345 piscinalis·
849 3279 942 3347 locus,
965 3283 1117 3347 piscinulir

93 3355 177 3417 celin,
194 3355 332 3421 piscinule
338 3375 348 3417 ,-
368 3353 528 3417 regmarius
546 3350 655 3412 mulus,
672 3349 816 3415 sagmaria
836 3349 927 3415 muln,
943 3350 1116 3418 sagmariulu

94 3423 129 3483 (v,
146 3422 256 3481 Salmas,
280 3419 437 3474 Exercitatt.
460 3437 486 3498 p.
504 3422 565 3474 824.
589 3427 616 3470 et
632 3418 736 3478 Burin.)
771 3415 850 3485 Quod
874 3425 968 3470 autem
992 3419 1116 3472 Recenti·

94 3489 148 3540 bus
171 3490 253 3555 dicit,
275 3492 334 3542 laus
358 3496 399 3541 est
420 3487 488 3552 loci,
511 3486 558 3554 qui
579 3503 690 3557 pemper
713 3484 784 3536 flore
806 3486 949 3545 vestitur,
980 3488 1018 3539 Ut
1040 3488 1116 3542 omni

92 3564 219 3628 tempore
244 3558 357 3616 Veneris
386 3555 470 3608 flores
499 3562 608 3624 praesto
633 3571 690 3606 esse
718 3552 869 3605 videantur.
909 3554 957 3605 Ha
971 3570 1038 3624 nnc,-
1067 3570 1117 3629 pto

94 3625 230 3691 olent]-
263 3631 324 3685 418.
337 3625 501 3690 Corripuere
515 3625 606 3689 uiam,
625 3623 726 3691 [deestt
742 3623 776 3672 At
790 3621 832 3674 illi
848 3623 1010 3694 corripuere
1027 3624 1117 3693 rium]

95 3692 226 3751 Officium
239 3695 322 3752 eundi
338 3694 467 3747 celeriter
484 3692 666 3762 arripuerunt.
700 3690 759 3742 Nec
772 3690 848 3743 enim
860 3691 903 3744 vie
917 3693 1117 3765 corripitur.-

93 3764 155 3824 419.
180 3761 240 3829 Qui
281 3764 418 3828 lurimus3
441 3763 484 3829 [ex
507 3759 626 3812 maxima
661 3766 721 3811 arte
738 3758 801 3810 urbi
823 3759 985 3827 imminens,
1009 3763 1119 3831 velqui

93 3782 278 3897 plurimus,l
291 3830 310 3884 i.
326 3849 350 3883 e.
366 3830 477 3898 longus,
501 3837 532 3883 ut
546 3829 606 3894 ipse
622 3778 675 3885 allo
691 3827 752 3880 loco
776 3827 819 3895 (G.
837 3834 870 3894 3,
885 3831 954 3893 52.):
978 3829 1035 3883 cuz·
1056 3834 1118 3899 plu·

95 3901 170 3957 rimo
195 3902 296 3953 cervix.
330 3900 401 3957 Item
423 3898 473 3967 (G.
498 3905 530 3963 1,
552 3896 638 3961 187.);
663 3894 732 3954 Cum
757 3914 785 3947 se
810 3914 869 3950 nur
893 3900 1036 3968 plurima,
1056 3902 1076 3954 i.
1093 3920 1118 3955 e.

93 3969 253 4038 amygdala:
275 3968 321 4023 lon
341 3985 357 4019 a
380 3984 500 4037 namque
523 3974 570 4019 est.
587 3991 621 4005 -
655 3967 717 4023 420.
734 3966 876 4033 aspectam
900 3967 943 4020 rei
964 3967 1118 4025 lnsenribili

95 4034 145 4090 dut
160 4054 278 4091 sensum.
336 4036 391 4089 ude
413 4045 454 4089 est
474 4032 542 4090 illud
564 4033 595 4088 in
611 4042 708 4106 qmrtc
730 4032 813 4102 (247.)
842 4035 877 4090 de
893 4037 1010 4091 Atlante.
1044 4040 1117 4095 Item
