2454 4500
194 296 232 338 m
255 270 413 337 vinoso.
433 218 608 335 sannio.
627 269 710 336 uo.
732 271 768 349 1,
788 275 980 363 sos-sra-
1064 277 1110 341 ss

67 454 121 519 'lito
137 460 186 514 Sol
203 476 289 531 equos
305 474 369 513 suos
385 458 420 513 ab
436 456 489 513 ists
506 456 575 511 serbe
591 454 728 521 divertat)
742 482 778 493 -
812 458 872 515 568.
888 454 948 509 Nec
964 471 1021 510 tam
1040 468 1109 523 stag

150 539 191 585 est
208 531 313 583 nonin
331 531 387 582 alto
404 530 474 582 orbe
491 523 681 590 habitatorem]
703 523 798 578 {abula
814 526 926 593 quidem
943 529 996 579 hoc
1013 531 1108 583 habet.

117 616 183 652 eum
200 608 230 654 st
247 598 395 668 rhyestem
412 612 577 667 genricum,
603 612 668 647 cum
691 595 721 647 in
739 594 906 648 dissensione
928 598 981 649 sibi
1004 616 1108 653 nocere

67 682 126 721 nan
151 675 281 739 possent,
316 665 347 719 in
377 668 536 720 simulatam
571 666 691 733 gratiam
726 663 842 716 redisse:
878 681 932 733 qua
963 668 1108 723 occasione

67 730 199 803 El'nysstes
214 740 283 787 'curn
298 736 395 788 fratris
411 748 497 788 uxore
515 732 614 803 (Febr.
633 734 715 784 tinore
731 732 851 801 Aerope)
868 736 1032 799 concubuit3
1056 739 1108 804 [ob

169 802 293 869 canum]
309 806 407 856 Atreus
426 804 512 871 (vero)
532 800 558 855 ei
574 803 664 853 lilium
681 800 850 868 epulandum
867 807 1009 873 apposuit:
1033 822 1108 876 quae

67 818 173 937 me
196 871 337 943 [videndo]
361 872 546 944 pollueretur,
570 870 671 939 [radios
695 886 757 920 suos
782 869 817 920 ab
836 889 868 922 ea
886 874 995 925 civitate
1012 876 1109 927 detor·

67 940 266 1010 'tit31auiugit
300 940 354 993 Sed
371 941 493 994 veritatis
514 941 568 993 hoc
593 946 647 991 est:
671 940 787 989 Atresun
812 941 884 1008 apud
901 938 1032 1008 Mycenas
1049 945 1108 1014 pri-

67 1011 229 1065 nonsatis
246 1008 367 1079 eclypsin
384 1010 535 1074 invenisse,
556 1007 601 1059 cui
624 1008 748 1060 invidens
770 1009 872 1074 frater,
895 1012 965 1062 urbe
983 1011 1109 1065 discessit

67 1082 196 1149 ‚tmpore
212 1092 267 1148 quo
284 1079 342 1130 eius
359 1078 476 1148 probata
493 1085 556 1127 suut
572 1075 695 1129 dicta-
729 1081 789 1133 564).
806 1077 859 1126 Seu
874 1096 923 1130 uos
936 1078 1106 1148 Hesperiam

67 1162 219 1216 nagnam
242 1138 346 1216 perdis]
370 1147 447 1198 enim
463 1142 541 1199 etth
557 1146 693 1215 appellata
710 1152 753 1195 est
775 1145 903 1210 [ltaliu],
927 1150 991 1215 quia
1016 1170 1033 1203 a
1051 1152 1108 1202 Ta-

67 1226 153 1269 tento
175 1232 262 1285 usque
286 1216 322 1268 ed
344 1216 447 1267 Currias
471 1231 566 1266 omues
591 1214 711 1265 civitates
735 1212 837 1266 Graeci
861 1216 1049 1272 condiderunt.
1068 1246 1107 1260 -

67 1290 134 1343 570·
148 1280 210 1336 Siue
224 1284 327 1352 Erycis
343 1284 438 1353 fines5
456 1285 529 1351 Eryx
541 1283 653 1336 Veneris
675 1290 703 1334 et
722 1280 810 1335 Butae
830 1284 915 1348 iilius,
930 1289 973 1354 [ut
992 1291 1110 1355 quidam

69 1350 204 1433 llsptrmi]
226 1355 297 1406 fuit:
319 1353 366 1421 qui
384 1356 563 1422 [praepotens
579 1351 681 1401 viribus
704 1350 822 1403 advenas
840 1349 957 1405 cestibus
974 1370 1108 1424 provoco·

67 1414 137 1487 lat,
158 1419 297 1489 victosque
319 1416 490 1492 perimebat,
513 1419 570 1484 hic]
595 1421 697 1469 occisus
721 1419 756 1470 ab
774 1421 890 1474 Hercule
907 1423 997 1490 [est,]
1013 1426 1107 1479 monti

68 1502 112 1541 α
127 1490 265 1557 sepultma
288 1507 338 1542 sua
361 1506 467 1543 nomen
488 1489 634 1555 imposuit;
662 1486 693 1538 in
716 1503 771 1554 quo
795 1491 880 1541 matri
902 1494 1011 1545 fecerat
1032 1502 1108 1547 tem-

67 1556 160 1627 plum:
183 1559 256 1626 qnod
272 1560 384 1612 Aeneae
405 1558 518 1611 ascribit
542 1561 622 1624 poeta
639 1554 731 1609 dicens
748 1562 788 1622 (5,
806 1559 892 1620 759.)r
916 1560 988 1609 Turn
1007 1564 1107 1615 vicina

72 1628 158 1678 'nstris
180 1626 305 1695 Erycina
332 1629 364 1678 r'n
390 1626 490 1680 uertice
515 1626 592 1678 sedes
617 1625 766 1675 Fundetur
795 1626 895 1678 Veneri
918 1626 1037 1684 idaliae.
1070 1634 1109 1687 In

68 1688 240 1748 liuentem
263 1704 360 1748 monte
383 1697 483 1748 dicitur
509 1697 596 1748 etiam
612 1694 742 1746 Anchises
766 1695 901 1764 sepultus:
927 1699 993 1750 licet
1009 1717 1109 1755 secius-

67 1760 140 1815 dson
155 1766 291 1818 Catonem
308 1764 344 1817 ad
359 1767 467 1817 Italiam
484 1764 599 1816 venerit.
617 1764 719 1831 ¹[Ergo
737 1760 839 1829 Erycis
850 1764 944 1832 fines,
961 1766 979 1817 i.
997 1786 1020 1820 e.
1040 1768 1109 1821 Sici-

68 1824 158 1898 lism]
174 1854 209 1869 -·
243 1841 304 1893 571,
321 1834 448 1901 (Auxilio
468 1847 543 1885 turos
561 1833 646 1895 dim.;
670 1847 727 1882 non
750 1831 810 1883 sine
835 1835 933 1887 ordino
958 1841 1039 1902 poeta
1062 1840 1109 1891 irs-

70 1898 317 1968 duernionem,
342 1911 370 1955 et
394 1905 555 1957 credentem
580 1900 696 1967 ignotis,
721 1908 750 1950 et
770 1907 831 1951 turn
847 1901 929 1955 focile
946 1911 1023 1957 tante
1040 1922 1109 1976 prs»-

72 1966 243 2033 mittentem
263 1972 288 2023 si
303 1971 382 2023 enim
399 1972 472 2025 bene
491 1972 663 2035 advertatur,
686 1970 720 2021 de
744 1968 791 2019 illo
809 1969 869 2020 loco
887 1973 989 2040 pendet
1005 1974 1108 2043 (adadu
1177 1990 1181 1995 ¹

72 2032 113 2086 In
131 2041 231 2105 primis
257 2044 357 2107 regina
382 2045 506 2108 quietum
530 2039 639 2105 Accipis
670 2040 702 2088 in
727 2036 851 2089 Teucros
876 2043 1004 2095 animum
1029 2056 1109 2096 mer..-

72 2108 175 2173 flemque
200 2108 358 2176 benignam.
376 2134 413 2146 -—
447 2118 507 2168 572
536 2108 628 2158 Vultis
647 2114 713 2169 etc.;
737 2106 827 2171 deest,
850 2108 893 2160 vel
916 2109 956 2172 si.)
973 2135 1008 2151 -··
1039 2116 1108 2171 573.

77 2170 170 2227 Url'em
188 2194 272 2245 quarn
291 2186 383 2230 statuo
403 2191 493 2229 vestra
513 2190 566 2240 esr;
593 2174 672 2227 insilii
690 2175 838 2243 antiptosin
854 2177 960 2244 volunt,
982 2182 1108 2248 [accius-

72 2240 157 2296 ἤνοπι
171 2246 341 2313 singularem
357 2246 482 2298 iunctum
498 2244 656 2316 pronomini
664 2244 682 2309 ‚]
701 2247 770 2303 (cod.
790 2242 818 2294 F.
837 2253 866 2296 et
882 2246 976 2299 Burni.
993 2265 1109 2302 accusa·

72 2311 156 2363 fivom
172 2330 224 2385 pro
241 2315 433 2378 nominativ03)
451 2325 482 2366 ut
498 2316 533 2365 sit
550 2331 601 2385 pro
621 2310 687 2364 urbs
706 2315 802 2381 [quam
819 2314 941 2380 statqu]
958 2319 1006 2370 sed
1022 2319 1044 2368 si
1062 2315 1106 2369 sic

73 2374 271 2452 intelligamus,
302 2384 397 2450 Quam
420 2384 598 2436 nihilominus
624 2383 762 2450 sequitur:
793 2390 821 2433 et
845 2386 986 2452 antiptosis
1010 2386 1107 2453 (codd.

75 2449 184 2504 duan
207 2454 361 2517 sillemsis,
386 2452 552 2520 sylempsis)
577 2450 748 2520 (syllepsisl)
764 2444 796 2500 fit
813 2468 863 2519 per
882 2469 958 2503 casus
975 2454 1108 2507 mutatio·-

75 2528 145 2571 nsm.
184 2521 289 2573 Debuit
311 2523 388 2575 enim
412 2523 518 2575 dicere:
550 2522 615 2570 urbs
647 2535 718 2587 quae
750 2518 900 2586 statuitur,
929 2536 1021 2575 oestro
1054 2533 1105 2575 est.

73 2580 169 2640 Melius
184 2606 252 2658 ergo
271 2599 313 2642 est
329 2592 417 2641 uultis
434 2591 476 2641 bis
493 2588 663 2656 intelligere,
680 2597 711 2638 ut
726 2590 761 2639 sit
778 2586 908 2657 [isiypau
927 2609 942 2642 a
961 2593 1106 2667 superiore

74 2664 148 2707 Verso
169 2668 335 2715 connectens
357 2664 535 2728 secpseirtem,
557 2654 610 2707 hoc
634 2656 749 2721 modo:]
776 2659 863 2708 uultis
889 2663 985 2726 regnis
1010 2664 1106 2713 cansi-

77 2722 153 2774 dere?
177 2726 266 2779 vultis
287 2728 386 2781 Urbem
405 2746 489 2796 quam
507 2726 623 2778 statuo?
650 2738 741 2776 vestra
766 2738 821 2791 est,·
846 2735 878 2776 ut
900 2735 941 2779 est
958 2734 998 2795 (6,
1015 2729 1107 2791 839.):

73 2788 154 2844 ¹Eruet
175 2796 223 2847 ille
240 2796 331 2865 Argos
349 2797 640 2864 Agamemnoniasque
664 2795 815 2860 Mycenas,
839 2792 989 2863 Ipsumque
1006 2798 1105 2849 Aeaci·
1146 2828 1151 2841 ·

78 2858 144 2911 ἀιηιε
168 2865 298 2918 subaudis
322 2864 379 2916 ille.
414 2866 490 2918 Alter
514 2865 589 2918 enim
612 2863 750 2930 Pyrrhum
775 2864 852 2914 vicit:
876 2862 946 2916 alter
963 2864 1106 2933 Mycenas.

76 2924 140 2982 Item
154 2934 248 3000 (630.):
264 2934 332 2986 Non
352 2937 454 3002 ignora
475 2935 545 2984 mali
564 2934 676 2983 miseris
690 2946 852 2983 succurrere
867 2933 954 2986 disca.
989 2935 1106 3002 (Quam-

79 2997 113 3047 vis
125 3000 176 3053 hoc
191 3004 305 3056 schema
322 3004 356 3055 de
374 3001 574 3071 antiquioribus
591 3007 731 3069 sumptum
749 3001 884 3069 possimus
907 3002 1047 3073 accipere3
1064 3002 1106 3056 ait

82 3067 146 3119 enirn
162 3071 232 3122 Cato
249 3073 280 3123 iu
294 3072 387 3140 legem
403 3072 571 3123 Voconiam:
587 3069 693 3136 Agrum
712 3084 792 3135 quem
811 3070 856 3119 vir
873 3068 963 3135 bechet,
981 3074 1103 3125 tollitur.

80 3128 112 3183 Et
125 3138 265 3191 Terentius
283 3142 371 3207 (Eun.
388 3143 421 3204 4,
440 3148 471 3206 3,
490 3142 566 3204 11.):
589 3138 759 3188 Eunuchum
785 3154 864 3204 quem
890 3140 993 3190 dedisti
1011 3143 1104 3208 nobis,

83 3216 142 3264 oras
158 3211 262 3259 turbas
288 3208 387 3271 dedit)
405 3231 438 3245 —·
473 3213 535 3266 574.
559 3207 679 3274 Agetur,·
706 3215 827 3274 regetur⁴
851 3234 886 3244 -
920 3213 980 3265 575.
1006 3210 1104 3278 (risque

86 3275 197 3341 utinam
228 3276 346 3331 dicendo
375 3279 500 3341 utinam,
531 3284 559 3328 et
582 3275 786 3327 humanitatem
809 3288 889 3327 suam
912 3277 1044 3342 ostendit,
1073 3286 1104 3333 et

84 3338 176 3397 deneas
192 3360 222 3398 se
239 3364 274 3396 cu
293 3344 375 3398 idam.
422 3345 496 3397 Nato
516 3345 678 3410 compulsus
697 3345 804 3406 eadem
831 3352 879 3394 aut
895 3345 988 3411 quovis
1006 3355 1104 3401 vento:

85 3414 123 3461 sut
140 3430 170 3465 rs
192 3432 259 3467 vera
274 3366 373 3479 lltloto,
396 3415 443 3482 qui
467 3415 501 3465 de
525 3413 648 3481 Syrtibus
673 3412 872 3481 Carthaginem
896 3413 977 3465 discit
1003 3413 1103 3485 ·Supra

87 3479 147 3531 uim
161 3482 294 3536 Ilioneus:
312 3482 346 3533 In
361 3484 435 3535 uado
451 3498 533 3532 caeca
546 3484 612 3532 tulis
626 3485 790 3548 penitusque
804 3482 971 3547 procacibus
986 3487 1102 3543 austris.

86 3543 188 3617 Eodem
214 3572 230 3604 a
254 3552 416 3604 naturaliter
440 3553 523 3618 longa
547 3559 599 3602 est:
623 3551 670 3602 sed
693 3551 723 3601 si'
740 3552 812 3601 corri
834 3552 921 3614 iretur,
944 3550 1029 3603 metri
1054 3562 1102 3621 est,

86 3623 178 3685 llllt,
195 3622 280 3685 sari:
305 3622 377 3689 [Uno
395 3622 548 3687 eodemque
565 3620 627 3670 tulit
651 3627 741 3687 partu.
775 3571 832 3684 Sicl
848 3624 892 3685 (2,
908 3620 994 3679 774.):
1020 3622 1103 3673 Stete-

74 3700 189 3753 -runrque
208 3707 310 3741 comae.
328 3714 364 3727 --
399 3695 458 3746 576.
478 3689 598 3757 Afferet3
624 3689 766 3747 adveniat3
788 3686 921 3754 temporis
945 3694 985 3741 est
1006 3690 1102 3743 futuri.

83 3750 222 3821 Equidem
245 3757 276 3811 in
299 3756 509 3825 omnin'rgilio
535 3774 583 3825 ego
610 3757 720 3825 quidem
739 3755 864 3824 [ubique]
880 3756 1029 3823 significat,
1052 3760 1102 3813 sod
1139 3810 1142 3817 ,

80 3820 174 3877 inaliis
198 3835 226 3878 et
243 3843 294 3895 pro
313 3828 424 3894 quidem
441 3830 550 3878 tantum
566 3826 692 3896 ponitur:
716 3833 747 3873 ut
764 3821 880 3875 Tullius:
903 3825 961 3891 Ego
987 3830 1099 3893 quidem

80 3904 171 3947 ceteras
191 3908 363 3963 tempestates
381 3899 451 3962 (Vos.
470 3893 636 3964 potestates.)
670 3896 741 3945 Item
759 3890 865 3945 Persius
883 3898 924 3959 (5,
940 3892 1008 3959 45.);
1032 3897 1101 3948 Nan
1124 3962 1127 3967 Ι

77 3967 194 4029 equs'dem
223 3966 275 4018 hoa
305 3965 416 4016 dubites
440 3967 586 4016 amborum
604 3965 720 4033 foedere
746 3974 816 4012 certo
844 3961 1006 4013 Consentire
1031 3967 1100 4016 dies.

74 4032 217 4098 (Al-deos.)
253 4036 308 4104 [Et
325 4040 370 4101 (l,
389 4031 480 4097 124·):
505 4033 556 4087 Per
573 4051 614 4086 me
632 4031 759 4100 squidem
776 4034 836 4082 sint
852 4033 948 4082 omnia
965 4035 1100 4100 protinus
