2454 4500
114 253 158 348 is
378 276 519 388 sunm
541 272 897 344 connectamus

116 459 219 520 stabilis
236 468 290 527 est,
314 460 432 516 undeet
455 463 537 516 bruto
562 464 670 517 dicitur.
705 465 787 534 (Alibi
804 465 848 534 (G.
866 473 900 532 3,
919 465 1008 533 343.)ι
1033 464 1172 519 Tantum·

116 550 212 596 cornpo
229 532 341 603 (campi)
361 533 450 596 iacet.)
485 535 549 600 [Aut
567 537 704 601 iacentes,
720 535 836 588 interius
854 537 973 606 posites3
998 545 1065 589 sunt
1082 539 1152 590 enim

116 601 243 652 omnium
266 601 379 654 infimae
404 603 624 668 elementorum]
648 631 683 643 -
724 612 786 662 225.
810 601 898 656 Latos
922 607 1062 675 populos5
1092 622 1164 663 cum.

114 673 234 740 populos
251 687 369 724 numero
385 671 487 741 plurali
503 671 634 738 dicimus,
657 671 741 724 urbes
759 673 960 743 significamus:
972 710 975 717 .
985 691 1053 724 cum
1070 672 1152 744 [vero]

114 740 261 813 populum,
286 740 366 791 unius
383 740 589 792 multitudinem
606 741 720 793 civitatis
743 742 921 809 intelligimus
938 746 981 811 [ut
998 742 1081 807 (21.):
1106 742 1166 801 Po,

114 811 214 878 pulum
233 809 412 876 lute'regem,
437 810 561 877 belloque
579 813 748 877 superbum:
772 806 807 865 de
825 811 953 862 Romatio
972 811 1052 864 enim
1070 812 1161 867 intell

113 876 196 941 laxit]
231 877 304 943 Sic;‘
319 879 384 946 quid
402 885 443 930 est
458 878 521 928 sic?
546 877 564 930 i.
583 896 606 931 e.
631 880 733 944 (Guelf.
751 882 771 932 I.
796 881 838 930 sie
862 879 991 948 quidem,
1014 881 1087 932 sicut
1103 889 1148 934 etc
1169 844 1185 953 ’Ξ

114 947 206 999 Gnelf.
222 948 255 997 ΙΙ.
273 945 311 997 sic
329 947 443 1014 quidem
460 945 540 998 sicuti
566 957 598 998 ut
615 948 675 1011 etc.)
701 956 732 999 ut
755 949 808 1000 ista
825 949 1005 1019 conspiceret.
1022 976 1060 988 —-
1077 954 1148 1009 226.
1175 960 1185 997 t

113 1018 148 1068 Et
165 1014 274 1082 Libyae
292 1013 391 1083 definit
416 1016 526 1067 lumina
553 1018 665 1085 regnis3
689 1015 829 1086 [Pulchra]
846 1020 1110 1087 prooeconomia,i.
1125 1024 1148 1071 ei
1173 1002 1185 1071 l

41 1087 43 1091 ’
107 1085 254 1155 ‘dispositio
284 1086 424 1136 carminis.
472 1085 659 1156 Vituperabile
690 1087 766 1138 enim
789 1088 894 1153 suerat,
923 1087 946 1138 si
977 1101 1010 1138 cx
1034 1089 1147 1158 abrupto
1180 1074 1185 1103 ¹

113 1153 260 1207 transitum
276 1155 395 1220 iaceret,
418 1155 492 1222 quod
508 1155 538 1205 in
556 1168 630 1207 nono
648 1157 715 1208 fecit
732 1154 791 1222 (¹1.):
813 1156 900 1223 Atque
925 1173 957 1205 eo
977 1151 1092 1209 diverso
1108 1173 1148 1225 pt·
1169 1154 1185 1211 ¹!

115 1228 194 1275 nitus
212 1225 278 1273 dum
296 1235 374 1290 porte
391 1236 547 1290 gematur,-
572 1240 643 1293 quae
666 1241 711 1276 res
734 1230 831 1276 tamen
848 1233 992 1277 excusatur
1018 1239 1076 1278 uno
1097 1240 1148 1278 set·-
1175 1226 1185 1239 ⁴

114 1309 207 1345 mone.
242 1291 329 1359 Atque
348 1311 401 1358 ea,
412 1292 430 1343 i.
449 1312 473 1344 e.
492 1295 591 1344 eodem
607 1299 749 1364 tempore,
773 1293 955 1363 quod‘solum
973 1299 1015 1345 est
1032 1295 1090 1347 inte
1122 1300 1185 1344 ου’.

113 1364 204 1414 situm.
238 1361 319 1412 Nunc
336 1377 399 1414 vero
417 1361 489 1415 bene
506 1363 624 1427 transiit,
642 1363 715 1431 quod
727 1363 839 1433 ,inducit
854 1362 955 1429 Iovem,
974 1369 1002 1414 ct
1016 1363 1052 1417 de
1069 1381 1100 1416 re
1119 1376 1147 1413 ut
1183 1362 1185 1367 ’

112 1430 241 1484 humanis
259 1430 446 1498 cogitantem,
471 1437 498 1483 et
514 1432 637 1483 Africam
654 1431 868 1501 respicientem,
888 1431 1028 1500 adquam
1052 1446 1146 1486 venas
1179 1458 1185 1477 ι

113 1499 236 1552 Troiani.
271 1499 349 1551 Unde
367 1497 498 1550 honestus
516 1501 592 1551 color
611 1508 660 1566 est,
674 1503 815 1571 ¹utvenus
832 1502 914 1552 adeat
930 1502 1035 1566 Iovem,
1052 1503 1145 1554 timent

69 1610 73 1617 ,
112 1587 148 1622 ne
172 1567 301 1620 Romana
324 1567 382 1620 fata
407 1569 569 1636 Carthagini
593 1570 747 1622 concedant
771 1569 866 1638 (codd.
892 1569 1058 1633 concedat):
1087 1567 1146 1624 felir
1182 1618 1185 1625 .

112 1639 188 1692 enim
206 1644 316 1691 eventus
334 1636 456 1704 sequitur
473 1637 544 1704 loca,
562 1654 633 1706 quae
650 1639 804 1708 respexerit
820 1636 850 1689 Iu
870 1638 957 1707 piter:
973 1639 1049 1691 unde
1065 1641 1095 1692 iu
1109 1646 1146 1691 se·¹
1183 1652 1185 1657 '

112 1708 203 1763 cundo
220 1705 282 1776 [ait]
299 1706 400 1772 (690.):
423 1706 522 1774 Aspice
542 1721 609 1772 nos,
626 1707 678 1758 ltoc
696 1719 814 1758 tantum.
849 1655 886 1759 dt
902 1707 969 1758 alibi
986 1712 1047 1774 (10,
1065 1707 1145 1770 litat:

111 1777 197 1844 Atque
217 1776 313 1827 oculos
330 1775 503 1826 Rutulorum
523 1776 615 1828 reiicit
633 1778 729 1842 arois5
753 1774 802 1828 ubi
826 1784 887 1828 erat
909 1777 1005 1827 futura
1029 1776 1143 1828 victoria.

111 1872 145 1884 -
180 1854 240 1902 227.
269 1843 369 1909 Toles;
393 1845 428 1896 de
452 1846 534 1897 rebus
558 1844 696 1897 humanis,
737 1842 892 1896 lactantem
915 1857 1024 1912 pectore
1049 1858 1144 1908 curos}

110 1931 184 1966 nuno
201 1911 353 1966 secundum
366 1913 470 1965 Stoicos
487 1912 624 1982 loquitur,
641 1911 689 1983 qui
707 1910 771 1966 deos
790 1915 885 1966 dieunt
901 1915 1025 1966 humana
1042 1930 1141 1966 muare.
1158 1924 1162 1931 “

109 1983 253 2035 Interdum
282 1983 435 2034 secundum
458 1982 625 2052 Epicureos,
654 1983 764 2053 po'etica
791 1992 870 2036 utens
900 1983 1027 2036 licentias
1059 1982 1143 2052 [unde

107 2053 176 2104 illud
194 2053 234 2119 (E.
244 2056 285 2115 “8,
303 2049 370 2112 35.):
394 2050 453 2101 Nee
473 2062 572 2102 curare
591 2053 672 2102 deum
698 2053 789 2102 credis
808 2053 940 2102 mortalia
959 2047 1143 2119 quemquam]

108 2149 143 2160 -
179 2127 241 2176 228.
266 2119 409 2185 Tristior,·
436 2120 656 2191 comparativum
678 2120 772 2190 posuit
793 2128 844 2191 pro
867 2120 990 2191 positivo.
1033 2121 1145 2189 Quando.

108 2189 185 2243 enim
208 2188 304 2243 Tristis
328 2196 369 2239 est
392 2187 497 2253 Venus,
527 2197 558 2238 ut
582 2206 655 2259 nunc
680 2192 791 2240 tristior
815 2189 973 2242 diceretur?
1010 2191 1071 2257 (Sic
1094 2189 1145 2240 Sal-

106 2258 215 2311 lustius:
237 2258 335 2324 Ipsum
361 2272 437 2308 mare
456 2257 603 2309 Ponticum
622 2259 736 2308 dulcius
756 2275 839 2326 quam
866 2272 962 2309 cetera.
998 2260 1042 2309 An
1065 2258 1142 2309 modo

106 2327 228 2392 tristior,
251 2343 316 2378 cnm
340 2333 368 2378 et
392 2335 456 2378 ante
480 2336 593 2397 propter
611 2329 736 2379 Aeneam
753 2326 856 2378 soleret
879 2326 963 2378 tristis
983 2324 1063 2392 esse,
1087 2325 1142 2378 Tri·

106 2396 172 2457 stior
188 2394 358 2464 ptolaetitia
371 2397 461 2447 Venus
475 2396 599 2457 dicetur.)
636 2397 744 2447 Oculos
761 2396 875 2465 suffusa
894 2399 1013 2446 nitentes
1020 2421 1030 2461 ,·
1047 2396 1143 2447 nitidos

107 2465 199 2516 oculos
215 2464 343 2533 lacrymis
361 2466 485 2534 perfusos
501 2464 616 2516 habens.
633 2480 635 2490 ·
650 2465 687 2514 Et
703 2472 744 2516 est
760 2465 859 2532 ligura,
876 2482 947 2533 quae
964 2466 1004 2529 fit,
1021 2465 1142 2534 quotient

106 2531 250 2605 participio
267 2534 414 2605 praeteriti
430 2534 564 2602 temporis
582 2552 599 2584 a
616 2533 737 2602 passivo,
760 2532 900 2601 iungimus
925 2550 1021 2584 casum
1038 2550 1142 2609 accusa·

104 2604 205 2668 tivum,
229 2609 260 2652 ut
283 2602 416 2653 Deiectus
441 2607 586 2668 animum,
611 2614 715 2653 moesta
741 2604 859 2653 vultum.
901 2601 1027 2654 Dicendo
1052 2610 1142 2654 alitem

105 2671 233 2724 Nitentes
258 2671 389 2740 expressit
411 2671 530 2723 nimiam
548 2669 627 2739 (esse)
653 2671 738 2722 etiam
761 2670 796 2722 in·
814 2671 942 2738 lacrymis
965 2669 1143 2740 pulchritudi-

103 2757 186 2806 nem,
202 2740 272 2790 sicut
289 2743 323 2793 de
340 2740 460 2807 Euryalo
479 2746 519 2808 (5,
538 2738 624 2800 343.);
641 2739 851 2807 Lacrymaeque
871 2741 994 2791 decorae.
1014 2766 1049 2779 -·
1083 2744 1142 2797 229.

104 2811 141 2877 (O
160 2812 211 2878 qui
230 2827 273 2861 res
291 2816 358 2870 eto.;
376 2807 496 2874 graviter
513 2807 619 2878 coepit:
635 2823 693 2859 non
711 2809 785 2859 enim
804 2808 856 2860 ait:
881 2823 897 2858 o
916 2809 1042 2876 genitor3
1059 2816 1088 2860 et
1105 2813 1142 2860 est

102 2885 163 2931 tota
187 2878 318 2930 orationis
348 2877 481 2942 intentio,
509 2877 609 2928 iniuste
632 2876 724 2928 vexari
755 2894 771 2928 a
795 2879 899 2930 Iunone
924 2876 1086 2939 Troianos.)
1109 2898 1142 2916 ...
1179 2910 1185 2915 -

103 2956 165 3006 230.
187 2949 314 2999 Aeternis
340 2947 415 3013 regis
442 2953 493 2998 etc.
535 2947 626 3012 (Haec
650 2945 1053 3016 commemoratiopotentiae
1075 2945 1142 2998 Iovis

103 3018 181 3084 quasi
200 3015 385 3068 adinvidiam
401 3015 489 3084 posita
507 3022 561 3076 est3
578 3014 631 3064 hoc
652 3021 705 3065 est:
723 3014 771 3082 qui
789 3030 871 3066 omne
888 3022 982 3085 potes,
1000 3022 1100 3067 contra
1113 3021 1141 3066 ts
1162 3042 1168 3057 =

101 3085 237 3148 flecteris,
261 3086 298 3147 et)
315 3083 417 3134 Volunt
433 3081 547 3152 quidam
563 3082 702 3151 superflue
720 3081 807 3150 (codd.
826 3083 982 3151 superfluo)
1000 3083 1090 3151 Regis
1107 3081 1141 3135 ad

101 3154 167 3206 deos
190 3153 307 3218 referri,
336 3151 436 3204 Terras
460 3151 496 3202 ad
513 3150 655 3212 homines;
679 3149 834 3203 nescientes
853 3152 918 3220 qnia
935 3151 1049 3204 maioris
1066 3161 1141 3224 pote·

100 3222 176 3275 statis
192 3230 247 3289 est,
270 3223 348 3274 idem
364 3237 445 3292 posse
462 3220 536 3271 circa
553 3220 632 3286 deos,
651 3220 730 3286 quod
753 3220 829 3272 circa
852 3221 987 3273 homines.
1022 3221 1059 3271 Et
1077 3221 1150 3290 ful·

102 3296 175 3343 mine
202 3304 289 3343 terres
296 3313 306 3356 ‚·
332 3307 391 3343 non
413 3289 472 3341 sine
496 3305 577 3341 causa
603 3288 705 3342 adiecit
723 3288 830 3339 Terras.
866 3290 916 3339 Est
932 3289 1008 3341 enim
1025 3291 1141 3355 fulmen,

99 3361 174 3430 quod
197 3368 316 3422 terreat;
342 3367 397 3424 est,
420 3355 495 3427 quod
516 3358 605 3410 afflet:
629 3365 661 3408 ut
684 3363 727 3425 (2,
744 3357 829 3417 6493:
852 3357 998 3409 Fulminis
1024 3359 1140 3428 afflavit

99 3430 199 3481 ventis.
242 3429 291 3479 Est
315 3428 389 3496 quod
413 3425 524 3497 puniat,
547 3433 578 3475 ut
602 3429 652 3493 (4,
676 3426 752 3489 25.):
788 3424 837 3476 Vel
860 3439 939 3493 poter
964 3431 1140 3496 omnipotens

99 3500 200 3566 adigat
217 3495 397 3615 mapulmine
416 3495 453 3545 nd
473 3496 595 3544 umbras.
631 3495 816 3565 Peremptorii
834 3504 928 3547 autem
944 3495 1070 3547 fulminis
1085 3497 1141 3549 lats

98 3574 175 3637 patet
192 3564 262 3634 signi
284 3566 364 3616 catio.
399 3565 448 3615 Est
465 3564 538 3631 quod
556 3564 726 3634 praesagiat,
744 3567 793 3631 [ur
803 3564 843 3628 (E.
853 3570 893 3628 ,1,
912 3567 981 3623 17.):
1000 3564 1044 3616 De
1061 3566 1148 3618 coelo.

96 3643 185 3688 tactas
210 3633 329 3687 memini
352 3633 514 3704 praedicere
538 3632 675 3701 quercus]
717 3633 882 3700 (Poetarum
906 3640 1002 3684 autem
1027 3650 1140 3687 consue-

88 3705 163 3756 'tudo
183 3710 238 3768 est,
260 3703 372 3772 proprie
390 3717 514 3772 semper,
538 3716 604 3752 cum
619 3701 712 3752 lovem
735 3700 962 3765 nominaverunt,
987 3708 1016 3752 et
1032 3703 1140 3756 fulmen

96 3772 264 3840 adiungere,
281 3778 312 3821 ut
329 3774 391 3837 (12,
408 3769 496 3831 2003:
520 3770 626 3820 Audiat
643 3768 711 3817 haee
728 3772 855 3836 genitor,
880 3772 931 3836 qui
942 3768 1063 3837 foedera
1075 3772 1141 3841 ful·

97 3843 173 3892 mine
191 3840 292 3890 sancit.
327 3840 364 3890 Et
380 3846 444 3891 anto
461 3842 504 3906 (4,
521 3839 608 3900 208.):
634 3834 752 3889 Genitor
771 3855 834 3888 cum
853 3837 986 3908 fulmina
1005 3840 1139 3908 torques.)
1174 3898 1178 3903 ¹

6 3932 13 3945 =
95 3937 131 3948 -
166 3913 228 3967 23¹1.
245 3906 330 3958 Meus
337 3930 346 3970 ς
363 3907 494 3959 subaudis
510 3906 596 3968 filius,
615 3906 704 4024 (guasi
719 3924 771 3978 per
789 3923 836 3960 me
852 3906 905 3959 tibi
921 3907 1094 3974 coniunctus,
1110 3914 1141 3961 et

94 3977 134 4031 sic
157 3975 286 4029 mbaudis
308 3974 432 4041 filium)
459 3980 491 4026 ut
513 3974 603 4026 Aiacis
647 3972 708 4041 ilei,
732 3983 764 4026 ut
787 3984 852 4028 ante
875 3976 1001 4027 diximus.
1036 3977 1072 4029 ln
1097 3988 1139 4041 tes

93 4045 180 4117 ¹ruodo
197 4055 295 4098 contra
312 4054 353 4110 u,
377 4043 444 4097 alibi
459 4060 512 4111 pro
529 4040 679 4112 signifieat:
703 4052 736 4096 ut
758 4046 858 4111 (304·l:
885 4047 1010 4111 quietum
1028 4045 1139 4112 Accipit
1180 4080 1185 4093 .

199 4172 310 4224 A
