<?xml version="1.0" encoding="UTF-8"?>
<!DOCTYPE html PUBLIC "-//W3C//DTD XHTML 1.0 Transitional//EN"
    "http://www.w3.org/TR/xhtml1/DTD/xhtml1-transitional.dtd">
<html xmlns="http://www.w3.org/1999/xhtml" xml:lang="en" lang="en">
 <head>
  <title>
</title>
<meta http-equiv="Content-Type" content="text/html;charset=utf-8" />
  <meta name='ocr-system' content='tesseract 3.04.00' />
  <meta name='ocr-capabilities' content='ocr_page ocr_carea ocr_par ocr_line ocrx_word'/>
</head>
<body>
  <div class='ocr_page' id='page_1' title='image "./commentariiinvi00liongoog_0558.png"; bbox 0 0 2454 4500; ppageno 0'>
   <div class='ocr_carea' id='block_1_1' title="bbox 134 248 1052 367">
    <p class='ocr_par' dir='ltr' id='par_1_1' title="bbox 134 248 1052 367">
     <span class='ocr_line' id='line_1_1' title="bbox 134 248 1052 367; baseline 0.001 -35"><span class='ocrx_word' id='word_1_1' title='bbox 134 292 168 333; x_wconf 71' lang='lat' dir='ltr'><strong>m</strong></span> <span class='ocrx_word' id='word_1_2' title='bbox 192 258 347 367; x_wconf 67' lang='lat' dir='ltr'><strong>ninom</strong></span> <span class='ocrx_word' id='word_1_3' title='bbox 369 266 537 330; x_wconf 76' lang='lat' dir='ltr'><strong>inusto.</strong></span> <span class='ocrx_word' id='word_1_4' title='bbox 559 262 641 326; x_wconf 78' lang='lat' dir='ltr'><strong>tus.¹</strong></span> <span class='ocrx_word' id='word_1_5' title='bbox 660 261 713 337; x_wconf 79' lang='lat' dir='ltr'><strong>rx,</strong></span> <span class='ocrx_word' id='word_1_6' title='bbox 736 268 937 335; x_wconf 77' lang='lat' dir='ltr'><strong>sss-783:</strong></span> <span class='ocrx_word' id='word_1_7' title='bbox 979 248 1052 333; x_wconf 74' lang='lat' dir='ltr'><strong>ses</strong></span> 
     </span>
    </p>
   </div>
   <div class='ocr_carea' id='block_1_2' title="bbox 67 443 1047 1474">
    <p class='ocr_par' dir='ltr' id='par_1_2' title="bbox 67 443 1047 1474">
     <span class='ocr_line' id='line_1_2' title="bbox 67 443 1046 523; baseline -0.006 -16"><span class='ocrx_word' id='word_1_8' title='bbox 67 471 94 508; x_wconf 75' lang='lat' dir='ltr'><strong>eo</strong></span> <span class='ocrx_word' id='word_1_9' title='bbox 120 455 188 507; x_wconf 84' lang='lat' dir='ltr'><strong>bello</strong></span> <span class='ocrx_word' id='word_1_10' title='bbox 210 457 341 523; x_wconf 78' lang='lat' dir='ltr'><strong>gentique</strong></span> <span class='ocrx_word' id='word_1_11' title='bbox 364 453 442 519; x_wconf 86' lang='lat' dir='ltr'>dixit,</span> <span class='ocrx_word' id='word_1_12' title='bbox 466 452 530 520; x_wconf 87' lang='lat' dir='ltr'><strong>quie</strong></span> <span class='ocrx_word' id='word_1_13' title='bbox 547 443 713 521; x_wconf 79' lang='lat' dir='ltr'><strong>&#39;plerumque</strong></span> <span class='ocrx_word' id='word_1_14' title='bbox 735 449 839 503; x_wconf 86' lang='lat' dir='ltr'><strong>bellum</strong></span> <span class='ocrx_word' id='word_1_15' title='bbox 854 448 948 501; x_wconf 80' lang='lat' dir='ltr'><strong>finitur</strong></span> <span class='ocrx_word' id='word_1_16' title='bbox 964 455 1046 516; x_wconf 83' lang='lat' dir='ltr'><strong>gente</strong></span> 
     </span>
     <span class='ocr_line' id='line_1_3' title="bbox 67 519 1045 591; baseline -0.008 -16"><span class='ocrx_word' id='word_1_17' title='bbox 67 525 188 591; x_wconf 82' lang='lat' dir='ltr'><strong>perstite,</strong></span> <span class='ocrx_word' id='word_1_18' title='bbox 210 532 241 573; x_wconf 90' lang='lat' dir='ltr'><strong>ut</strong></span> <span class='ocrx_word' id='word_1_19' title='bbox 263 523 292 573; x_wconf 92' lang='lat' dir='ltr'><strong>in</strong></span> <span class='ocrx_word' id='word_1_20' title='bbox 316 522 387 574; x_wconf 88' lang='lat' dir='ltr'><strong>hollo</strong></span> <span class='ocrx_word' id='word_1_21' title='bbox 404 520 523 572; x_wconf 83' lang='lat' dir='ltr'><strong>Troiano</strong></span> <span class='ocrx_word' id='word_1_22' title='bbox 546 520 666 588; x_wconf 75' lang='lat' dir='ltr'><strong>contigit.</strong></span> <span class='ocrx_word' id='word_1_23' title='bbox 685 544 718 556; x_wconf 86' lang='lat'><strong>-·-</strong></span> <span class='ocrx_word' id='word_1_24' title='bbox 752 525 812 575; x_wconf 81' lang='lat'><strong>760.</strong></span> <span class='ocrx_word' id='word_1_25' title='bbox 832 519 982 584; x_wconf 78' lang='lat' dir='ltr'><em>caedisque</em></span> <span class='ocrx_word' id='word_1_26' title='bbox 1001 521 1045 568; x_wconf 87' lang='lat' dir='ltr'><strong>in-</strong></span> 
     </span>
     <span class='ocr_line' id='line_1_4' title="bbox 67 587 1045 709; baseline -0.005 -67"><span class='ocrx_word' id='word_1_27' title='bbox 67 610 103 642; x_wconf 84' lang='lat' dir='ltr'><strong>na</strong></span> <span class='ocrx_word' id='word_1_28' title='bbox 121 592 236 658; x_wconf 83' lang='lat' dir='ltr'><strong>eupido;</strong></span> <span class='ocrx_word' id='word_1_29' title='bbox 248 591 432 709; x_wconf 72' lang='grc' dir='ltr'><strong>Ἰ[όεοοιιοηιίει</strong></span> <span class='ocrx_word' id='word_1_30' title='bbox 449 597 487 640; x_wconf 88' lang='lat' dir='ltr'><strong>est</strong></span> <span class='ocrx_word' id='word_1_31' title='bbox 503 587 584 655; x_wconf 80' lang='lat' dir='ltr'><strong>quae]</strong></span> <span class='ocrx_word' id='word_1_32' title='bbox 605 595 712 639; x_wconf 84' lang='lat' dir='ltr'><strong>excuset</strong></span> <span class='ocrx_word' id='word_1_33' title='bbox 728 587 869 652; x_wconf 87' lang='lat' dir='ltr'><strong>Turnum,</strong></span> <span class='ocrx_word' id='word_1_34' title='bbox 890 602 939 636; x_wconf 89' lang='lat' dir='ltr'><strong>cur</strong></span> <span class='ocrx_word' id='word_1_35' title='bbox 955 602 1012 637; x_wconf 90' lang='lat' dir='ltr'><strong>non</strong></span> <span class='ocrx_word' id='word_1_36' title='bbox 1028 603 1045 637; x_wconf 81' lang='lat' dir='ltr'><strong>s</strong></span> 
     </span>
     <span class='ocr_line' id='line_1_5' title="bbox 67 654 1045 727; baseline -0.008 -16"><span class='ocrx_word' id='word_1_37' title='bbox 67 669 110 711; x_wconf 84' lang='lat' dir='ltr'><strong>sta</strong></span> <span class='ocrx_word' id='word_1_38' title='bbox 133 660 232 727; x_wconf 80' lang='lat' dir='ltr'><strong>fugatis</strong></span> <span class='ocrx_word' id='word_1_39' title='bbox 273 658 373 710; x_wconf 84' lang='lat' dir='ltr'><strong>roianis</strong></span> <span class='ocrx_word' id='word_1_40' title='bbox 396 658 501 727; x_wconf 87' lang='lat' dir='ltr'><strong>penitus</strong></span> <span class='ocrx_word' id='word_1_41' title='bbox 525 655 613 710; x_wconf 83' lang='lat' dir='ltr'><strong>delete</strong></span> <span class='ocrx_word' id='word_1_42' title='bbox 632 656 685 706; x_wconf 91' lang='lat' dir='ltr'><strong>sint</strong></span> <span class='ocrx_word' id='word_1_43' title='bbox 707 664 803 706; x_wconf 75' lang='lat' dir='ltr'><strong>cesus.</strong></span> <span class='ocrx_word' id='word_1_44' title='bbox 819 680 864 691; x_wconf 93' lang='lat'><strong>--</strong></span> <span class='ocrx_word' id='word_1_45' title='bbox 886 661 947 712; x_wconf 80' lang='lat'><strong>762.</strong></span> <span class='ocrx_word' id='word_1_46' title='bbox 965 654 1045 704; x_wconf 80' lang='lat' dir='ltr'><strong>Priu-</strong></span> 
     </span>
     <span class='ocr_line' id='line_1_6' title="bbox 67 722 1045 796; baseline -0.006 -19"><span class='ocrx_word' id='word_1_47' title='bbox 67 731 121 791; x_wconf 68' lang='lat' dir='ltr'><strong>u&#39;o,</strong></span> <span class='ocrx_word' id='word_1_48' title='bbox 151 729 224 778; x_wconf 81' lang='lat' dir='ltr'><strong>intre</strong></span> <span class='ocrx_word' id='word_1_49' title='bbox 246 734 348 791; x_wconf 79' lang='lat' dir='ltr'><strong>cestra,</strong></span> <span class='ocrx_word' id='word_1_50' title='bbox 370 735 430 796; x_wconf 84' lang='lat' dir='ltr'><strong>post</strong></span> <span class='ocrx_word' id='word_1_51' title='bbox 453 724 637 775; x_wconf 76' lang='lat' dir='ltr'><strong>Troianorum</strong></span> <span class='ocrx_word' id='word_1_52' title='bbox 661 725 763 790; x_wconf 83' lang='lat' dir='ltr'><strong>fugem.</strong></span> <span class='ocrx_word' id='word_1_53' title='bbox 803 722 916 774; x_wconf 79' lang='lat' dir='ltr'><strong>Succiio</strong></span> <span class='ocrx_word' id='word_1_54' title='bbox 943 725 1045 791; x_wconf 77' lang='lat' dir='ltr'><em>poplite</em></span> 
     </span>
     <span class='ocr_line' id='line_1_7' title="bbox 67 791 1046 862; baseline 0.001 -20"><span class='ocrx_word' id='word_1_55' title='bbox 67 814 129 862; x_wconf 75' lang='lat' dir='ltr'><strong>rgen</strong></span> <span class='ocrx_word' id='word_1_56' title='bbox 147 794 258 862; x_wconf 75' lang='lat' dir='ltr'><strong>Excipit</strong></span> <span class='ocrx_word' id='word_1_57' title='bbox 263 819 272 859; x_wconf 89' lang='lat'><strong>,·</strong></span> <span class='ocrx_word' id='word_1_58' title='bbox 291 796 357 846; x_wconf 90' lang='lat' dir='ltr'><strong>ordo</strong></span> <span class='ocrx_word' id='word_1_59' title='bbox 375 802 427 846; x_wconf 87' lang='lat' dir='ltr'><strong>est:</strong></span> <span class='ocrx_word' id='word_1_60' title='bbox 444 793 551 858; x_wconf 84' lang='lat' dir='ltr'><strong>Excipit</strong></span> <span class='ocrx_word' id='word_1_61' title='bbox 567 800 594 843; x_wconf 86' lang='lat' dir='ltr'><strong>et</strong></span> <span class='ocrx_word' id='word_1_62' title='bbox 610 791 722 849; x_wconf 82' lang='lat' dir='ltr'><strong>succidit</strong></span> <span class='ocrx_word' id='word_1_63' title='bbox 737 791 878 860; x_wconf 83' lang='lat' dir='ltr'><strong>poplitem,</strong></span> <span class='ocrx_word' id='word_1_64' title='bbox 895 794 936 860; x_wconf 85' lang='lat' dir='ltr'><strong>[ut</strong></span> <span class='ocrx_word' id='word_1_65' title='bbox 952 792 1046 856; x_wconf 81' lang='lat'><strong>(537.):</strong></span> 
     </span>
     <span class='ocr_line' id='line_1_8' title="bbox 71 859 1046 933; baseline -0.005 -19"><span class='ocrx_word' id='word_1_66' title='bbox 71 865 161 917; x_wconf 85' lang='lat' dir='ltr'><strong>stibus</strong></span> <span class='ocrx_word' id='word_1_67' title='bbox 185 862 278 920; x_wconf 61' lang='lat' dir='ltr'><strong>haesit,</strong></span> <span class='ocrx_word' id='word_1_68' title='bbox 298 865 406 927; x_wconf 84' lang='lat' dir='ltr'><strong>adesis,</strong></span> <span class='ocrx_word' id='word_1_69' title='bbox 430 868 457 914; x_wconf 90' lang='lat' dir='ltr'><strong>et</strong></span> <span class='ocrx_word' id='word_1_70' title='bbox 478 864 527 926; x_wconf 81' lang='lat'><strong>(3,</strong></span> <span class='ocrx_word' id='word_1_71' title='bbox 549 861 633 922; x_wconf 66' lang='lat'><strong>237.):</strong></span> <span class='ocrx_word' id='word_1_72' title='bbox 657 859 738 933; x_wconf 76' lang='lat' dir='ltr'><strong>Scuto</strong></span> <span class='ocrx_word' id='word_1_73' title='bbox 765 861 879 909; x_wconf 83' lang='lat' dir='ltr'><strong>latentia</strong></span> <span class='ocrx_word' id='word_1_74' title='bbox 903 859 1046 924; x_wconf 77' lang='lat' dir='ltr'><strong>condunt]</strong></span> 
     </span>
     <span class='ocr_line' id='line_1_9' title="bbox 67 927 1045 995; baseline -0.004 -13"><span class='ocrx_word' id='word_1_75' title='bbox 67 949 102 982; x_wconf 88' lang='lat' dir='ltr'><strong>un</strong></span> <span class='ocrx_word' id='word_1_76' title='bbox 126 928 189 984; x_wconf 81' lang='lat' dir='ltr'><strong>en&#39;te</strong></span> <span class='ocrx_word' id='word_1_77' title='bbox 210 931 277 994; x_wconf 83' lang='lat' dir='ltr'><strong>fuit,</strong></span> <span class='ocrx_word' id='word_1_78' title='bbox 299 939 330 981; x_wconf 93' lang='lat' dir='ltr'><strong>ut</strong></span> <span class='ocrx_word' id='word_1_79' title='bbox 352 947 415 982; x_wconf 86' lang='lat' dir='ltr'><strong>eum</strong></span> <span class='ocrx_word' id='word_1_80' title='bbox 439 928 648 981; x_wconf 74' lang='lat' dir='ltr'><strong>circumveniret</strong></span> <span class='ocrx_word' id='word_1_81' title='bbox 670 927 781 979; x_wconf 78' lang='lat' dir='ltr'><strong>insidiis.</strong></span> <span class='ocrx_word' id='word_1_82' title='bbox 822 928 918 995; x_wconf 81' lang='lat' dir='ltr'><strong>Poplaes</strong></span> <span class='ocrx_word' id='word_1_83' title='bbox 941 936 1045 991; x_wconf 82' lang='lat' dir='ltr'><strong>eutem,</strong></span> 
     </span>
     <span class='ocr_line' id='line_1_10' title="bbox 88 995 1043 1068; baseline -0.005 -18"><span class='ocrx_word' id='word_1_84' title='bbox 88 1007 214 1068; x_wconf 74' lang='lat' dir='ltr'><strong>correpte</strong></span> <span class='ocrx_word' id='word_1_85' title='bbox 237 1006 292 1061; x_wconf 86' lang='lat' dir='ltr'><strong>est,</strong></span> <span class='ocrx_word' id='word_1_86' title='bbox 315 999 386 1049; x_wconf 90' lang='lat' dir='ltr'><strong>sicut</strong></span> <span class='ocrx_word' id='word_1_87' title='bbox 406 999 436 1050; x_wconf 89' lang='lat' dir='ltr'><strong>iu</strong></span> <span class='ocrx_word' id='word_1_88' title='bbox 453 998 553 1048; x_wconf 80' lang='lat' dir='ltr'><strong>Sereno</strong></span> <span class='ocrx_word' id='word_1_89' title='bbox 577 996 694 1063; x_wconf 64' lang='lat' dir='ltr'><strong>legitur,</strong></span> <span class='ocrx_word' id='word_1_90' title='bbox 717 995 765 1046; x_wconf 85' lang='lat' dir='ltr'><strong>sed</strong></span> <span class='ocrx_word' id='word_1_91' title='bbox 789 996 948 1062; x_wconf 83' lang='lat' dir='ltr'><strong>producitur</strong></span> <span class='ocrx_word' id='word_1_92' title='bbox 972 996 1043 1063; x_wconf 88' lang='lat' dir='ltr'><strong>posi-</strong></span> 
     </span>
     <span class='ocr_line' id='line_1_11' title="bbox 68 1064 1046 1135; baseline -0.004 -16"><span class='ocrx_word' id='word_1_93' title='bbox 68 1086 112 1120; x_wconf 86' lang='lat' dir='ltr'><strong>ne.</strong></span> <span class='ocrx_word' id='word_1_94' title='bbox 129 1094 163 1104; x_wconf 89' lang='lat'><em>-</em></span> <span class='ocrx_word' id='word_1_95' title='bbox 196 1073 256 1124; x_wconf 83' lang='grc'><strong>763.</strong></span> <span class='ocrx_word' id='word_1_96' title='bbox 280 1065 378 1130; x_wconf 64' lang='lat' dir='ltr'><strong>Hincs</strong></span> <span class='ocrx_word' id='word_1_97' title='bbox 395 1083 445 1118; x_wconf 90' lang='lat' dir='ltr'><strong>nec</strong></span> <span class='ocrx_word' id='word_1_98' title='bbox 468 1064 521 1116; x_wconf 89' lang='lat' dir='ltr'><strong>loci</strong></span> <span class='ocrx_word' id='word_1_99' title='bbox 545 1073 598 1127; x_wconf 88' lang='lat' dir='ltr'><strong>est,</strong></span> <span class='ocrx_word' id='word_1_100' title='bbox 621 1081 673 1114; x_wconf 89' lang='lat' dir='ltr'><strong>nec</strong></span> <span class='ocrx_word' id='word_1_101' title='bbox 695 1065 841 1135; x_wconf 78' lang='lat' dir='ltr'><strong>temporis,</strong></span> <span class='ocrx_word' id='word_1_102' title='bbox 862 1065 911 1117; x_wconf 89' lang='lat' dir='ltr'><strong>sed</strong></span> <span class='ocrx_word' id='word_1_103' title='bbox 935 1065 1046 1126; x_wconf 79' lang='lat' dir='ltr'><strong>ordinis,</strong></span> 
     </span>
     <span class='ocr_line' id='line_1_12' title="bbox 68 1131 1045 1201; baseline -0.006 -13"><span class='ocrx_word' id='word_1_104' title='bbox 68 1154 93 1188; x_wconf 88' lang='lat' dir='ltr'><strong>e.</strong></span> <span class='ocrx_word' id='word_1_105' title='bbox 121 1134 224 1186; x_wconf 82' lang='lat' dir='ltr'><strong>deinde.</strong></span> <span class='ocrx_word' id='word_1_106' title='bbox 258 1134 365 1200; x_wconf 82' lang='lat' dir='ltr'><strong>Raptus</strong></span> <span class='ocrx_word' id='word_1_107' title='bbox 380 1142 497 1198; x_wconf 70' lang='lat' dir='ltr'><strong>mutem,</strong></span> <span class='ocrx_word' id='word_1_108' title='bbox 520 1132 554 1185; x_wconf 87' lang='lat' dir='ltr'><strong>de</strong></span> <span class='ocrx_word' id='word_1_109' title='bbox 578 1132 719 1184; x_wconf 85' lang='lat' dir='ltr'><strong>hostilibus</strong></span> <span class='ocrx_word' id='word_1_110' title='bbox 735 1131 924 1201; x_wconf 28' lang='lat' dir='ltr'><strong>&#39;cadaveribus</strong></span> <span class='ocrx_word' id='word_1_111' title='bbox 970 1135 1045 1185; x_wconf 85' lang='lat' dir='ltr'><strong>Nem</strong></span> 
     </span>
     <span class='ocr_line' id='line_1_13' title="bbox 67 1200 1046 1273; baseline -0.002 -21"><span class='ocrx_word' id='word_1_112' title='bbox 67 1204 103 1254; x_wconf 93' lang='lat' dir='ltr'><strong>od</strong></span> <span class='ocrx_word' id='word_1_113' title='bbox 120 1202 185 1253; x_wconf 91' lang='lat' dir='ltr'><strong>dicit</strong></span> <span class='ocrx_word' id='word_1_114' title='bbox 201 1203 330 1268; x_wconf 80' lang='lat' dir='ltr'><strong>Donatus,</strong></span> <span class='ocrx_word' id='word_1_115' title='bbox 348 1205 381 1253; x_wconf 80' lang='lat' dir='ltr'><strong>ab</strong></span> <span class='ocrx_word' id='word_1_116' title='bbox 400 1207 547 1270; x_wconf 79' lang='lat' dir='ltr'><strong>armigero,</strong></span> <span class='ocrx_word' id='word_1_117' title='bbox 563 1217 620 1252; x_wconf 91' lang='lat' dir='ltr'><strong>non</strong></span> <span class='ocrx_word' id='word_1_118' title='bbox 637 1200 768 1269; x_wconf 82' lang='lat' dir='ltr'><strong>procedit,</strong></span> <span class='ocrx_word' id='word_1_119' title='bbox 784 1217 835 1251; x_wconf 87' lang='lat' dir='ltr'><strong>nec</strong></span> <span class='ocrx_word' id='word_1_120' title='bbox 852 1201 927 1252; x_wconf 88' lang='lat' dir='ltr'><strong>enirn</strong></span> <span class='ocrx_word' id='word_1_121' title='bbox 943 1200 1046 1273; x_wconf 70' lang='lat' dir='ltr'><strong>lectum</strong></span> 
     </span>
     <span class='ocr_line' id='line_1_14' title="bbox 67 1268 1047 1338; baseline -0.003 -16"><span class='ocrx_word' id='word_1_122' title='bbox 67 1288 77 1322; x_wconf 69' lang='lat' dir='ltr'><strong>t</strong></span> <span class='ocrx_word' id='word_1_123' title='bbox 115 1272 185 1321; x_wconf 88' lang='lat' dir='ltr'><strong>Cum</strong></span> <span class='ocrx_word' id='word_1_124' title='bbox 203 1271 272 1321; x_wconf 89' lang='lat' dir='ltr'><strong>solus</strong></span> <span class='ocrx_word' id='word_1_125' title='bbox 289 1270 405 1322; x_wconf 90' lang='lat' dir='ltr'><strong>inclusus</strong></span> <span class='ocrx_word' id='word_1_126' title='bbox 422 1273 511 1322; x_wconf 77' lang='lat' dir='ltr'><strong>fuerat</strong></span> <span class='ocrx_word' id='word_1_127' title='bbox 528 1270 649 1331; x_wconf 88' lang='lat' dir='ltr'><strong>Turnus,</strong></span> <span class='ocrx_word' id='word_1_128' title='bbox 665 1276 695 1318; x_wconf 92' lang='lat' dir='ltr'><strong>ut</strong></span> <span class='ocrx_word' id='word_1_129' title='bbox 710 1276 771 1338; x_wconf 88' lang='lat' dir='ltr'><strong>post</strong></span> <span class='ocrx_word' id='word_1_130' title='bbox 787 1269 837 1319; x_wconf 84' lang='lat' dir='ltr'><strong>eit:</strong></span> <span class='ocrx_word' id='word_1_131' title='bbox 857 1269 936 1319; x_wconf 72' lang='lat' dir='ltr'><strong>Urnis</strong></span> <span class='ocrx_word' id='word_1_132' title='bbox 954 1268 1047 1332; x_wconf 83' lang='lat' dir='ltr'><strong>homo,</strong></span> 
     </span>
     <span class='ocr_line' id='line_1_15' title="bbox 67 1336 1045 1407; baseline -0.002 -19"><span class='ocrx_word' id='word_1_133' title='bbox 67 1343 159 1389; x_wconf 82' lang='lat' dir='ltr'><strong>amois</strong></span> <span class='ocrx_word' id='word_1_134' title='bbox 175 1340 280 1407; x_wconf 84' lang='lat' dir='ltr'><strong>possit,</strong></span> <span class='ocrx_word' id='word_1_135' title='bbox 296 1339 366 1389; x_wconf 89' lang='lat' dir='ltr'><strong>sicut</strong></span> <span class='ocrx_word' id='word_1_136' title='bbox 381 1339 410 1390; x_wconf 90' lang='lat' dir='ltr'><strong>in</strong></span> <span class='ocrx_word' id='word_1_137' title='bbox 426 1339 546 1406; x_wconf 76' lang='lat' dir='ltr'><strong>Suggen</strong></span> <span class='ocrx_word' id='word_1_138' title='bbox 563 1338 616 1386; x_wconf 80' lang='lat' dir='ltr'><strong>selu</strong></span> <span class='ocrx_word' id='word_1_139' title='bbox 636 1336 720 1400; x_wconf 87' lang='lat' dir='ltr'><strong>mihi,</strong></span> <span class='ocrx_word' id='word_1_140' title='bbox 737 1343 765 1386; x_wconf 84' lang='lat' dir='ltr'><strong>ot</strong></span> <span class='ocrx_word' id='word_1_141' title='bbox 781 1336 860 1406; x_wconf 78' lang='lat' dir='ltr'><strong>poulo</strong></span> <span class='ocrx_word' id='word_1_142' title='bbox 878 1345 953 1405; x_wconf 86' lang='lat' dir='ltr'><strong>post,</strong></span> <span class='ocrx_word' id='word_1_143' title='bbox 972 1337 1045 1387; x_wconf 85' lang='lat' dir='ltr'><strong>Tum</strong></span> 
     </span>
     <span class='ocr_line' id='line_1_16' title="bbox 67 1403 1045 1474; baseline -0.002 -18"><span class='ocrx_word' id='word_1_144' title='bbox 67 1424 159 1474; x_wconf 77' lang='lat' dir='ltr'><strong>ignom</strong></span> <span class='ocrx_word' id='word_1_145' title='bbox 185 1409 300 1473; x_wconf 75' lang='lat' dir='ltr'><strong>corripit</strong></span> <span class='ocrx_word' id='word_1_146' title='bbox 323 1405 446 1471; x_wconf 85' lang='lat' dir='ltr'><strong>hastam,</strong></span> <span class='ocrx_word' id='word_1_147' title='bbox 469 1407 504 1457; x_wconf 81' lang='lat' dir='ltr'><strong>Et</strong></span> <span class='ocrx_word' id='word_1_148' title='bbox 529 1403 615 1468; x_wconf 78' lang='lat' dir='ltr'><strong>iacit]</strong></span> <span class='ocrx_word' id='word_1_149' title='bbox 632 1430 666 1440; x_wconf 88' lang='lat'>—</span> <span class='ocrx_word' id='word_1_150' title='bbox 699 1409 760 1461; x_wconf 74' lang='grc'><strong>764.</strong></span> <span class='ocrx_word' id='word_1_151' title='bbox 785 1404 857 1456; x_wconf 85' lang='lat' dir='ltr'><strong>Iuno</strong></span> <span class='ocrx_word' id='word_1_152' title='bbox 883 1408 955 1456; x_wconf 86' lang='lat' dir='ltr'><strong>vires</strong></span> <span class='ocrx_word' id='word_1_153' title='bbox 980 1407 1045 1455; x_wconf 85' lang='lat' dir='ltr'><strong>ani-</strong></span> 
     </span>
    </p>
   </div>
   <div class='ocr_carea' id='block_1_3' title="bbox 67 1472 1140 1547">
    <p class='ocr_par' dir='ltr' id='par_1_3' title="bbox 67 1472 1140 1547">
     <span class='ocr_line' id='line_1_17' title="bbox 67 1472 1140 1547; baseline 0 -23"><span class='ocrx_word' id='word_1_154' title='bbox 67 1492 157 1541; x_wconf 79' lang='lat' dir='ltr'><strong>smque</strong></span> <span class='ocrx_word' id='word_1_155' title='bbox 176 1478 333 1545; x_wconf 79' lang='lat' dir='ltr'><strong>ministrat,·</strong></span> <span class='ocrx_word' id='word_1_156' title='bbox 356 1475 545 1547; x_wconf 77' lang='lat' dir='ltr'><strong>[oeconomis,</strong></span> <span class='ocrx_word' id='word_1_157' title='bbox 562 1481 592 1523; x_wconf 90' lang='lat' dir='ltr'><strong>ut</strong></span> <span class='ocrx_word' id='word_1_158' title='bbox 608 1472 681 1539; x_wconf 88' lang='lat' dir='ltr'><strong>quod</strong></span> <span class='ocrx_word' id='word_1_159' title='bbox 698 1473 765 1522; x_wconf 88' lang='lat' dir='ltr'><strong>dicit</strong></span> <span class='ocrx_word' id='word_1_160' title='bbox 780 1474 864 1542; x_wconf 81' lang='lat' dir='ltr'><strong>possit</strong></span> <span class='ocrx_word' id='word_1_161' title='bbox 882 1490 937 1524; x_wconf 88' lang='lat' dir='ltr'><strong>esse</strong></span> <span class='ocrx_word' id='word_1_162' title='bbox 954 1474 1046 1525; x_wconf 85' lang='lat' dir='ltr'><strong>verisi-</strong></span> <span class='ocrx_word' id='word_1_163' title='bbox 1129 1490 1140 1513; x_wconf 81' lang='lat'><strong>-·</strong></span> 
     </span>
    </p>
   </div>
   <div class='ocr_carea' id='block_1_4' title="bbox 67 1539 1107 3174">
    <p class='ocr_par' dir='ltr' id='par_1_4' title="bbox 67 1539 1107 3174">
     <span class='ocr_line' id='line_1_18' title="bbox 67 1539 1046 1609; baseline -0.002 -15"><span class='ocrx_word' id='word_1_164' title='bbox 67 1542 128 1608; x_wconf 88' lang='lat' dir='ltr'><strong>le,]</strong></span> <span class='ocrx_word' id='word_1_165' title='bbox 143 1560 178 1595; x_wconf 87' lang='lat' dir='ltr'><strong>ne</strong></span> <span class='ocrx_word' id='word_1_166' title='bbox 194 1543 441 1609; x_wconf 72' lang='lat' dir='ltr'><strong>sitincongruum,</strong></span> <span class='ocrx_word' id='word_1_167' title='bbox 458 1558 544 1593; x_wconf 91' lang='lat' dir='ltr'><strong>unum</strong></span> <span class='ocrx_word' id='word_1_168' title='bbox 561 1548 602 1590; x_wconf 85' lang='lat' dir='ltr'><strong>tot</strong></span> <span class='ocrx_word' id='word_1_169' title='bbox 618 1539 761 1604; x_wconf 83' lang='lat' dir='ltr'><strong>occidisse,</strong></span> <span class='ocrx_word' id='word_1_170' title='bbox 784 1540 832 1592; x_wconf 86' lang='lat' dir='ltr'><strong>det</strong></span> <span class='ocrx_word' id='word_1_171' title='bbox 847 1541 956 1592; x_wconf 88' lang='lat' dir='ltr'><strong>Iunonis</strong></span> <span class='ocrx_word' id='word_1_172' title='bbox 972 1540 1046 1592; x_wconf 79' lang='lat' dir='ltr'><strong>suxi·</strong></span> 
     </span>
     <span class='ocr_line' id='line_1_19' title="bbox 67 1604 1046 1675; baseline 0 -15"><span class='ocrx_word' id='word_1_173' title='bbox 67 1628 102 1661; x_wconf 85' lang='lat' dir='ltr'><strong>rn.</strong></span> <span class='ocrx_word' id='word_1_174' title='bbox 138 1610 264 1675; x_wconf 82' lang='lat' dir='ltr'><strong>Horatius</strong></span> <span class='ocrx_word' id='word_1_175' title='bbox 286 1610 316 1662; x_wconf 88' lang='lat' dir='ltr'><strong>in</strong></span> <span class='ocrx_word' id='word_1_176' title='bbox 332 1614 394 1663; x_wconf 82' lang='lat' dir='ltr'><strong>Arte</strong></span> <span class='ocrx_word' id='word_1_177' title='bbox 419 1611 526 1663; x_wconf 70' lang='lat' dir='ltr'><strong>Politice</strong></span> <span class='ocrx_word' id='word_1_178' title='bbox 550 1607 642 1674; x_wconf 78' lang='grc'>(1.91.);</span> <span class='ocrx_word' id='word_1_179' title='bbox 666 1604 723 1656; x_wconf 82' lang='lat' dir='ltr'><strong>Nec</strong></span> <span class='ocrx_word' id='word_1_180' title='bbox 747 1608 814 1658; x_wconf 80' lang='lat' dir='ltr'><strong>deus</strong></span> <span class='ocrx_word' id='word_1_181' title='bbox 839 1611 962 1675; x_wconf 79' lang='lat' dir='ltr'><strong>intersit,</strong></span> <span class='ocrx_word' id='word_1_182' title='bbox 987 1612 1046 1660; x_wconf 83' lang='lat' dir='ltr'><strong>nisi</strong></span> 
     </span>
     <span class='ocr_line' id='line_1_20' title="bbox 67 1676 1045 1744; baseline 0.001 -16"><span class='ocrx_word' id='word_1_183' title='bbox 67 1696 135 1744; x_wconf 68' lang='lat' dir='ltr'><strong>,snus</strong></span> <span class='ocrx_word' id='word_1_184' title='bbox 157 1680 268 1729; x_wconf 83' lang='lat' dir='ltr'><strong>vindice</strong></span> <span class='ocrx_word' id='word_1_185' title='bbox 291 1679 382 1729; x_wconf 83' lang='lat' dir='ltr'><strong>nodus</strong></span> <span class='ocrx_word' id='word_1_186' title='bbox 406 1679 548 1729; x_wconf 83' lang='lat' dir='ltr'><strong>Incideris.</strong></span> <span class='ocrx_word' id='word_1_187' title='bbox 572 1702 603 1712; x_wconf 92' lang='lat'><em>-</em></span> <span class='ocrx_word' id='word_1_188' title='bbox 644 1680 705 1732; x_wconf 76' lang='lat'><strong>766.</strong></span> <span class='ocrx_word' id='word_1_189' title='bbox 728 1676 899 1743; x_wconf 78' lang='lat' dir='ltr'><strong>Martemque</strong></span> <span class='ocrx_word' id='word_1_190' title='bbox 924 1681 1045 1743; x_wconf 70' lang='lat' dir='ltr'><strong>cientes,</strong></span> 
     </span>
     <span class='ocr_line' id='line_1_21' title="bbox 67 1742 1044 1815; baseline -0.001 -18"><span class='ocrx_word' id='word_1_191' title='bbox 67 1742 152 1815; x_wconf 76' lang='lat' dir='ltr'><strong>gnesin</strong></span> <span class='ocrx_word' id='word_1_192' title='bbox 173 1747 370 1814; x_wconf 53' lang='lat' dir='ltr'><strong>autumes„—</strong></span> <span class='ocrx_word' id='word_1_193' title='bbox 409 1753 469 1804; x_wconf 82' lang='grc'><strong>767.</strong></span> <span class='ocrx_word' id='word_1_194' title='bbox 492 1745 712 1809; x_wconf 77' lang='lat' dir='ltr'><strong>Alcandrumque</strong></span> <span class='ocrx_word' id='word_1_195' title='bbox 734 1751 799 1805; x_wconf 72' lang='lat' dir='ltr'><strong>etc,;</strong></span> <span class='ocrx_word' id='word_1_196' title='bbox 821 1745 935 1797; x_wconf 88' lang='lat' dir='ltr'><strong>Homeri</strong></span> <span class='ocrx_word' id='word_1_197' title='bbox 959 1746 1004 1810; x_wconf 87' lang='lat'>(11.</span> <span class='ocrx_word' id='word_1_198' title='bbox 1021 1765 1044 1808; x_wconf 84' lang='lat' dir='ltr'><strong>s,</strong></span> 
     </span>
     <span class='ocr_line' id='line_1_22' title="bbox 67 1804 1045 1883; baseline 0.006 -23"><span class='ocrx_word' id='word_1_199' title='bbox 67 1815 100 1873; x_wconf 64' lang='grc' dir='ltr'><strong>ζ.)</strong></span> <span class='ocrx_word' id='word_1_200' title='bbox 118 1830 223 1877; x_wconf 81' lang='lat' dir='ltr'><strong>versus,</strong></span> <span class='ocrx_word' id='word_1_201' title='bbox 238 1822 346 1866; x_wconf 84' lang='lat' dir='ltr'><strong>tentum</strong></span> <span class='ocrx_word' id='word_1_202' title='bbox 359 1808 553 1866; x_wconf 78' lang='lat' dir='ltr'><strong>coniunctione</strong></span> <span class='ocrx_word' id='word_1_203' title='bbox 570 1819 689 1863; x_wconf 78' lang='lat' dir='ltr'><strong>mutatu:</strong></span> <span class='ocrx_word' id='word_1_204' title='bbox 704 1804 895 1883; x_wconf 61' lang='lat' dir='ltr'><strong>[’&#39;Alsnudpor⁴</strong></span> <span class='ocrx_word' id='word_1_205' title='bbox 904 1809 936 1866; x_wconf 77' lang='grc' dir='ltr'><strong>θ’</strong></span> <span class='ocrx_word' id='word_1_206' title='bbox 946 1807 1045 1868; x_wconf 74' lang='lat' dir='ltr'><strong>‘&#39;Aiso&#39;v</strong></span> 
     </span>
     <span class='ocr_line' id='line_1_23' title="bbox 69 1878 1046 1952; baseline 0 -16"><span class='ocrx_word' id='word_1_207' title='bbox 69 1878 203 1950; x_wconf 75' lang='grc' dir='ltr'><em>Νοήμονά</em></span> <span class='ocrx_word' id='word_1_208' title='bbox 216 1900 248 1934; x_wconf 82' lang='lat' dir='ltr'><strong>ss</strong></span> <span class='ocrx_word' id='word_1_209' title='bbox 261 1879 399 1952; x_wconf 70' lang='grc' dir='ltr'><strong><em>Πρύτανίν</em></strong></span> <span class='ocrx_word' id='word_1_210' title='bbox 411 1900 449 1934; x_wconf 78' lang='grc' dir='ltr'><strong>τε.</strong></span> <span class='ocrx_word' id='word_1_211' title='bbox 485 1883 561 1933; x_wconf 83' lang='lat' dir='ltr'><strong>Unde</strong></span> <span class='ocrx_word' id='word_1_212' title='bbox 577 1888 701 1950; x_wconf 81' lang='lat' dir='ltr'><strong>apparet,</strong></span> <span class='ocrx_word' id='word_1_213' title='bbox 716 1896 771 1932; x_wconf 89' lang='lat' dir='ltr'><strong>non</strong></span> <span class='ocrx_word' id='word_1_214' title='bbox 784 1882 818 1933; x_wconf 81' lang='lat' dir='ltr'><strong>ud</strong></span> <span class='ocrx_word' id='word_1_215' title='bbox 831 1883 981 1947; x_wconf 82' lang='lat' dir='ltr'><strong>historiam,</strong></span> <span class='ocrx_word' id='word_1_216' title='bbox 997 1884 1046 1936; x_wconf 89' lang='lat' dir='ltr'><strong>sed</strong></span> 
     </span>
     <span class='ocr_line' id='line_1_24' title="bbox 80 1949 1044 2020; baseline 0.002 -20"><span class='ocrx_word' id='word_1_217' title='bbox 80 1959 207 2017; x_wconf 80' lang='lat' dir='ltr'><strong>orneturn</strong></span> <span class='ocrx_word' id='word_1_218' title='bbox 231 1954 362 2020; x_wconf 80' lang='lat' dir='ltr'><strong>poe&#39;metis</strong></span> <span class='ocrx_word' id='word_1_219' title='bbox 385 1953 453 2002; x_wconf 85' lang='lat' dir='ltr'><strong>haec</strong></span> <span class='ocrx_word' id='word_1_220' title='bbox 476 1950 588 2001; x_wconf 83' lang='lat' dir='ltr'><strong>nomine</strong></span> <span class='ocrx_word' id='word_1_221' title='bbox 610 1949 757 2015; x_wconf 82' lang='lat' dir='ltr'><strong>pertinere.</strong></span> <span class='ocrx_word' id='word_1_222' title='bbox 773 1977 807 1987; x_wconf 88' lang='lat'><em>-</em></span> <span class='ocrx_word' id='word_1_223' title='bbox 834 1956 901 2006; x_wconf 79' lang='grc'><strong>768.</strong></span> <span class='ocrx_word' id='word_1_224' title='bbox 920 1951 1044 2002; x_wconf 81' lang='lat' dir='ltr'><strong>Tenden-</strong></span> 
     </span>
     <span class='ocr_line' id='line_1_25' title="bbox 67 2016 1045 2088; baseline 0.003 -20"><span class='ocrx_word' id='word_1_225' title='bbox 67 2035 82 2075; x_wconf 71' lang='lat' dir='ltr'><strong>s</strong></span> <span class='ocrx_word' id='word_1_226' title='bbox 99 2016 212 2086; x_wconf 50' lang='lat' dir='ltr'><strong>contra,</strong></span> <span class='ocrx_word' id='word_1_227' title='bbox 229 2023 258 2072; x_wconf 88' lang='lat' dir='ltr'><strong>in</strong></span> <span class='ocrx_word' id='word_1_228' title='bbox 274 2037 303 2072; x_wconf 89' lang='lat' dir='ltr'><strong>se</strong></span> <span class='ocrx_word' id='word_1_229' title='bbox 319 2019 466 2072; x_wconf 81' lang='lat' dir='ltr'><strong>facientem</strong></span> <span class='ocrx_word' id='word_1_230' title='bbox 483 2018 626 2085; x_wconf 89' lang='lat' dir='ltr'><strong>impeturn.</strong></span> <span class='ocrx_word' id='word_1_231' title='bbox 638 2043 672 2052; x_wconf 89' lang='lat'><em>-</em></span> <span class='ocrx_word' id='word_1_232' title='bbox 706 2023 765 2072; x_wconf 83' lang='lat'>771.</span> <span class='ocrx_word' id='word_1_233' title='bbox 785 2017 855 2068; x_wconf 85' lang='lat' dir='ltr'><strong>Cum</strong></span> <span class='ocrx_word' id='word_1_234' title='bbox 867 2019 948 2086; x_wconf 80' lang='lat' dir='ltr'><strong>galea</strong></span> <span class='ocrx_word' id='word_1_235' title='bbox 962 2020 1045 2088; x_wconf 79' lang='lat' dir='ltr'><strong>longe</strong></span> 
     </span>
     <span class='ocr_line' id='line_1_26' title="bbox 67 2084 1047 2157; baseline 0.004 -22"><span class='ocrx_word' id='word_1_236' title='bbox 67 2090 119 2137; x_wconf 74' lang='lat' dir='ltr'><strong>ruit</strong></span> <span class='ocrx_word' id='word_1_237' title='bbox 145 2088 302 2154; x_wconf 42' lang='lat' dir='ltr'><strong>capusum</strong></span> <span class='ocrx_word' id='word_1_238' title='bbox 325 2087 531 2157; x_wconf 75' lang='lat' dir='ltr'><strong>exprimendam</strong></span> <span class='ocrx_word' id='word_1_239' title='bbox 555 2084 724 2136; x_wconf 80' lang='lat' dir='ltr'><strong>celeritatem</strong></span> <span class='ocrx_word' id='word_1_240' title='bbox 747 2087 895 2151; x_wconf 77' lang='lat' dir='ltr'><strong>praeterito</strong></span> <span class='ocrx_word' id='word_1_241' title='bbox 920 2103 982 2138; x_wconf 88' lang='lat' dir='ltr'><strong>usus</strong></span> <span class='ocrx_word' id='word_1_242' title='bbox 1005 2096 1047 2141; x_wconf 87' lang='lat' dir='ltr'><strong>est</strong></span> 
     </span>
     <span class='ocr_line' id='line_1_27' title="bbox 67 2146 1046 2223; baseline 0.004 -18"><span class='ocrx_word' id='word_1_243' title='bbox 67 2170 162 2222; x_wconf 86' lang='lat' dir='ltr'><strong>npore.</strong></span> <span class='ocrx_word' id='word_1_244' title='bbox 194 2146 313 2208; x_wconf 82' lang='lat' dir='ltr'><strong>Potuisse</strong></span> <span class='ocrx_word' id='word_1_245' title='bbox 330 2163 423 2207; x_wconf 84' lang='lat' dir='ltr'><strong>eutem</strong></span> <span class='ocrx_word' id='word_1_246' title='bbox 441 2163 523 2223; x_wconf 81' lang='lat' dir='ltr'><strong>ceput</strong></span> <span class='ocrx_word' id='word_1_247' title='bbox 538 2169 602 2204; x_wconf 92' lang='lat' dir='ltr'><strong>cum</strong></span> <span class='ocrx_word' id='word_1_248' title='bbox 620 2153 698 2219; x_wconf 75' lang='lat' dir='ltr'><strong>gelen</strong></span> <span class='ocrx_word' id='word_1_249' title='bbox 714 2152 795 2220; x_wconf 86' lang='lat' dir='ltr'><strong>longe</strong></span> <span class='ocrx_word' id='word_1_250' title='bbox 812 2153 879 2219; x_wconf 83' lang='lat' dir='ltr'><strong>ieci,</strong></span> <span class='ocrx_word' id='word_1_251' title='bbox 895 2157 1046 2222; x_wconf 76' lang='lat' dir='ltr'><strong>praemissu</strong></span> 
     </span>
     <span class='ocr_line' id='line_1_28' title="bbox 68 2221 1045 2291; baseline 0.001 -18"><span class='ocrx_word' id='word_1_252' title='bbox 68 2223 209 2274; x_wconf 79' lang='lat' dir='ltr'><strong>ieltitudo</strong></span> <span class='ocrx_word' id='word_1_253' title='bbox 225 2223 365 2291; x_wconf 82' lang='lat' dir='ltr'><strong>significet</strong></span> <span class='ocrx_word' id='word_1_254' title='bbox 398 2225 473 2290; x_wconf 82' lang='lat' dir='ltr'><strong>Ergo</strong></span> <span class='ocrx_word' id='word_1_255' title='bbox 497 2238 562 2275; x_wconf 83' lang='lat' dir='ltr'><strong>eum</strong></span> <span class='ocrx_word' id='word_1_256' title='bbox 585 2221 706 2270; x_wconf 87' lang='lat' dir='ltr'><strong>corninus</strong></span> <span class='ocrx_word' id='word_1_257' title='bbox 729 2237 887 2289; x_wconf 87' lang='lat' dir='ltr'><strong>percussum</strong></span> <span class='ocrx_word' id='word_1_258' title='bbox 910 2224 1045 2291; x_wconf 81' lang='lat' dir='ltr'><strong>intelliga-</strong></span> 
     </span>
     <span class='ocr_line' id='line_1_29' title="bbox 67 2288 1088 2358; baseline 0.002 -16"><span class='ocrx_word' id='word_1_259' title='bbox 67 2308 103 2356; x_wconf 83' lang='lat' dir='ltr'><strong>ss,</strong></span> <span class='ocrx_word' id='word_1_260' title='bbox 125 2289 173 2343; x_wconf 87' lang='lat' dir='ltr'><strong>sed</strong></span> <span class='ocrx_word' id='word_1_261' title='bbox 189 2299 296 2343; x_wconf 79' lang='lat' dir='ltr'><strong>tentem</strong></span> <span class='ocrx_word' id='word_1_262' title='bbox 310 2292 366 2343; x_wconf 86' lang='lat' dir='ltr'><strong>vim</strong></span> <span class='ocrx_word' id='word_1_263' title='bbox 382 2292 452 2343; x_wconf 88' lang='lat' dir='ltr'><strong>ictus</strong></span> <span class='ocrx_word' id='word_1_264' title='bbox 467 2291 565 2353; x_wconf 82' lang='lat' dir='ltr'><strong>fuisse,</strong></span> <span class='ocrx_word' id='word_1_265' title='bbox 589 2296 619 2339; x_wconf 91' lang='lat' dir='ltr'><strong>ut</strong></span> <span class='ocrx_word' id='word_1_266' title='bbox 640 2288 721 2356; x_wconf 85' lang='lat' dir='ltr'><strong>longe</strong></span> <span class='ocrx_word' id='word_1_267' title='bbox 744 2298 826 2358; x_wconf 86' lang='lat' dir='ltr'><strong>caput</strong></span> <span class='ocrx_word' id='word_1_268' title='bbox 849 2299 992 2344; x_wconf 81' lang='lat' dir='ltr'><strong>excuteret.</strong></span> <span class='ocrx_word' id='word_1_269' title='bbox 1009 2320 1044 2336; x_wconf 63' lang='grc' dir='ltr'><strong>-ν</strong></span> <span class='ocrx_word' id='word_1_270' title='bbox 1083 2338 1088 2349; x_wconf 82' lang='grc'><strong>,</strong></span> 
     </span>
     <span class='ocr_line' id='line_1_30' title="bbox 67 2357 1047 2428; baseline 0.006 -22"><span class='ocrx_word' id='word_1_271' title='bbox 67 2369 86 2416; x_wconf 72' lang='lat' dir='ltr'><strong>z.</strong></span> <span class='ocrx_word' id='word_1_272' title='bbox 104 2358 238 2423; x_wconf 75' lang='lat' dir='ltr'><strong>Felicior5</strong></span> <span class='ocrx_word' id='word_1_273' title='bbox 261 2358 492 2428; x_wconf 84' lang='lat' dir='ltr'><strong>peritior.(Codd.</strong></span> <span class='ocrx_word' id='word_1_274' title='bbox 509 2357 647 2420; x_wconf 76' lang='lat' dir='ltr'><strong>Felicior,</strong></span> <span class='ocrx_word' id='word_1_275' title='bbox 670 2359 806 2424; x_wconf 82' lang='lat' dir='ltr'><strong>peritius).</strong></span> <span class='ocrx_word' id='word_1_276' title='bbox 847 2358 921 2410; x_wconf 87' lang='lat' dir='ltr'><strong>Nem</strong></span> <span class='ocrx_word' id='word_1_277' title='bbox 943 2361 972 2412; x_wconf 92' lang='lat' dir='ltr'><strong>in</strong></span> <span class='ocrx_word' id='word_1_278' title='bbox 996 2376 1047 2412; x_wconf 89' lang='lat' dir='ltr'><strong>un·</strong></span> 
     </span>
     <span class='ocr_line' id='line_1_31' title="bbox 67 2420 1045 2496; baseline 0.002 -18"><span class='ocrx_word' id='word_1_279' title='bbox 67 2426 121 2478; x_wconf 84' lang='lat' dir='ltr'><strong>ndis</strong></span> <span class='ocrx_word' id='word_1_280' title='bbox 136 2426 196 2477; x_wconf 89' lang='lat' dir='ltr'><strong>telis</strong></span> <span class='ocrx_word' id='word_1_281' title='bbox 213 2443 270 2479; x_wconf 87' lang='lat' dir='ltr'><strong>non</strong></span> <span class='ocrx_word' id='word_1_282' title='bbox 287 2436 327 2479; x_wconf 87' lang='lat' dir='ltr'><strong>est</strong></span> <span class='ocrx_word' id='word_1_283' title='bbox 348 2428 476 2494; x_wconf 77' lang='lat' dir='ltr'><strong>felicitas,</strong></span> <span class='ocrx_word' id='word_1_284' title='bbox 498 2427 545 2479; x_wconf 88' lang='lat' dir='ltr'><strong>sed</strong></span> <span class='ocrx_word' id='word_1_285' title='bbox 568 2420 676 2496; x_wconf 82' lang='lat' dir='ltr'><strong>pe&#39;ritia.</strong></span> <span class='ocrx_word' id='word_1_286' title='bbox 711 2424 781 2478; x_wconf 80' lang='lat' dir='ltr'><strong>Sene</strong></span> <span class='ocrx_word' id='word_1_287' title='bbox 805 2443 857 2477; x_wconf 86' lang='lat' dir='ltr'><strong>nec</strong></span> <span class='ocrx_word' id='word_1_288' title='bbox 881 2445 972 2496; x_wconf 82' lang='lat' dir='ltr'><strong>ungo,</strong></span> <span class='ocrx_word' id='word_1_289' title='bbox 992 2447 1045 2480; x_wconf 89' lang='lat' dir='ltr'><strong>nec</strong></span> 
     </span>
     <span class='ocr_line' id='line_1_32' title="bbox 67 2495 1046 2566; baseline 0.004 -23"><span class='ocrx_word' id='word_1_290' title='bbox 67 2506 179 2562; x_wconf 81' lang='lat' dir='ltr'><strong>gentum</strong></span> <span class='ocrx_word' id='word_1_291' title='bbox 199 2512 218 2544; x_wconf 86' lang='lat' dir='ltr'><strong>u</strong></span> <span class='ocrx_word' id='word_1_292' title='bbox 234 2497 343 2562; x_wconf 87' lang='lat' dir='ltr'><strong>recipit,</strong></span> <span class='ocrx_word' id='word_1_293' title='bbox 360 2503 470 2566; x_wconf 87' lang='lat' dir='ltr'><strong>excepto</strong></span> <span class='ocrx_word' id='word_1_294' title='bbox 487 2511 541 2546; x_wconf 91' lang='lat' dir='ltr'><strong>uno</strong></span> <span class='ocrx_word' id='word_1_295' title='bbox 559 2495 684 2560; x_wconf 88' lang='lat' dir='ltr'><strong>nomine,</strong></span> <span class='ocrx_word' id='word_1_296' title='bbox 707 2503 736 2544; x_wconf 88' lang='lat' dir='ltr'><strong>ut</strong></span> <span class='ocrx_word' id='word_1_297' title='bbox 753 2511 874 2562; x_wconf 75' lang='lat' dir='ltr'><strong>unguen.</strong></span> <span class='ocrx_word' id='word_1_298' title='bbox 911 2498 987 2548; x_wconf 78' lang='lat' dir='ltr'><strong>bnde</strong></span> <span class='ocrx_word' id='word_1_299' title='bbox 1005 2505 1046 2548; x_wconf 79' lang='lat' dir='ltr'><strong>est</strong></span> 
     </span>
     <span class='ocr_line' id='line_1_33' title="bbox 67 2562 1045 2632; baseline 0.001 -18"><span class='ocrx_word' id='word_1_300' title='bbox 67 2600 72 2614; x_wconf 93' lang='lat'><em>.</em></span> <span class='ocrx_word' id='word_1_301' title='bbox 89 2569 121 2628; x_wconf 86' lang='lat'><strong>3,</strong></span> <span class='ocrx_word' id='word_1_302' title='bbox 136 2563 221 2623; x_wconf 57' lang='lat'>450³:</span> <span class='ocrx_word' id='word_1_303' title='bbox 244 2562 278 2613; x_wconf 79' lang='lat' dir='ltr'><strong>Et</strong></span> <span class='ocrx_word' id='word_1_304' title='bbox 294 2566 414 2632; x_wconf 79' lang='lat' dir='ltr'><strong>pingues</strong></span> <span class='ocrx_word' id='word_1_305' title='bbox 433 2567 558 2631; x_wconf 84' lang='lat' dir='ltr'><strong>unguine</strong></span> <span class='ocrx_word' id='word_1_306' title='bbox 576 2574 661 2612; x_wconf 79' lang='lat' dir='ltr'><strong>ceros.</strong></span> <span class='ocrx_word' id='word_1_307' title='bbox 694 2563 754 2628; x_wconf 86' lang='lat' dir='ltr'><strong>[Est</strong></span> <span class='ocrx_word' id='word_1_308' title='bbox 774 2571 866 2614; x_wconf 80' lang='lat' dir='ltr'><strong>eutem</strong></span> <span class='ocrx_word' id='word_1_309' title='bbox 889 2565 960 2625; x_wconf 82' lang='lat' dir='ltr'><strong>mire</strong></span> <span class='ocrx_word' id='word_1_310' title='bbox 983 2566 1045 2618; x_wconf 87' lang='lat' dir='ltr'><strong>bre-</strong></span> 
     </span>
     <span class='ocr_line' id='line_1_34' title="bbox 67 2629 1044 2702; baseline 0.001 -20"><span class='ocrx_word' id='word_1_311' title='bbox 67 2638 109 2682; x_wconf 76' lang='lat' dir='ltr'><strong>ite</strong></span> <span class='ocrx_word' id='word_1_312' title='bbox 129 2629 240 2682; x_wconf 83' lang='lat' dir='ltr'><strong>inducte</strong></span> <span class='ocrx_word' id='word_1_313' title='bbox 262 2631 426 2702; x_wconf 75' lang='lat' dir='ltr'><strong>descriptio]</strong></span> <span class='ocrx_word' id='word_1_314' title='bbox 442 2658 476 2670; x_wconf 90' lang='lat'><em>-</em></span> <span class='ocrx_word' id='word_1_315' title='bbox 510 2640 570 2688; x_wconf 79' lang='grc'><strong>773.</strong></span> <span class='ocrx_word' id='word_1_316' title='bbox 587 2630 755 2695; x_wconf 78' lang='lat' dir='ltr'><strong>Ferrumque</strong></span> <span class='ocrx_word' id='word_1_317' title='bbox 777 2647 898 2696; x_wconf 67' lang='grc' dir='ltr'><strong>υιηιηος</strong></span> <span class='ocrx_word' id='word_1_318' title='bbox 924 2632 1044 2702; x_wconf 77' lang='lat' dir='ltr'><strong>speciose</strong></span> 
     </span>
     <span class='ocr_line' id='line_1_35' title="bbox 67 2698 1107 2767; baseline 0.005 -24"><span class='ocrx_word' id='word_1_319' title='bbox 67 2706 130 2750; x_wconf 85' lang='lat' dir='ltr'><strong>tum</strong></span> <span class='ocrx_word' id='word_1_320' title='bbox 147 2700 274 2749; x_wconf 83' lang='lat' dir='ltr'><strong>armabat</strong></span> <span class='ocrx_word' id='word_1_321' title='bbox 285 2699 412 2767; x_wconf 85' lang='lat' dir='ltr'><strong>ferrum,</strong></span> <span class='ocrx_word' id='word_1_322' title='bbox 436 2715 489 2767; x_wconf 78' lang='lat' dir='ltr'><strong>quo</strong></span> <span class='ocrx_word' id='word_1_323' title='bbox 506 2714 556 2750; x_wconf 88' lang='lat' dir='ltr'><strong>nos</strong></span> <span class='ocrx_word' id='word_1_324' title='bbox 573 2715 683 2749; x_wconf 82' lang='lat' dir='ltr'><strong>ermare</strong></span> <span class='ocrx_word' id='word_1_325' title='bbox 707 2698 832 2762; x_wconf 83' lang='lat' dir='ltr'><strong>(ermari)</strong></span> <span class='ocrx_word' id='word_1_326' title='bbox 850 2702 1049 2753; x_wconf 66' lang='lat' dir='ltr'><strong>consuevimus·</strong></span> <span class='ocrx_word' id='word_1_327' title='bbox 1086 2729 1107 2759; x_wconf 48' lang='lat' dir='ltr'><strong>,i</strong></span> 
     </span>
     <span class='ocr_line' id='line_1_36' title="bbox 67 2765 1044 2835; baseline 0.002 -19"><span class='ocrx_word' id='word_1_328' title='bbox 67 2775 73 2816; x_wconf 85' lang='lat' dir='ltr'><strong>t</strong></span> <span class='ocrx_word' id='word_1_329' title='bbox 90 2780 121 2816; x_wconf 85' lang='lat' dir='ltr'><strong>er</strong></span> <span class='ocrx_word' id='word_1_330' title='bbox 137 2775 269 2818; x_wconf 76' lang='lat' dir='ltr'><strong>venenato</strong></span> <span class='ocrx_word' id='word_1_331' title='bbox 293 2769 366 2818; x_wconf 88' lang='lat' dir='ltr'><strong>ferro</strong></span> <span class='ocrx_word' id='word_1_332' title='bbox 383 2767 570 2820; x_wconf 81' lang='lat' dir='ltr'><strong>vehementius</strong></span> <span class='ocrx_word' id='word_1_333' title='bbox 585 2773 613 2818; x_wconf 89' lang='lat' dir='ltr'><strong>et</strong></span> <span class='ocrx_word' id='word_1_334' title='bbox 631 2765 812 2835; x_wconf 77' lang='lat' dir='ltr'><strong>perniciosius</strong></span> <span class='ocrx_word' id='word_1_335' title='bbox 829 2767 923 2825; x_wconf 86' lang='lat' dir='ltr'><strong>vulnus</strong></span> <span class='ocrx_word' id='word_1_336' title='bbox 940 2766 993 2833; x_wconf 85' lang='lat' dir='ltr'><strong>sit]</strong></span> <span class='ocrx_word' id='word_1_337' title='bbox 1010 2795 1044 2808; x_wconf 90' lang='lat'><strong>—-</strong></span> 
     </span>
     <span class='ocr_line' id='line_1_37' title="bbox 67 2833 1044 2904; baseline 0.007 -22"><span class='ocrx_word' id='word_1_338' title='bbox 67 2839 86 2890; x_wconf 78' lang='lat' dir='ltr'><strong>t.</strong></span> <span class='ocrx_word' id='word_1_339' title='bbox 106 2835 233 2885; x_wconf 82' lang='lat' dir='ltr'><strong>Amicum</strong></span> <span class='ocrx_word' id='word_1_340' title='bbox 249 2834 343 2884; x_wconf 78' lang='lat' dir='ltr'><strong>Creten</strong></span> <span class='ocrx_word' id='word_1_341' title='bbox 355 2835 450 2886; x_wconf 85' lang='lat' dir='ltr'><strong>Musis</strong></span> <span class='ocrx_word' id='word_1_342' title='bbox 456 2860 465 2900; x_wconf 92' lang='lat'><strong>,·</strong></span> <span class='ocrx_word' id='word_1_343' title='bbox 483 2839 593 2904; x_wconf 66' lang='lat' dir='ltr'><strong>poetam</strong></span> <span class='ocrx_word' id='word_1_344' title='bbox 609 2833 731 2900; x_wconf 83' lang='lat' dir='ltr'><strong>lyricum.</strong></span> <span class='ocrx_word' id='word_1_345' title='bbox 766 2834 802 2884; x_wconf 86' lang='lat' dir='ltr'><strong>Et</strong></span> <span class='ocrx_word' id='word_1_346' title='bbox 815 2834 867 2885; x_wconf 78' lang='lat' dir='ltr'><strong>tale</strong></span> <span class='ocrx_word' id='word_1_347' title='bbox 881 2843 921 2885; x_wconf 87' lang='lat' dir='ltr'><strong>est</strong></span> <span class='ocrx_word' id='word_1_348' title='bbox 934 2836 1044 2889; x_wconf 80' lang='lat' dir='ltr'><strong>scheme</strong></span> 
     </span>
     <span class='ocr_line' id='line_1_38' title="bbox 67 2899 1044 2972; baseline 0.003 -19"><span class='ocrx_word' id='word_1_349' title='bbox 67 2919 75 2953; x_wconf 74' lang='lat' dir='ltr'><strong>r</strong></span> <span class='ocrx_word' id='word_1_350' title='bbox 91 2903 297 2968; x_wconf 83' lang='lat' dir='ltr'><strong>repetitionem,</strong></span> <span class='ocrx_word' id='word_1_351' title='bbox 321 2909 352 2953; x_wconf 87' lang='lat' dir='ltr'><strong>ut</strong></span> <span class='ocrx_word' id='word_1_352' title='bbox 368 2909 432 2967; x_wconf 85' lang='lat'><strong>(10,</strong></span> <span class='ocrx_word' id='word_1_353' title='bbox 450 2902 534 2963; x_wconf 77' lang='lat'><strong>180.):</strong></span> <span class='ocrx_word' id='word_1_354' title='bbox 558 2902 702 2968; x_wconf 83' lang='lat' dir='ltr'><strong>Sequitur,</strong></span> <span class='ocrx_word' id='word_1_355' title='bbox 725 2899 931 2954; x_wconf 83' lang='lat' dir='ltr'><strong>Pulcherrimus</strong></span> <span class='ocrx_word' id='word_1_356' title='bbox 949 2909 1044 2972; x_wconf 80' lang='lat' dir='ltr'><strong>Astur,</strong></span> 
     </span>
     <span class='ocr_line' id='line_1_39' title="bbox 67 2969 1044 3040; baseline 0.004 -21"><span class='ocrx_word' id='word_1_357' title='bbox 67 2981 109 3020; x_wconf 88' lang='lat' dir='ltr'><strong>tur</strong></span> <span class='ocrx_word' id='word_1_358' title='bbox 127 2988 208 3038; x_wconf 66' lang='lat' dir='ltr'><strong>equo·</strong></span> <span class='ocrx_word' id='word_1_359' title='bbox 248 2971 374 3022; x_wconf 73' lang='lat' dir='ltr'><strong>dens—</strong></span> <span class='ocrx_word' id='word_1_360' title='bbox 412 2969 474 3029; x_wconf 78' lang='lat'><strong>775.</strong></span> <span class='ocrx_word' id='word_1_361' title='bbox 497 2969 657 3040; x_wconf 84' lang='lat' dir='ltr'><strong>[Musarum</strong></span> <span class='ocrx_word' id='word_1_362' title='bbox 682 2975 822 3032; x_wconf 80' lang='lat' dir='ltr'><strong>comitsm3</strong></span> <span class='ocrx_word' id='word_1_363' title='bbox 845 2987 903 3023; x_wconf 89' lang='lat' dir='ltr'><strong>non</strong></span> <span class='ocrx_word' id='word_1_364' title='bbox 925 2989 956 3025; x_wconf 88' lang='lat' dir='ltr'><strong>re</strong></span> <span class='ocrx_word' id='word_1_365' title='bbox 980 2990 1044 3028; x_wconf 73' lang='lat' dir='ltr'><strong>vern</strong></span> 
     </span>
     <span class='ocr_line' id='line_1_40' title="bbox 67 3037 1041 3107; baseline 0 -19"><span class='ocrx_word' id='word_1_366' title='bbox 67 3041 164 3103; x_wconf 82' lang='lat' dir='ltr'><strong>uitem,</strong></span> <span class='ocrx_word' id='word_1_367' title='bbox 181 3055 209 3091; x_wconf 87' lang='lat' dir='ltr'><strong>se</strong></span> <span class='ocrx_word' id='word_1_368' title='bbox 243 3039 398 3095; x_wconf 82' lang='lat' dir='ltr'><strong>carminum</strong></span> <span class='ocrx_word' id='word_1_369' title='bbox 414 3037 582 3103; x_wconf 78' lang='lat' dir='ltr'><strong>studiosum]</strong></span> <span class='ocrx_word' id='word_1_370' title='bbox 599 3065 633 3075; x_wconf 91' lang='lat'><em>-</em></span> <span class='ocrx_word' id='word_1_371' title='bbox 665 3045 727 3096; x_wconf 80' lang='lat'><strong>776.</strong></span> <span class='ocrx_word' id='word_1_372' title='bbox 742 3037 934 3107; x_wconf 78' lang='lat' dir='ltr'><strong>Numerosque</strong></span> <span class='ocrx_word' id='word_1_373' title='bbox 952 3044 1041 3094; x_wconf 81' lang='lat' dir='ltr'><strong>insen.</strong></span> 
     </span>
     <span class='ocr_line' id='line_1_41' title="bbox 67 3106 1042 3174; baseline 0.006 -18"><span class='ocrx_word' id='word_1_374' title='bbox 67 3123 89 3156; x_wconf 71' lang='grc' dir='ltr'><strong><em>τ</em></strong></span> <span class='ocrx_word' id='word_1_375' title='bbox 112 3110 219 3170; x_wconf 66' lang='lat' dir='ltr'><strong>nervis,</strong></span> <span class='ocrx_word' id='word_1_376' title='bbox 249 3107 391 3174; x_wconf 80' lang='lat' dir='ltr'><strong>rhythmos</strong></span> <span class='ocrx_word' id='word_1_377' title='bbox 413 3109 505 3159; x_wconf 82' lang='lat' dir='ltr'><strong>fecere</strong></span> <span class='ocrx_word' id='word_1_378' title='bbox 527 3106 678 3159; x_wconf 88' lang='lat' dir='ltr'><strong>intentione</strong></span> <span class='ocrx_word' id='word_1_379' title='bbox 701 3107 864 3159; x_wconf 69' lang='lat' dir='ltr'><strong>nervorum.l</strong></span> <span class='ocrx_word' id='word_1_380' title='bbox 896 3108 969 3160; x_wconf 85' lang='lat' dir='ltr'><strong>Nem</strong></span> <span class='ocrx_word' id='word_1_381' title='bbox 992 3110 1042 3162; x_wconf 83' lang='lat' dir='ltr'><strong>iiu-</strong></span> 
     </span>
    </p>
   </div>
   <div class='ocr_carea' id='block_1_5' title="bbox 67 3174 1136 3241">
    <p class='ocr_par' dir='ltr' id='par_1_5' title="bbox 67 3174 1136 3241">
     <span class='ocr_line' id='line_1_42' title="bbox 67 3174 1136 3241; baseline 0.007 -18"><span class='ocrx_word' id='word_1_382' title='bbox 67 3174 96 3224; x_wconf 74' lang='lat' dir='ltr'><strong>ui</strong></span> <span class='ocrx_word' id='word_1_383' title='bbox 112 3175 335 3241; x_wconf 85' lang='lat' dir='ltr'><strong>suntRhythmi,</strong></span> <span class='ocrx_word' id='word_1_384' title='bbox 361 3183 391 3225; x_wconf 93' lang='lat' dir='ltr'><strong>ut</strong></span> <span class='ocrx_word' id='word_1_385' title='bbox 407 3176 447 3241; x_wconf 75' lang='lat' dir='ltr'><strong>(E.</strong></span> <span class='ocrx_word' id='word_1_386' title='bbox 466 3180 498 3239; x_wconf 79' lang='lat'><strong>9,</strong></span> <span class='ocrx_word' id='word_1_387' title='bbox 513 3177 581 3236; x_wconf 83' lang='lat'>45.):</span> <span class='ocrx_word' id='word_1_388' title='bbox 605 3174 743 3226; x_wconf 79' lang='lat' dir='ltr'><strong>Numeros</strong></span> <span class='ocrx_word' id='word_1_389' title='bbox 760 3177 889 3240; x_wconf 83' lang='lat' dir='ltr'><strong>memini,</strong></span> <span class='ocrx_word' id='word_1_390' title='bbox 915 3180 1041 3230; x_wconf 39' lang='lat' dir='ltr'><strong>sivoerba</strong></span> <span class='ocrx_word' id='word_1_391' title='bbox 1133 3174 1136 3179; x_wconf 68' lang='grc'><strong>’</strong></span> 
     </span>
    </p>
   </div>
   <div class='ocr_carea' id='block_1_6' title="bbox 67 3242 1042 4069">
    <p class='ocr_par' dir='ltr' id='par_1_6' title="bbox 67 3242 1042 4069">
     <span class='ocr_line' id='line_1_43' title="bbox 67 3242 1042 3314; baseline 0.009 -24"><span class='ocrx_word' id='word_1_392' title='bbox 67 3259 150 3292; x_wconf 77' lang='grc' dir='ltr'><strong>,ινιηι.</strong></span> <span class='ocrx_word' id='word_1_393' title='bbox 173 3244 247 3310; x_wconf 82' lang='lat' dir='ltr'><strong>Ergo</strong></span> <span class='ocrx_word' id='word_1_394' title='bbox 260 3243 403 3297; x_wconf 83' lang='lat' dir='ltr'><strong>hoodicit:</strong></span> <span class='ocrx_word' id='word_1_395' title='bbox 420 3243 573 3295; x_wconf 86' lang='lat' dir='ltr'><strong>Secundum</strong></span> <span class='ocrx_word' id='word_1_396' title='bbox 587 3242 701 3295; x_wconf 79' lang='lat' dir='ltr'><strong>chordas</strong></span> <span class='ocrx_word' id='word_1_397' title='bbox 714 3243 798 3296; x_wconf 82' lang='lat' dir='ltr'><strong>serbe</strong></span> <span class='ocrx_word' id='word_1_398' title='bbox 810 3247 1042 3314; x_wconf 84' lang='lat' dir='ltr'><strong>componebat.-</strong></span> 
     </span>
     <span class='ocr_line' id='line_1_44' title="bbox 67 3307 1041 3382; baseline 0.011 -24"><span class='ocrx_word' id='word_1_399' title='bbox 67 3316 85 3367; x_wconf 82' lang='lat'><strong>3.</strong></span> <span class='ocrx_word' id='word_1_400' title='bbox 103 3310 205 3360; x_wconf 81' lang='lat' dir='ltr'><strong>Audita</strong></span> <span class='ocrx_word' id='word_1_401' title='bbox 230 3310 310 3360; x_wconf 63' lang='lat' dir='ltr'><strong>one&amp;</strong></span> <span class='ocrx_word' id='word_1_402' title='bbox 336 3328 465 3373; x_wconf 81' lang='lat' dir='ltr'><strong>suorum3</strong></span> <span class='ocrx_word' id='word_1_403' title='bbox 488 3320 578 3365; x_wconf 79' lang='lat' dir='ltr'><strong>seruet</strong></span> <span class='ocrx_word' id='word_1_404' title='bbox 598 3307 631 3364; x_wconf 81' lang='lat' dir='ltr'><strong>sd</strong></span> <span class='ocrx_word' id='word_1_405' title='bbox 654 3315 771 3382; x_wconf 76' lang='grc' dir='ltr'><strong><em>πρέπον,</em></strong></span> <span class='ocrx_word' id='word_1_406' title='bbox 796 3330 831 3364; x_wconf 93' lang='lat' dir='ltr'><strong>ne</strong></span> <span class='ocrx_word' id='word_1_407' title='bbox 854 3317 1041 3380; x_wconf 80' lang='lat' dir='ltr'><strong>praesentibus</strong></span> 
     </span>
     <span class='ocr_line' id='line_1_45' title="bbox 67 3378 1041 3446; baseline 0.008 -17"><span class='ocrx_word' id='word_1_408' title='bbox 67 3378 137 3429; x_wconf 75' lang='lat' dir='ltr'><strong>ribus</strong></span> <span class='ocrx_word' id='word_1_409' title='bbox 153 3379 261 3429; x_wconf 89' lang='lat' dir='ltr'><strong>Turnus</strong></span> <span class='ocrx_word' id='word_1_410' title='bbox 278 3387 319 3431; x_wconf 88' lang='lat' dir='ltr'><strong>tot</strong></span> <span class='ocrx_word' id='word_1_411' title='bbox 333 3389 436 3444; x_wconf 65' lang='lat' dir='ltr'><strong>strages</strong></span> <span class='ocrx_word' id='word_1_412' title='bbox 451 3381 546 3433; x_wconf 81' lang='lat' dir='ltr'><strong>iecisse</strong></span> <span class='ocrx_word' id='word_1_413' title='bbox 568 3380 698 3432; x_wconf 74' lang='lat' dir='ltr'><strong>videntur.</strong></span> <span class='ocrx_word' id='word_1_414' title='bbox 714 3408 748 3419; x_wconf 83' lang='lat'><strong>·-</strong></span> <span class='ocrx_word' id='word_1_415' title='bbox 781 3388 842 3439; x_wconf 83' lang='lat'><strong>781.</strong></span> <span class='ocrx_word' id='word_1_416' title='bbox 861 3379 924 3446; x_wconf 86' lang='lat' dir='ltr'><strong>Quo</strong></span> <span class='ocrx_word' id='word_1_417' title='bbox 942 3385 1041 3437; x_wconf 72' lang='lat' dir='ltr'><strong>deinde</strong></span> 
     </span>
     <span class='ocr_line' id='line_1_46' title="bbox 67 3445 1042 3518; baseline 0.007 -23"><span class='ocrx_word' id='word_1_418' title='bbox 67 3445 144 3513; x_wconf 68' lang='lat' dir='ltr'><strong>gam?</strong></span> <span class='ocrx_word' id='word_1_419' title='bbox 170 3455 217 3497; x_wconf 87' lang='lat' dir='ltr'><strong>aut</strong></span> <span class='ocrx_word' id='word_1_420' title='bbox 233 3455 311 3499; x_wconf 81' lang='lat' dir='ltr'><strong>vacet</strong></span> <span class='ocrx_word' id='word_1_421' title='bbox 327 3449 439 3512; x_wconf 79' lang='lat' dir='ltr'><strong>deinde,</strong></span> <span class='ocrx_word' id='word_1_422' title='bbox 455 3449 496 3514; x_wconf 89' lang='lat' dir='ltr'><strong>[ut</strong></span> <span class='ocrx_word' id='word_1_423' title='bbox 512 3451 638 3514; x_wconf 78' lang='lat' dir='ltr'><strong>tandem,</strong></span> <span class='ocrx_word' id='word_1_424' title='bbox 653 3453 793 3517; x_wconf 78' lang='lat' dir='ltr'><strong>gentium,</strong></span> <span class='ocrx_word' id='word_1_425' title='bbox 811 3452 954 3518; x_wconf 75' lang='lat' dir='ltr'><strong>locorum]</strong></span> <span class='ocrx_word' id='word_1_426' title='bbox 988 3458 1042 3506; x_wconf 79' lang='lat' dir='ltr'><strong>Aut</strong></span> 
     </span>
     <span class='ocr_line' id='line_1_47' title="bbox 67 3510 1041 3585; baseline 0.009 -19"><span class='ocrx_word' id='word_1_427' title='bbox 67 3514 213 3581; x_wconf 83' lang='lat' dir='ltr'><strong>elligimus,</strong></span> <span class='ocrx_word' id='word_1_428' title='bbox 230 3523 322 3567; x_wconf 89' lang='lat' dir='ltr'><strong>mente</strong></span> <span class='ocrx_word' id='word_1_429' title='bbox 339 3510 404 3568; x_wconf 86' lang='lat' dir='ltr'><strong>e&#39;um</strong></span> <span class='ocrx_word' id='word_1_430' title='bbox 421 3525 562 3579; x_wconf 78' lang='lat' dir='ltr'><strong>tractasse,</strong></span> <span class='ocrx_word' id='word_1_431' title='bbox 579 3519 650 3584; x_wconf 92' lang='lat' dir='ltr'><strong>quod</strong></span> <span class='ocrx_word' id='word_1_432' title='bbox 668 3518 701 3570; x_wconf 89' lang='lat' dir='ltr'><strong>de</strong></span> <span class='ocrx_word' id='word_1_433' title='bbox 719 3521 822 3585; x_wconf 81' lang='lat' dir='ltr'><strong>campis</strong></span> <span class='ocrx_word' id='word_1_434' title='bbox 841 3518 941 3569; x_wconf 88' lang='lat' dir='ltr'><strong>milites</strong></span> <span class='ocrx_word' id='word_1_435' title='bbox 953 3522 1041 3577; x_wconf 89' lang='lat' dir='ltr'><strong>solent</strong></span> 
     </span>
     <span class='ocr_line' id='line_1_48' title="bbox 84 3585 1039 3652; baseline 0.008 -18"><span class='ocrx_word' id='word_1_436' title='bbox 84 3589 173 3634; x_wconf 79' lang='lat' dir='ltr'><strong>castra</strong></span> <span class='ocrx_word' id='word_1_437' title='bbox 196 3585 359 3650; x_wconf 82' lang='lat' dir='ltr'><strong>confugere:</strong></span> <span class='ocrx_word' id='word_1_438' title='bbox 390 3593 418 3635; x_wconf 90' lang='lat' dir='ltr'><strong>et</strong></span> <span class='ocrx_word' id='word_1_439' title='bbox 441 3586 479 3637; x_wconf 89' lang='lat' dir='ltr'><strong>sio</strong></span> <span class='ocrx_word' id='word_1_440' title='bbox 503 3587 610 3636; x_wconf 84' lang='lat' dir='ltr'><strong>dixisse:</strong></span> <span class='ocrx_word' id='word_1_441' title='bbox 643 3585 704 3652; x_wconf 86' lang='lat' dir='ltr'><strong>Quo</strong></span> <span class='ocrx_word' id='word_1_442' title='bbox 731 3585 850 3638; x_wconf 79' lang='lat' dir='ltr'><strong>deinde?</strong></span> <span class='ocrx_word' id='word_1_443' title='bbox 880 3587 983 3641; x_wconf 88' lang='lat' dir='ltr'><strong>scilicet</strong></span> <span class='ocrx_word' id='word_1_444' title='bbox 1005 3593 1039 3645; x_wconf 90' lang='lat' dir='ltr'><strong>de</strong></span> 
     </span>
     <span class='ocr_line' id='line_1_49' title="bbox 68 3650 1039 3726; baseline 0.009 -24"><span class='ocrx_word' id='word_1_445' title='bbox 68 3650 135 3702; x_wconf 87' lang='lat' dir='ltr'><strong>tris:</strong></span> <span class='ocrx_word' id='word_1_446' title='bbox 151 3667 204 3718; x_wconf 87' lang='lat' dir='ltr'><strong>quo</strong></span> <span class='ocrx_word' id='word_1_447' title='bbox 220 3652 330 3720; x_wconf 77' lang='lat' dir='ltr'><strong>fugietis</strong></span> <span class='ocrx_word' id='word_1_448' title='bbox 347 3653 467 3705; x_wconf 89' lang='lat' dir='ltr'><strong>ulterius.</strong></span> <span class='ocrx_word' id='word_1_449' title='bbox 500 3653 536 3704; x_wconf 91' lang='lat' dir='ltr'><strong>Et</strong></span> <span class='ocrx_word' id='word_1_450' title='bbox 551 3654 604 3705; x_wconf 89' lang='lat' dir='ltr'><strong>hoc</strong></span> <span class='ocrx_word' id='word_1_451' title='bbox 621 3664 661 3706; x_wconf 86' lang='lat' dir='ltr'><strong>est</strong></span> <span class='ocrx_word' id='word_1_452' title='bbox 676 3655 781 3707; x_wconf 86' lang='lat' dir='ltr'><strong>melius.</strong></span> <span class='ocrx_word' id='word_1_453' title='bbox 814 3654 891 3706; x_wconf 84' lang='lat' dir='ltr'><strong>Unde</strong></span> <span class='ocrx_word' id='word_1_454' title='bbox 908 3662 936 3706; x_wconf 86' lang='lat' dir='ltr'><strong>et</strong></span> <span class='ocrx_word' id='word_1_455' title='bbox 951 3661 1039 3726; x_wconf 86' lang='lat' dir='ltr'><strong>sequi·</strong></span> 
     </span>
     <span class='ocr_line' id='line_1_50' title="bbox 74 3717 1040 3794; baseline 0.014 -28"><span class='ocrx_word' id='word_1_456' title='bbox 74 3758 81 3784; x_wconf 85' lang='lat'>‚</span> <span class='ocrx_word' id='word_1_457' title='bbox 105 3717 184 3784; x_wconf 82' lang='lat' dir='ltr'><strong>Quos</strong></span> <span class='ocrx_word' id='word_1_458' title='bbox 207 3721 280 3770; x_wconf 82' lang='lat' dir='ltr'><strong>alios</strong></span> <span class='ocrx_word' id='word_1_459' title='bbox 306 3738 407 3772; x_wconf 87' lang='lat' dir='ltr'><strong>muros.</strong></span> <span class='ocrx_word' id='word_1_460' title='bbox 447 3721 483 3771; x_wconf 89' lang='lat' dir='ltr'><strong>Et</strong></span> <span class='ocrx_word' id='word_1_461' title='bbox 504 3721 542 3772; x_wconf 89' lang='lat' dir='ltr'><strong>sic</strong></span> <span class='ocrx_word' id='word_1_462' title='bbox 566 3728 606 3773; x_wconf 89' lang='lat' dir='ltr'><strong>est</strong></span> <span class='ocrx_word' id='word_1_463' title='bbox 628 3724 731 3774; x_wconf 90' lang='lat' dir='ltr'><strong>dictum</strong></span> <span class='ocrx_word' id='word_1_464' title='bbox 754 3731 815 3792; x_wconf 87' lang='lat' dir='ltr'><strong>post</strong></span> <span class='ocrx_word' id='word_1_465' title='bbox 837 3723 1040 3794; x_wconf 76' lang='lat' dir='ltr'><strong>cogitationem,</strong></span> 
     </span>
     <span class='ocr_line' id='line_1_51' title="bbox 67 3787 1039 3861; baseline 0.008 -22"><span class='ocrx_word' id='word_1_466' title='bbox 67 3806 76 3839; x_wconf 82' lang='lat' dir='ltr'><strong>s</strong></span> <span class='ocrx_word' id='word_1_467' title='bbox 104 3787 222 3837; x_wconf 76' lang='lat' dir='ltr'><strong>deinde?</strong></span> <span class='ocrx_word' id='word_1_468' title='bbox 255 3787 340 3854; x_wconf 85' lang='lat' dir='ltr'><strong>[Sicut</strong></span> <span class='ocrx_word' id='word_1_469' title='bbox 364 3789 506 3840; x_wconf 88' lang='lat' dir='ltr'><strong>Terentius</strong></span> <span class='ocrx_word' id='word_1_470' title='bbox 528 3789 612 3855; x_wconf 88' lang='lat' dir='ltr'><strong>(Eun.</strong></span> <span class='ocrx_word' id='word_1_471' title='bbox 632 3797 661 3853; x_wconf 86' lang='grc'><strong>1,</strong></span> <span class='ocrx_word' id='word_1_472' title='bbox 680 3791 714 3851; x_wconf 83' lang='grc'><strong>1.)</strong></span> <span class='ocrx_word' id='word_1_473' title='bbox 737 3791 817 3842; x_wconf 87' lang='lat' dir='ltr'><strong>dixit:</strong></span> <span class='ocrx_word' id='word_1_474' title='bbox 848 3790 924 3855; x_wconf 84' lang='lat' dir='ltr'><strong>Quid</strong></span> <span class='ocrx_word' id='word_1_475' title='bbox 949 3797 1039 3861; x_wconf 80' lang='lat' dir='ltr'><strong>igitur</strong></span> 
     </span>
     <span class='ocr_line' id='line_1_52' title="bbox 70 3856 1038 3928; baseline 0.007 -22"><span class='ocrx_word' id='word_1_476' title='bbox 70 3856 150 3906; x_wconf 84' lang='lat' dir='ltr'><strong>iam?</strong></span> <span class='ocrx_word' id='word_1_477' title='bbox 184 3856 233 3905; x_wconf 88' lang='lat' dir='ltr'><strong>Est</strong></span> <span class='ocrx_word' id='word_1_478' title='bbox 248 3873 279 3906; x_wconf 86' lang='lat' dir='ltr'><strong>ea</strong></span> <span class='ocrx_word' id='word_1_479' title='bbox 296 3865 389 3907; x_wconf 82' lang='lat' dir='ltr'><strong>nutem</strong></span> <span class='ocrx_word' id='word_1_480' title='bbox 406 3873 500 3908; x_wconf 81' lang='lat' dir='ltr'><strong>amera</strong></span> <span class='ocrx_word' id='word_1_481' title='bbox 516 3857 671 3923; x_wconf 77' lang='lat' dir='ltr'><strong>accinctio]</strong></span> <span class='ocrx_word' id='word_1_482' title='bbox 687 3887 722 3897; x_wconf 96' lang='lat'>-</span> <span class='ocrx_word' id='word_1_483' title='bbox 754 3866 814 3916; x_wconf 76' lang='grc'><strong>783.</strong></span> <span class='ocrx_word' id='word_1_484' title='bbox 836 3859 915 3910; x_wconf 85' lang='lat' dir='ltr'><strong>Unus</strong></span> <span class='ocrx_word' id='word_1_485' title='bbox 939 3863 1038 3928; x_wconf 67' lang='lat' dir='ltr'><strong>tomo,</strong></span> 
     </span>
     <span class='ocr_line' id='line_1_53' title="bbox 77 3924 1038 3997; baseline 0.008 -23"><span class='ocrx_word' id='word_1_486' title='bbox 77 3924 99 3974; x_wconf 85' lang='lat' dir='ltr'><strong>si</strong></span> <span class='ocrx_word' id='word_1_487' title='bbox 123 3925 227 3976; x_wconf 85' lang='lat' dir='ltr'><strong>diceret</strong></span> <span class='ocrx_word' id='word_1_488' title='bbox 250 3927 385 3974; x_wconf 83' lang='lat' dir='ltr'><strong>mortalis.</strong></span> <span class='ocrx_word' id='word_1_489' title='bbox 425 3926 460 3975; x_wconf 88' lang='lat' dir='ltr'><strong>Et</strong></span> <span class='ocrx_word' id='word_1_490' title='bbox 484 3925 556 3977; x_wconf 82' lang='lat' dir='ltr'><strong>bona</strong></span> <span class='ocrx_word' id='word_1_491' title='bbox 580 3927 732 3978; x_wconf 75' lang='lat' dir='ltr'><strong>extenuatio</strong></span> <span class='ocrx_word' id='word_1_492' title='bbox 754 3927 847 3994; x_wconf 89' lang='lat' dir='ltr'><strong>(codd.</strong></span> <span class='ocrx_word' id='word_1_493' title='bbox 871 3931 964 3991; x_wconf 76' lang='lat' dir='ltr'><strong>ouen.)</strong></span> <span class='ocrx_word' id='word_1_494' title='bbox 989 3939 1038 3997; x_wconf 87' lang='lat' dir='ltr'><strong>est,</strong></span> 
     </span>
     <span class='ocr_line' id='line_1_54' title="bbox 67 3992 1037 4069; baseline 0.007 -23"><span class='ocrx_word' id='word_1_495' title='bbox 67 4010 85 4046; x_wconf 91' lang='lat' dir='ltr'><strong>n</strong></span> <span class='ocrx_word' id='word_1_496' title='bbox 110 4009 193 4063; x_wconf 82' lang='lat' dir='ltr'><strong>supra</strong></span> <span class='ocrx_word' id='word_1_497' title='bbox 215 3992 324 4047; x_wconf 80' lang='lat' dir='ltr'><strong>dixerit:</strong></span> <span class='ocrx_word' id='word_1_498' title='bbox 341 3993 483 4058; x_wconf 64' lang='lat' dir='ltr'><strong>‚Rutulum</strong></span> <span class='ocrx_word' id='word_1_499' title='bbox 507 3996 538 4047; x_wconf 85' lang='lat' dir='ltr'><strong>in</strong></span> <span class='ocrx_word' id='word_1_500' title='bbox 563 3995 654 4048; x_wconf 81' lang='lat' dir='ltr'><strong>medie</strong></span> <span class='ocrx_word' id='word_1_501' title='bbox 676 4013 734 4049; x_wconf 84' lang='lat' dir='ltr'><strong>nou</strong></span> <span class='ocrx_word' id='word_1_502' title='bbox 757 3999 870 4066; x_wconf 70' lang='lat' dir='ltr'><strong>agmine</strong></span> <span class='ocrx_word' id='word_1_503' title='bbox 888 4016 984 4069; x_wconf 81' lang='lat' dir='ltr'><strong>regem.</strong></span> <span class='ocrx_word' id='word_1_504' title='bbox 1001 4028 1037 4040; x_wconf 60' lang='grc' dir='ltr'><strong>-ν</strong></span> 
     </span>
    </p>
   </div>
   <div class='ocr_carea' id='block_1_7' title="bbox 0 0 1232 4500">
    <p class='ocr_par' dir='ltr' id='par_1_7' title="bbox 0 0 1232 4500">
     <span class='ocr_line' id='line_1_55' title="bbox 0 0 1232 4500; baseline 0 0"><span class='ocrx_word' id='word_1_505' title='bbox 0 0 1232 4500; x_wconf 95' lang='lat' dir='ltr'><strong> </strong></span> 
     </span>
    </p>
   </div>
  </div>
 </body>
</html>
