2454 4500
164 240 233 309 ga
430 229 571 294 suurn
593 190 955 311 couururrurusss

260 434 292 485 r,
310 416 378 491 [hoo
394 425 437 473 eet
451 415 580 489 amplius]
596 417 714 473 numina
749 417 943 483 raestiterunt3
967 427 1017 472 eut
1035 420 1127 488 ultro,
1140 422 1166 485 fi.
1182 441 1204 476 e.

162 506 233 563 spon
275 503 342 555 uta,
357 503 414 540 nou
429 486 599 558 [optantibus
604 523 613 552 ,
628 486 682 552 vel]
699 435 850 541 vellentibus
867 487 963 540 nobis:
983 488 1057 541 -vut
1075 490 1153 543 enim
1168 492 1203 544 ob

162 562 217 617 hoe
233 564 427 627 tempestatem
443 564 550 620 σηοω,
566 570 624 606 non
641 562 674 606 ut
688 557 726 610 ab
742 556 822 610 ltalia
839 555 1059 626 depellerentur:
1085 558 1134 611 sed
1149 576 1202 630 quo

161 640 242 685 setun
256 624 458 679 miserarentur
473 622 620 676 Anchisae.
635 651 672 662 -
705 630 748 684 56.
768 625 847 692 [Sine
866 627 982 676 numine
1000 620 1201 693 diotm3'sine

162 695 302 751 iubentute
318 702 348 747 et
361 693 421 745 sine
438 692 611 744 auctoritate.
627 719 662 731 -·
697 702 739 752 57.
757 695 918 756 intramus,
940 709 992 765 pro
1017 694 1201 761 intravimtul

162 792 197 807 -
231 770 276 823 66»
300 762 473 814 celebremus
495 756 646 827 bonorem}
671 762 823 830 [quomodo
847 763 952 813 loetum
969 761 1130 815 honorem?
1154 770 1198 817 eut

162 848 216 907 pro
234 848 287 884 uos
304 832 373 883 loeti
389 836 439 893 aut
454 828 600 894 honorem]
623 846 680 881 non
705 829 773 881 dicit
789 831 936 900 exsequias.
970 829 1046 883 Nam
1064 838 1094 885 et
1109 841 1198 886 ventos

162 900 243 977 qussi
264 914 281 949 a
303 897 419 950 numine
442 898 499 948 vult
513 905 625 964 petere.
660 898 708 965 [Et
730 914 796 950 eum
818 900 903 952 deum
928 898 1030 968 ubique
1055 908 1198 965 memorat,

161 986 228 1027 euru
243 968 275 1020 in
290 966 517 1035 subsequentibus
535 967 620 1018 etiam
636 967 699 1017 vino
721 966 831 1033 libarit,
853 974 902 1019 eut
918 969 993 1035 quod
1008 969 1128 1021 mortuis
1144 985 1195 1021 nou

159 1036 269 1095 lioebet.
285 1052 321 1073 -·
355 1041 399 1092 59.
417 1033 570 1093 Possumus
588 1047 701 1099 ventos,·
726 1042 822 1086 utrum
838 1043 912 1101 tum,
934 1035 953 1086 i.
971 1055 996 1089 e.
1015 1044 1080 1088 tum
1095 1034 1196 1090 Deinde

159 1114 288 1179 peremtis
309 1110 418 1168 ventos,
441 1109 469 1154 et
492 1111 588 1157 utrum
613 1120 631 1154 a
654 1103 721 1171 diis,
744 1120 781 1154 en
805 1103 841 1155 ab
864 1103 982 1159 Anchise
1006 1121 1095 1174 quem
1116 1106 1193 1159 mum

194 1171 331 1242 rtempla
347 1170 570 1237 commemoret]
587 1198 623 1209 -·
656 1177 700 1230 60.
719 1170 830 1240 Posito3
848 1173 1013 1227 constituta:
1029 1179 1116 1242 ιιι-(6,
1128 1175 1192 1235 53l:

159 1194 197 1299 hb
218 1257 336 1311 posuere
367 1242 407 1291 ἐπ’
429 1241 572 1291 montibus
601 1241 704 1292 urbem
729 1240 871 1292 Pallantis
893 1244 997 1308 proavi
1022 1243 1058 1295 de
1085 1245 1191 1294 nomint

160 1311 345 1365 Pallanteum.
378 1306 455 1358 Dicit
477 1316 587 1361 autem:
614 1309 743 1361 Petamus
766 1310 853 1362 etiem
875 1309 942 1376 hoc,
965 1317 997 1363 ut
1019 1311 1088 1363 velit
1103 1326 1150 1363 nos
1164 1311 1189 1361 in

160 1380 231 1435 urbe
247 1378 395 1429 constituta
411 1376 524 1444 singulis
541 1378 695 1447 quibusque
711 1377 790 1429 aunis
805 1378 858 1429 sibi
875 1395 954 1430 sacre
969 1378 1141 1450 persolvere:
1154 1379 1188 1447 [et

158 1449 232 1503 bene
248 1462 346 1511 suern,
361 1453 497 1513 tanquam
513 1445 548 1497 de
566 1445 636 1512 deo,
654 1453 683 1497 et
701 1435 876 1515 urbdposito
885 1484 893 1513 ,
915 1445 969 1497 hoc
987 1454 1028 1500 eet
1044 1464 1104 1501 non
1120 1444 1187 1517 quasi

158 1515 249 1573 exules
266 1522 295 1566 et
311 1512 392 1582 vagi]
408 1539 443 1550 -
477 1519 521 1571 62.
539 1513 574 1563 In
594 1531 693 1579 naves3
717 1531 768 1585 per
792 1531 888 1576 nevesz
911 1515 1001 1569 multe
1018 1516 1098 1569 euim
1114 1514 1186 1567 insi·
1220 1546 1223 1551 ,

158 1585 285 1657 gnificat,
310 1590 341 1633 ut
358 1581 473 1634 diximus
491 1596 583 1652 supra.
600 1611 635 1621 —
669 1589 714 1642 63.
740 1580 830 1650 [Quos
857 1585 924 1635 colit
947 1583 1048 1650 hospes
1072 1584 1185 1655 Acestes,-

157 1669 217 1707 non
232 1653 271 1703 uit
288 1650 406 1715 Siculos,
430 1650 478 1702 sed
502 1666 570 1718 quos
587 1651 697 1704 Acestes
720 1650 888 1717 incolitJ„-
922 1655 966 1709 64.
990 1653 1022 1704 Si
1047 1661 1115 1715 etc.‚·
1136 1654 1186 1721 [eut

156 1737 208 1797 pro
232 1719 421 1772 confirmativa
442 1718 532 1786 posita
557 1726 613 1786 est,
635 1727 666 1769 ut
689 1719 741 1787 (G.
764 1726 795 1786 1,
811 1719 867 1781 7.):
904 1718 1000 1772 Vestro
1025 1724 1056 1772 si
1083 1724 1185 1773 inuuere

157 1791 304 1853 tellus;·ut
320 1788 356 1839 sit
372 1790 412 1852 si,
429 1803 480 1859 pro
499 1804 578 1853 oum,
594 1789 612 1838 i.
630 1805 656 1840 e.
672 1805 739 1839 cum
755 1787 875 1855 venerit,
897 1796 945 1840 aut
961 1789 995 1841 Si
1017 1804 1072 1856 pro
1088 1788 1185 1843 dubite-
1219 1796 1223 1805 “

156 1859 213 1911 tiva
230 1865 287 1922 est,
310 1864 341 1907 ut
357 1856 525 1923 accipiamus
542 1859 666 1921 olmum‘,
687 1873 833 1923 serenum,
855 1857 918 1909 i.-e.
940 1857 963 1908 si
988 1858 1100 1912 dederit
1119 1857 1185 1910 diem

155 1942 301 1997 serenum,
325 1932 354 1978 et
376 1926 462 1977 talem
487 1925 575 1994 qualis
597 1924 668 1976 ludis
691 1933 770 1996 aptus
794 1932 844 1978 est.
891 1925 980 1994 Ergo]
1001 1943 1062 1980 non
1084 1928 1119 1980 de
1139 1926 1186 1989 die,

156 1996 205 2066 qui
229 2003 319 2047 certus
343 2001 398 2058 est,
422 1992 543 2044 dubitet:
575 1993 625 2045 sed
648 1990 683 2044 de
706 1994 866 2046 serenitate.
914 1994 993 2047 Unde
1023 1996 1108 2067 paulo
1131 2001 1186 2064 post

156 2062 255 2131 (illl-l:
278 2062 380 2112 Serena
399 2063 458 2111 iam
476 2063 546 2112 luce.
580 2062 617 2111 Et
632 2061 791 2129 sciendum,
814 2061 880 2131 quia
902 2063 976 2131 apud
998 2065 1126 2123 maiores¹
1143 2060 1186 2113 ubi

155 2132 205 2184 ubi
223 2131 268 2199 (al.
287 2130 457 2197 ubicunque)
475 2129 534 2197 quis
550 2129 646 2181 fuisset
663 2130 810 2195 extinctus,
834 2131 870 2181 ad
892 2130 1008 2182 domum
1024 2148 1105 2185 suam
1120 2133 1185 2184 rele-

155 2200 278 2254 rebatur.
312 2199 390 2249 Unde
409 2198 614 2264 est(6,153.):
638 2197 757 2249 Sedibus
782 2199 857 2249 hunc
882 2199 953 2268 refer
971 2214 1036 2251 onte
1055 2204 1131 2267 suis,
1153 2201 1185 2267 [et

156 2270 243 2320 conde
267 2265 428 2334 sepulcrm]
456 2274 484 2319 et
506 2265 562 2317 illic
586 2274 693 2333 septem
717 2274 777 2319 erat
801 2268 912 2331 diebus,
944 2277 1040 2320 octavo
1066 2269 1186 2322 incende-

154 2338 246 2400 hatur,
263 2350 337 2386 nouo
354 2334 547 2405 sepeliebatur.
582 2335 661 2386 Unde
674 2334 804 2386 Horatius
819 2336 914 2405 (Epod.
931 2341 972 2400 17,
980 2336 1054 2400 46.):
1071 2338 1183 2389 Novem·

155 2407 246 2458 diulus
271 2405 412 2471 dissipare
441 2405 577 2470 pulveres.
618 2403 697 2455 Unde
723 2404 810 2455 etiam
833 2404 904 2470 ludi,
928 2405 976 2472 qui
999 2406 1030 2458 in
1055 2407 1184 2458 honorem

152 2481 329 2527 mortuorum
358 2471 592 2536 celebrabantur,
625 2474 816 2523 novendiales
846 2473 983 2525 dicuntur.
1033 2473 1184 2538 Sciendum,

126 2556 129 2563 “
152 2544 219 2612 quia
236 2542 322 2592 etiam
340 2541 417 2592 (lomi
433 2557 498 2592 suae
523 2539 739 2609 sepeliebantur:
763 2542 835 2592 unde
861 2549 921 2591 orta
945 2550 986 2594 est
1009 2543 1183 2606 consuetudo,

152 2619 185 2662 ut
207 2610 245 2660 dii
262 2609 382 2678 ‘penates
406 2611 531 2660 colentur
557 2610 587 2659 in
611 2608 747 2659 domibus.
797 2609 946 2677 [Nonnulli
970 2618 1068 2663 temen
1092 2615 1120 2663 ri
1134 2624 1181 2682 pro

151 2679 266 2748 quando
285 2677 444 2748 accipiunt]
460 2704 495 2715 —
529 2683 572 2735 66.
592 2677 701 2738 Primo3
725 2695 756 2728 re
781 2695 843 2729 vera
866 2681 967 2744 prima.
1003 2680 1079 2731 Nam
1095 2687 1182 2733 cetere

151 2764 209 2800 non
233 2764 266 2798 eo
291 2751 346 2814 quo
370 2747 438 2798 dicit
459 2745 581 2798 editurus
605 2753 646 2797 est
669 2745 774 2797 ordine.
817 2746 909 2813 [Ergo
935 2742 1133 2802 ἀνακόλουθον.
1149 2772 1181 2786 ·-

150 2822 194 2875 67.
214 2814 459 2882 Quique-pedum·
478 2816 495 2867 i.
510 2833 533 2864 e.
550 2814 615 2864 hinc
632 2814 675 2864 vel
691 2811 776 2876 inde]
816 2813 931 2865 Viribus
947 2818 1062 2884 audox3
1080 2818 1132 2869 hoc
1148 2816 1180 2867 od

151 2886 245 2936 omnia
268 2884 397 2953 pertinet.
437 2857 485 2951 [ht
508 2889 599 2949 potest
620 2897 679 2933 non
701 2880 835 2932 subdistin
858 2883 898 2944 ui3
922 2886 1047 2951 quemvis
1072 2886 1180 2955 qiidam

148 2952 330 3005 luctationem
354 2952 505 3021 accipiant,
528 2951 602 3019 quod
624 2965 681 3001 non
703 2898 899 3016 reddiditi-
939 2960 983 3012 68.
1008 2954 1067 3005 Aut
1090 2955 1179 3005 ioculo

149 3028 216 3082 etc.;
232 3021 250 3070 i.
269 3039 291 3071 e.
310 3020 384 3071 iactu
401 3019 536 3071 velocium
552 3021 731 3086 sagittarum:
753 3026 784 3067 ut
800 3026 878 3070 vacet
894 3037 934 3071 ve.
968 3022 1012 3072 Sic
1030 3023 1083 3074 ista
1099 3022 1180 3073 iunxit

149 3089 179 3141 in
203 3104 276 3140 nono
302 3094 361 3154 (10,
377 3088 462 3148 Tull:
488 3088 610 3138 Insidiis
636 3087 789 3154 (Insignis)
814 3090 905 3139 ioculo
926 3101 950 3138 et
967 3091 1051 3158 longe
1063 3090 1179 3160 fallente

150 3160 263 3225 sagitto,
299 3159 319 3207 l.
336 3174 360 3208 e.
382 3156 473 3207 iaculo
496 3157 578 3224 longe
601 3157 721 3207 fallentis
738 3156 862 3223 sagittae.
896 3158 969 3208 Nam
986 3175 1045 3211 non
1063 3159 1179 3213 exhibuit

148 3226 322 3278 iaculatores.
357 3227 421 3293 [Aut
438 3225 605 3289 notandum,
627 3224 700 3292 quod
724 3224 887 3276 iaculatores
905 3227 1048 3295 promisit,
1071 3245 1122 3281 nec
1138 3243 1179 3280 er·

146 3294 245 3348 hibuit.
280 3295 400 3359 Melior3
419 3294 637 3363 comparativum
654 3307 705 3360 pro
724 3292 862 3357 absoluto,
879 3294 924 3344 sed
941 3293 972 3344 in
990 3311 1056 3362 usu,
1072 3298 1138 3363 iam,
1153 3302 1180 3347 et

165 3379 198 3415 ro
217 3363 347 3416 absolutis
364 3361 543 3430 accipiuntur.
562 3389 597 3398 -
631 3368 674 3419 69.
694 3361 786 3410 Crudo
806 3374 915 3422 caestu3
935 3369 982 3411 eut
999 3365 1119 3430 crudeli,
1134 3371 1178 3414 aut

146 3381 225 3484 duro.
260 3432 308 3498 [Ut
324 3431 358 3481 sit
374 3430 535 3498 simpliciter
552 3430 671 3495 dictum,
695 3429 768 3496 quod
786 3445 816 3479 ex
840 3429 916 3480 corio
934 3430 1004 3480 duro
1022 3432 1079 3497 sit]
1115 3432 1178 3481 Coe·

148 3512 208 3551 stus
233 3508 326 3552 eutem
350 3515 399 3568 per
423 3498 627 3568 diphthongon,
650 3498 774 3564 pugilum
799 3514 877 3548 armo
900 3497 1044 3565 significet.
1092 3499 1179 3551 Habet

147 3569 233 3622 etiem
251 3567 388 3637 pluralem
404 3584 569 3633 numerum,
592 3574 619 3617 et
643 3573 683 3618 est
700 3573 815 3682 quurtpe
838 3567 955 3616 formae.
990 3567 1066 3618 Nam
1083 3581 1179 3631 cestus,

147 3639 216 3687 cesti
233 3635 345 3688 numeri
367 3643 475 3686 tentum
497 3635 640 3703 singularis
658 3635 715 3684 sine
733 3633 779 3702 dip
800 3634 903 3701 thongo
926 3634 1052 3701 balteum
1070 3635 1177 3689 Venerio

146 3706 289 3774 significat.
309 3729 340 3741 -
376 3711 420 3760 70.
439 3701 566 3754 Praemia
585 3705 712 3770 palmae,-
736 3702 754 3752 i.
772 3719 796 3757 e.
813 3701 933 3753 virtutis:
957 3712 974 3753 et
997 3703 1178 3769 praecedenti,

144 3774 174 3826 id
191 3774 265 3842 quod
282 3771 412 3840 sequitur.
430 3797 464 3809 -·
497 3778 540 3827 71.
561 3772 616 3823 Ore
628 3773 740 3839 forem
766 3777 829 3838 apto
848 3785 976 3821 sermone
993 3786 1058 3823 usus
1075 3781 1130 3837 est,
1152 3779 1177 3824 et

144 3841 280 3895 sacrificio
305 3849 333 3891 et
355 3840 433 3890 ludis.
475 3839 549 3891 Nam
574 3840 603 3889 in
629 3839 713 3891 sacris
738 3839 910 3889 taciturnitas
934 3840 1108 3904 [necessarie
1132 3847 1177 3903 est,

144 3911 219 3982 quod
244 3909 328 3962 etiam
352 3923 452 3978 praeco
477 3908 638 3974 magistratu
661 3905 832 3959 sacrificante
857 3906 982 3971 dicebat,
1002 3907 1101 3976 favete
1125 3910 1176 3959 lin·

142 3981 226 4050 guis,
244 3978 342 4049 fauete
360 3979 495 4044 vocibus,
518 3977 572 4030 hoc
590 3983 632 4029 est
648 3975 721 4029 bona
739 3974 835 4028 omina
851 3974 972 4043 hebete,
989 3984 1038 4030 eut
1055 3968 1177 4037 tacent]
