2454 4500
135 266 181 347 la«
201 270 364 337 naeu.
383 269 559 337 aaran.
579 269 662 341 uo.
683 268 718 350 1,
739 274 890 361 ae-os,
917 222 921 239 ’
953 298 960 321 ·
988 274 1032 340 rs

57 455 117 511 alet
138 463 234 511 notem
255 455 319 510 ideo
343 454 424 522 dixit,
446 453 521 523 quod
543 450 667 506 alienum
688 454 798 522 ternpus
820 450 925 505 invasu
958 450 1032 505 llam

57 528 134 579 abore
162 527 276 597 proprie
306 523 409 575 dieitur
440 541 490 594 per
518 522 575 574 vim
603 536 667 572 rem
688 521 809 573 alicam
831 522 899 575 velle
926 528 1032 576 tenere.

57 614 59 641 ;
74 602 150 648 certe
168 612 225 646 nor
243 594 369 658 incubat,
386 598 421 642 ut
433 590 505 643 nihil
519 589 656 655 intervalli
673 596 744 641 esset
759 589 832 641 iuter
849 588 979 642 tenebras
1002 596 1031 643 et
1069 624 1074 634 ι

57 668 92 730 ε’,
107 671 158 716 aut
173 670 364 736 tempestates,
382 661 460 713 utin
477 657 621 728 Georgicis
640 663 681 726 (l,
698 654 784 719 328.):
801 658 863 725 Ipse
877 652 959 725 'poter
977 674 1031 709 mo·

66 734 230 785 nimborum
256 735 288 784 in
312 742 391 783 nocte
416 745 533 781 corusca
559 727 694 778 Fulmina
719 729 835 778 molitur
861 729 980 790 dextro.)
996 751 1032 767 -

56 799 120 853 Poli
128 823 136 867 3
161 818 237 866 axes,
254 802 272 857 i.
296 818 320 852 e.
346 805 486 850 extremae
529 804 602 851 artes
619 796 704 860 coeli,
728 798 821 865 [super
846 797 945 864 quibus
969 812 1031 849 coe·

68 871 202 934 vertitur,
218 869 236 921 i.
254 888 279 923 e.
296 864 438 931 audalaum
466 816 539 923 iunio
557 867 673 917 vertices
690 863 806 930 Latine,
823 864 931 918 Graece
949 861 1031 917 πόλοι

57 946 130 991 ntur.
170 937 233 991 Duo
257 938 333 989 enim
357 945 421 987 sunt
444 935 559 986 Notbios
584 940 612 983 et
635 932 747 998 burlos,
776 951 794 985 a
818 934 917 1001 quibus
940 941 1031 985 totum

57 1023 103 1057 um
128 1007 301 1073 contenuisse
324 1003 478 1070 significat]
512 1001 625 1065 Aether,⁸
650 1002 795 1054 aetherem
817 1003 871 1054 boc
894 1002 956 1054 loco
998 1018 1031 1054 ro

68 1074 170 1145 posuit.
204 1074 297 1126 Nubes
312 1075 395 1136 enim,
412 1073 485 1124 uude
500 1080 528 1124 et
543 1071 670 1134 fulmina,
687 1072 759 1122 a'e'ris
777 1076 853 1135 aunt,'
864 1087 921 1123 non
937 1021 1031 1141 aetiie·

61 1151 90 1195 et
106 1144 268 1210 frequenter
285 1142 414 1210 Virgilius
432 1142 486 1191 duo
502 1141 554 1192 ista
571 1140 722 1191 confundit
739 1166 774 1179 -
809 1146 853 1197 91.
870 1140 1030 1205 immernor

57 1218 151 1276 antirr,
175 1211 342 1279 [ingerunt]
386 1211 493 1260 Omnia
517 1217 612 1260 autem
636 1209 671 1260 ad
695 1208 838 1278 superiora
861 1209 978 1263 retudit.
995 1235 1031 1248 -

57 1280 216 1348 Extemp103
234 1279 307 1331 illico
325 1277 450 1346 [statim]
482 1278 519 1329 Et
535 1286 575 1328 est
592 1293 729 1344 augurum
746 1292 847 1333 sermo.
882 1277 1030 1348 'Pernplum

57 1365 67 1398 1
84 1348 187 1405 dicitur
203 1346 279 1399 locus
296 1363 383 1399 manu
401 1345 534 1415 [auguris]
551 1346 709 1413 designatus
725 1346 754 1397 in
772 1350 851 1410 ae're,
868 1354 1031 1428 postquem

57 1434 98 1469 un
121 1415 195 1467 illico
223 1424 370 1487 captantur
395 1415 519 1482 auguria.
555 1416 661 1464 Aeneae
668 1438 677 1477 ,·
701 1414 819 1466 servavit
836 1412 1030 1483 [dignitatem]

57 1491 158 1553 ’ρίπον,
177 1492 208 1534 ut
222 1486 346 1537 Aeneam
363 1483 492 1534 ultimum
511 1483 641 1534 territum
653 1483 734 1536 dicat.
768 1482 902 1550 Frigore,-
919 1485 1030 1536 timore.

57 1563 85 1606 at
101 1554 246 1624 reciproca
261 1552 413 1606 translatio.
454 1552 527 1602 Nam
551 1558 580 1603 et
596 1552 681 1603 timor
705 1567 757 1622 pro
774 1553 880 1621 frigore
898 1560 926 1604 et
941 1553 1031 1620 frigiae

65 1624 171 1674 timore
194 1623 322 1693 ponitur,
345 1629 376 1671 ut
398 1621 430 1672 in
453 1620 585 1672 Terentio
610 1622 691 1687 (Hac.
710 1621 876 1685 3,1,41.):
909 1619 1030 1673 Uxorem

57 1710 69 1741 r
102 1692 232 1759 pavitare
265 1693 365 1742 aiunt.-
395 1704 453 1741 non
484 1692 597 1753 timere,
626 1689 675 1741 sed
698 1690 828 1741 laborare
853 1690 1028 1760 frigoribus.

57 1777 148 1829 mque
166 1759 289 1811 enimin
305 1774 394 1810 unum
411 1758 513 1809 exitum
531 1759 619 1821 cadit,
642 1758 713 1807 sicut
730 1756 809 1811 etde
826 1759 918 1815 calore
936 1767 965 1812 ct
980 1758 1032 1812 frio
1081 1788 1085 1793 ·

75 1847 158 1880 urere
176 1828 300 1880 dicimus.
334 1826 371 1881 Ut
388 1835 428 1877 est
444 1826 555 1876 Uritur:
572 1825 667 1877 infelix
683 1825 764 1876 Dido.
782 1814 940 1894 (G.1,93.):
975 1828 1031 1879 Aut

61 1917 94 1950 ae
120 1898 290 1966 penetrabile
309 1895 411 1965 frigus
436 1895 547 1947 adurat.
584 1894 673 1959 (Nam
691 1902 719 1946 et
736 1894 839 1948 Graeci
864 1891 968 1965 opertui
990 1896 1031 1948 di·

62 2006 70 2032 ,
95 1983 169 2036 quae
193 1974 257 2017 sunt
272 1964 412 2029 timenda,
435 1971 466 2013 ut
488 1965 625 2014 Homerus
652 1963 697 2031 (ll.
715 1983 749 2027 o,
770 1965 853 2027 164.):
878 1963 961 2035 Δῶρα
976 1963 1031 2035 μὲν

57 2030 92 2092 ἴτ’
109 2031 239 2090 deortui..
254 2034 346 2085 Livius
362 2034 393 2084 in
408 2031 528 2084 Odissia:
547 2032 640 2100 Igitur
655 2033 765 2082 demum
784 2032 865 2086 Ulixi
878 2053 926 2087 eor
936 2035 1031 2104 frixit

73 2122 189 2186 pavore.
224 2101 450 2173 Reprehenditur
468 2117 533 2152 sano
558 2100 612 2152 ho¹c
635 2101 697 2152 loco
714 2102 860 2171 Virgilius,
883 2104 958 2173 quod
974 2105 1029 2157 im-

57 2192 100 2227 rre
119 2175 171 2226 bos
189 2188 280 2223 versus
296 2170 412 2223 Homeri
429 2169 600 2223 transtulerit
618 2169 721 2238 (Odyss.
740 2189 768 2233 e,
786 2171 873 2235 wod:
897 2179 953 2227 Kal
971 2166 1032 2226 πόρ’

57 2243 125 2305 odor
157 2237 221 2293 liro
255 2236 389 2310 γούνατα,
422 2245 467 2290 καὶ
494 2235 572 2305 φίλον
596 2230 681 2308 ἦτορ,
708 2234 838 2302 'Orbibus
864 2236 943 2311 ὁέἶῖρα
968 2241 1028 2295 εἷπε

73 2309 107 2366 ὃν
131 2306 305 2382 μεγαλήτορα
328 2302 430 2379 θυμόν.
465 2307 539 2359 Nam
558 2307 672 2376 frigore
691 2311 927 2362 soluto-membra
944 2311 1029 2378 longe
1077 2320 1080 2327 ’

57 2427 60 2435 ,
78 2390 121 2435 est
128 2401 144 2446 ‚·
160 2397 245 2448 quam
262 2375 325 2431 liro
344 2375 477 2447 γούνατος
500 2384 528 2428 et
545 2376 675 2446 Duplices
692 2384 711 2429 t.
722 2381 764 2446 ,ad
781 2395 802 2430 s.
819 2398 845 2449 p.
862 2383 875 2411 ⁸
891 2382 912 2432 1.
936 2381 1029 2446 molle,

72 2450 145 2502 illud
170 2448 259 2516 magis
276 2448 378 2514 altum,
402 2454 431 2498 et
455 2446 585 2497 heroicae
609 2461 759 2514 personae,
781 2447 853 2514 πρός
869 2442 901 2500 ὃν
917 2468 977 2519 pay.
996 2451 1029 2505 θ.

57 2528 137 2572 terea
154 2519 216 2586 quis
239 2517 363 2568 interdiu
385 2530 484 2568 ananus
501 2515 537 2566 ad
553 2514 644 2567 sidera
662 2514 748 2579 tollit3
772 2526 821 2569 aut
837 2519 898 2585 quis
916 2520 950 2570 ad
968 2534 1030 2570 coe-

68 2603 190 2638 manum
206 2586 344 2650 tendens,
368 2599 426 2635 non
451 2583 526 2653 aliud
548 2592 680 2653 precatur
705 2585 811 2656 potius,
834 2603 919 2655 quam
943 2583 1029 2639 dfert?

60 2674 129 2726 rque
148 2672 173 2722 q.
193 2655 217 2704 b.
226 2677 235 2716 ,·
253 2653 343 2705 atille
361 2653 435 2706 intra
452 2669 498 2716 se,
514 2670 551 2703 ne
568 2652 714 2705 exaudiant
730 2656 813 2721 socii,
830 2663 859 2707 et
875 2655 1030 2708 timidiores
1046 2666 1050 2677 ¹

57 2726 180 2776 ondeant
196 2723 307 2773 animo:
325 2722 371 2772 hie
387 2736 454 2772 vero
472 2720 656 2782 vociferatur.)
674 2747 708 2761 ·-
743 2728 785 2782 93.
811 2724 947 2791 ingemit3
972 2739 1030 2777 non

57 2803 102 2850 ter
121 2799 252 2844 mortem.
287 2789 416 2858 Sequitur
435 2788 525 2840 enim:
544 2788 569 2839 Ο
587 2796 685 2856 terque
703 2800 856 2860 quaterque
874 2793 963 2858 beati,
980 2792 1031 2846 sed

58 2872 102 2915 ter
136 2860 235 2915 mortis
266 2874 361 2927 genus.
403 2858 494 2910 Grave
522 2856 599 2908 enim
630 2867 671 2909 est
693 2862 845 2912 secundum
868 2864 1032 2929 Homerum,

57 2950 79 2984 'e
104 2928 269 2994 nairlragio,
293 2927 358 2994 quia
382 2927 477 2978 anima
500 2925 583 2994 ignea
607 2934 661 2979 est:
686 2935 714 2980 et
737 2928 859 2998 extingui
876 2932 982 2983 videtur
999 2931 1031 2983 io

64 3038 73 3067 ,
95 3000 116 3061 i,
135 3017 159 3049 e.
185 2997 323 3049 elemento
347 2996 494 3046 contrario.
530 2994 566 3044 Ut
590 2999 637 3060 (0,
661 2996 746 3059 670.):
771 3001 873 3065 igneus
898 3012 938 3050 est
963 3000 1030 3050 ollis

57 3089 76 3119 r.
115 3066 270 3135 Duplices,·
296 3066 378 3130 duas,
402 3062 554 3116 secundum
570 3063 716 3131 antiquum
733 3080 850 3119 morem.
885 3067 959 3120 Nam
982 3069 1032 3120 du·

59 3155 71 3188 s
90 3135 159 3188 ditas
177 3135 315 3197 dicebant,
332 3139 364 3188 ut
380 3132 433 3182 boc
450 3131 519 3196 loco,
538 3139 565 3182 et
582 3132 669 3198 binos,
686 3134 769 3186 duos:
785 3144 813 3188 et
829 3143 961 3205 utrosque
978 3151 1030 3207 pro

57 3222 146 3274 nque.
181 3204 218 3253 Ut
233 3203 347 3256 Cicero:
373 3200 462 3250 Binos
489 3200 640 3267 habebam,
665 3205 746 3255 iubeo
770 3207 863 3272 premi
889 3218 1028 3272 utrosque.

71 3272 216 3327 Sallustius
232 3288 299 3322 cum
317 3270 350 3322 de
369 3270 476 3320 duobus
494 3269 656 3336 loqueretur
674 3272 841 3338 (Catil.30·):
859 3271 900 3325 Hi
919 3279 1030 3341 utrique

57 3346 146 3398 urbem
174 3344 354 3408 imperotores
381 3350 468 3389 erant.
512 3336 660 3403 (Palmam,-
691 3357 791 3392 manus
815 3341 971 3412 explicitas.)
995 3370 1031 3382 -·
1124 3398 1127 3403 ,

60 3413 149 3463 Talia
168 3427 233 3461 voce
253 3408 337 3477 refert
343 3432 353 3472 ,·
372 3411 495 3475 prol'crt3
514 3424 542 3456 re
560 3407 697 3473 abundat,
714 3409 781 3461 alibi
801 3411 901 3480 refert,
918 3427 1030 3481 respon-

70 3490 102 3531 ut
120 3479 202 3532 initio
226 3474 494 3540 1v2Aeneia.(·.¹o.):
518 3474 601 3525 Anno
621 3477 725 3546 resera]
761 3480 808 3545 (ln
832 3483 1030 3534 consuetudine

57 3551 177 3602 ‚icimusx
194 3547 240 3598 ille
259 3545 329 3596 mihi
346 3541 469 3604 rettulit.)
506 3544 531 3594 0
550 3558 643 3610 terque
661 3560 812 3614 quaterque
818 3572 828 3612 ,·
845 3547 898 3600 hoa
916 3557 956 3603 est
972 3567 1032 3602 sae·

72 3626 76 3632 '
95 3618 203 3669 Finitus
228 3630 360 3666 numerus
385 3627 435 3682 pro
459 3611 567 3664 infinito
585 3613 731 3683 [ponitur]
763 3617 808 3683 (Et
831 3618 870 3669 ric
893 3618 986 3687 erupit
1001 3619 1032 3671 in

57 3703 165 3759 neum
182 3684 277 3737 dolore
294 3684 432 3732 Homerus
451 3679 518 3746 (Οά.
536 3699 564 3747 a,
582 3682 668 3744 &Odit
697 3690 760 3753 Τρὶσ
787 3681 908 3752 μάκαρες
930 3693 1032 3744 Δαναοὶ

57 3762 199 3825 terporis,
224 3754 254 3804 ol
273 3746 331 3804 τότ’
354 3746 447 3803 ὄλοντο
469 3754 551 3822 Τροίῃ
575 3749 605 3803 ἐν
632 3748 736 3826 εὖρείῃ,
769 3751 850 3822 χάριν
872 3752 1032 3825 ‘Aretullae

57 3843 123 3885 me,
159 3825 199 3874 Ex
216 3823 342 3873 Homero
367 3828 408 3871 est
432 3819 466 3869 de
483 3820 591 3887 Ulyssez
616 3829 645 3872 et
660 3824 714 3874 hoe
732 3825 900 3897 principium
919 3812 1032 3897 quidam

57 3898 139 3956 ralon
156 3892 266 3954 dicunt,
290 3905 357 3940 cum
380 3887 499 3956 intelligi
517 3889 635 3954 debeat,
659 3891 746 3944 multa
764 3910 829 3946 aum
846 3895 921 3948 intra
939 3913 967 3948 se
985 3912 1032 3949 co·

57 3984 98 4032 30,
125 3967 268 4032 postremo
293 3959 324 4010 in
347 3957 427 4009 haec'
442 3957 582 4078 eruXisse.)
607 3983 641 3997 -
676 3965 719 4019 95.
744 3960 819 4029 Quis
827 3987 836 4028 ,·
862 3971 891 4016 et
914 3966 980 4032 quir
1004 3972 1033 4016 et

57 4053 85 4090 a
103 4045 196 4089 mum
212 4026 387 4097 sigrdiioantt
404 4040 488 4078 moun
509 4040 557 4078 um
575 4034 668 4081 artem
684 4029 763 4085 euim
775 4031 816 4084 sie
828 4031 957 4087 dicmur,
990 4033 1032 4086 Ab
