2454 4500
94 246 170 337 sl·
306 313 310 323 .
355 258 495 321 sonvu
516 246 873 355 counouonutus
934 232 952 309 .'

97 444 302 499 Amazonidum
319 449 413 494 eutem
430 441 562 495 derivatio
580 450 620 497 est
635 458 687 515 pro
703 441 927 513 principalitate;
951 440 1026 491 sicut
1045 447 1051 502 t

97 516 184 579 170.):
208 512 357 580 Scipiadas
375 511 461 562 duras
480 513 566 578 bella,
588 513 640 583 p'ro
666 512 846 582 Scipionibus,
881 509 956 561 Saue
979 508 1051 557 Ama

98 584 188 637 diotae
210 588 273 633 stitit
297 579 340 632 vel
363 581 437 648 quod
459 580 541 633 simul
558 585 648 632 vivant
670 579 729 632 sine
754 580 832 631 uris:
858 579 937 646 quasi
963 572 1051 644 ἅμαζ

97 652 140 705 vel
163 650 237 721 quud
262 664 349 701 mrem
370 665 525 701 mammam
549 657 670 701 exustam
692 649 812 714 habent,
842 647 922 715 quasi
945 639 1011 698 ἄνευ
1032 666 1051 714 μ

97 722 152 775 llas
176 720 272 772 atatam·
298 717 356 769 iam
377 733 435 768 uon
465 731 523 770 esse
547 726 667 782 constat,
698 723 795 786 utpote
818 716 950 768 extinctas
974 718 1051 784 partit

96 788 228 853 lleroule,
249 786 354 847 partim
379 786 415 836 ab
438 784 551 847 Achille.
584 784 708 839 Luttatis
732 784 832 851 peltia5
857 785 939 835 scutis
965 784 1051 835 brevis

97 857 127 911 iu
150 850 265 909 ttrotlun't
288 854 385 905 Liuiae
407 852 465 905 iam
488 852 606 906 mediae.
640 853 776 922 [Lunatis
800 859 896 904 eutem
919 851 1051 922 primitivo

96 924 231 979 icttiinino
248 939 350 991 genere
367 918 526 986 derivatim]
542 947 577 960 -
610 925 672 978 491.
692 920 865 972 Penthesilea
876 919 1002 988 furens3
1019 920 1051 988 [lli

98 1000 126 1047 et
143 992 255 1046 Otreres
270 988 327 1043 iilia
342 984 408 1055 fuit,
433 1002 517 1059 quam
532 986 649 1042 Achilles
665 1005 730 1041 curn
747 992 893 1043 adversum
914 1006 944 1041 se
960 1004 1051 1108 ppfigna

1008 1075 1037 1109 ce

14 1066 18 1077 '
107 1061 260 1115 ioreuaitset
275 1066 337 1130 post
353 1066 475 1110 mortem
492 1060 550 1110 eius
572 1059 724 1123 adamavit,
747 1064 864 1126 eamque
886 1057 978 1109 honor

86 1130 163 1183 ivit.
197 1128 287 1179 Ducit
310 1131 405 1178 autem
421 1134 450 1178 et
466 1128 545 1177 ardet
561 1124 597 1179 ad
619 1127 730 1178 laudern
753 1128 878 1197 picturae
902 1123 1040 1196 pertinet]

102 1208 204 1249 rentem
227 1194 289 1248 ideo
306 1195 387 1260 dixit,
410 1192 475 1263 quia
495 1211 621 1248 sororem
637 1212 715 1247 suam
737 1195 767 1245 in
783 1193 930 1247 venatione
948 1194 1051 1245 conferit

99 1266 206 1319 utillum
228 1280 257 1317 se
281 1280 391 1316 cervam
414 1263 507 1314 ferire.
548 1264 600 1316 Sed
622 1262 676 1314 hoc
699 1280 749 1333 per
771 1263 921 1314 transitum
936 1262 1036 1331 tangit:

97 1332 165 1405 [hic]
181 1334 261 1385 fluor
277 1330 390 1385 bellicus
407 1328 583 1399 intelligitur3
608 1333 667 1400 [aut
678 1334 801 1401 furans,
818 1334 884 1399 quia
901 1332 1010 1383 maiora
1026 1328 1051 1380 vt

97 1399 236 1465 uidebat]
254 1422 287 1440 -
321 1402 383 1455 492.
401 1400 509 1464 Aurea3
534 1401 712 1469 amphibolon
731 1408 771 1452 est
787 1399 936 1466 hocloco,
958 1407 1050 1451 utrum

101 1486 206 1534 aurea,
222 1482 258 1521 tut
277 1485 364 1518 aurea
383 1468 507 1534 cingatla.
544 1467 691 1521 Sciendum
707 1477 816 1534 maten,
839 1468 1006 1537 plerumque
1023 1483 1051 1518 au

97 1538 202 1591 bollum
219 1532 303 1589 metri
318 1532 426 1589 ratione
444 1535 566 1588 dissolvi:
590 1545 620 1588 ut
636 1539 736 1602 total:
760 1554 848 1587 aurea
874 1538 1052 1604 composuitt

98 1607 150 1675 da,
174 1604 252 1656 Dida
278 1622 382 1655 aurea.-
408 1602 431 1655 si
448 1605 524 1657 enim
540 1604 576 1658 ad
593 1606 726 1676 spondam
743 1607 865 1669 referas,
887 1618 947 1657 aton
962 1610 1017 1656 stat
1031 1619 1051 1656 u

98 1672 294 1745 [Subneatens5
317 1671 436 1725 subnata
460 1662 584 1739 berbena]
617 1675 751 1738 Hecatae,-
775 1674 909 1725 nudatae:
933 1672 1038 1726 nudant

99 1760 185 1815 qttam
208 1743 361 1795 adusseriut
383 1756 546 1793 mammam,
562 1770 599 1781 —
631 1746 693 1800 493.
715 1743 818 1823 Vip'gm
842 1745 872 1793 et
894 1754 990 1794 sexum
1014 1748 1051 1790 ott

98 1816 127 1867 et
148 1816 284 1865 aetatenn
307 1811 377 1880 (plus
395 1811 469 1863 enim
486 1810 572 1875 uixit,
583 1826 668 1879 quam
684 1807 708 1863 si
723 1812 859 1875 feminam
875 1809 997 1876 diceret,
1011 1809 1051 1877 fia

97 1888 193 1934 tamen
209 1879 348 1931 Graecam
363 1879 448 1942 facit.)
464 1904 500 1916 -
533 1883 594 1938 495-
612 1880 701 1948 [Dum
718 1890 825 1945 stupa,-
842 1876 983 1945 absolute,
1000 1885 1046 1932 aut

97 1950 151 2001 hoc
167 1944 276 2019 stupet]
311 1944 436 2011 obtutu5
459 1955 579 2016 aspectu.
614 1948 649 1997 In
668 1964 741 2013 una;
765 1949 796 1999 in
812 1960 998 2016 unoquoque:
1021 1947 1051 1998 hu

97 2014 205 2084 cingilla
220 2009 381 2066 mirabatur.
400 2040 435 2054 -
468 2019 530 2072 496.
548 2014 650 2066 Forma
675 2017 865 2086 pulcherrima
872 2037 881 2080 ,·
908 2023 939 2065 ut
962 2014 1038 2084 (75.):

98 2085 166 2137 altra
183 2082 268 2152 prole.
287 2109 321 2120 -
354 2086 416 2140 497.
434 2080 579 2152 [Incessit;
598 2092 629 2134 ut
646 2089 688 2152 (4,
707 2085 793 2149 moi:
816 2083 951 2135 incedunt
966 2084 1051 2155 pueri*

99 2153 144 2205 hia
161 2146 336 2220 supervenit]
370 2147 495 2217 stipante
514 2164 641 2217 caterva,·
666 2155 701 2205 ad
717 2156 771 2205 hoc
788 2157 898 2204 tantum
915 2168 1051 2221 sequens]

99 2224 148 2275 net
164 2218 343 2289 comparatio.
378 2220 467 2288 Quium
482 2218 640 2290 vituperant
663 2222 743 2274 multi
766 2221 1018 2290 [comparationem
1039 2222 1051 2271 l

98 2288 250 2342 nescientes
267 2286 405 2358 exempla,
433 2288 475 2340 vel
492 2289 652 2359 parabolas,
675 2292 717 2343 vel
734 2289 960 2358 comparationes
973 2307 1051 2342 assun

99 2373 157 2411 uon
173 2369 282 2425 semper
298 2372 492 2425 usquequaque
510 2372 679 2425 congruere;
703 2361 750 2411 sed
773 2359 917 2411 interdum
942 2360 1019 2409 omni

99 2424 242 2478 interdum
264 2423 355 2491 aliqua
378 2426 531 2477 convenire.
551 2453 585 2463 -
619 2431 681 2485 498.
698 2424 821 2479 Eurotae
840 2425 911 2494 ripis
918 2446 928 2490 ;
952 2376 1051 2478 fluviii

98 2493 186 2561 nicae.
222 2491 325 2559 Cynthi
331 2516 339 2557 ,·
364 2494 466 2544 montis
491 2491 568 2559 Deli,
592 2494 624 2546 in
645 2513 699 2564 qua
722 2505 819 2549 natam
843 2503 951 2547 constet
967 2490 1049 2564 [esse]

100 2576 176 2614 nam,
211 2560 290 2626 (Sane
308 2562 428 2612 Dianam
444 2568 548 2615 veteres
564 2560 627 2615 ideo
644 2565 741 2617 melius
765 2565 971 2630 producebant,
995 2564 1051 2633 quia

99 2629 161 2681 divo
185 2629 236 2681 dea
259 2630 310 2694 sit,
331 2629 447 2681 venandi
470 2629 578 2698 gratia.)
595 2659 628 2670 -
662 2638 725 2691 499.
742 2635 857 2685 Exercet
882 2633 984 2683 Diana
1016 2632 1051 2681 ch.

100 2697 153 2749 hoc
170 2709 227 2748 non
245 2698 280 2749 ad
296 2700 534 2768 comparationem
550 2698 683 2769 pertinet:
706 2704 754 2754 sed
777 2711 817 2754 est
833 2696 957 2772 poeticae
974 2702 1050 2753 deser

99 2767 142 2820 uis
160 2766 296 2832 evagatio,
320 2764 404 2845 [quod
420 2765 498 2819 chori
516 2786 566 2821 nec
584 2768 708 2839 personis
725 2767 785 2837 bic,
809 2788 861 2822 nec
883 2768 952 2820 locis
968 2786 1050 2837 congr

100 2833 265 2885 Sultautium
282 2847 359 2885 enim
382 2843 411 2887 et
427 2837 597 2888 cantantium
614 2837 762 2903 dicuntur]
797 2839 895 2904 Mitte,·
918 2834 1013 2890 imitus
1034 2856 1050 2888 u

100 2915 148 2953 rus
164 2919 215 2972 pro
232 2900 346 2953 infinito.
381 2904 454 2956 Nam
476 2903 510 2957 de
527 2904 720 2976 Nympharum
743 2923 860 2960 numero
877 2907 954 2959 varia
972 2913 1043 2959 esto

101 2995 137 3008 *-
171 2977 230 3028 500.
249 2971 389 3038 Oreades;
412 2973 558 3042 Nymphae
580 2976 720 3026 montium
743 2978 880 3047 [Oreades
903 2976 1033 3027 dicuntur

100 3054 209 3103 varum,
227 3037 372 3106 Dryades,⁸
416 3059 467 3094 uae
484 3059 547 3093 cum
565 3039 635 3094 silvis
651 3055 814 3109 nascuntur,
837 3044 1045 3113 Amadryades:

101 3109 187 3173 tittm,
212 3106 323 3177 Napeae
341 3110 383 3163 vel
428 3107 524 3162 aidese
547 3110 632 3162 maris
648 3129 713 3165 vero
731 3114 872 3167 Nereides.
890 3142 926 3151 —
963 3121 1022 3172 502.
1047 3111 1051 3160 ἶ

103 3190 178 3241 tura,-
196 3178 377 3244 [proterite]
399 3180 491 3231 Maior
509 3180 584 3231 enim
602 3188 642 3232 est
657 3183 852 3236 taciturnitatis
862 3184 993 3235 affectus:
1009 3188 1051 3231 ut:

102 3244 180 3313 (41.):
197 3243 273 3297 Haec
291 3258 392 3298 secum.
428 3248 472 3300 Sic
488 3249 633 3302 Terentius
650 3251 755 3319 (Hccyr.
774 3259 806 3318 1,
823 3263 855 3317 2,
872 3252 940 3313 32.):
968 3251 1003 3301 Ut
1025 3268 1048 3300 m

102 3317 188 3365 tacita
206 3317 353 3382 gaudeam.
390 3316 474 3385 (Ergo
492 3321 608 3369 tacitum
631 3334 684 3388 pru
706 3318 806 3387 tacite,
829 3329 859 3371 itt
876 3327 919 3388 (7,
936 3319 1023 3381 343.):
1046 3319 1051 3367 Ἴ

103 3394 216 3450 tumque
234 3383 340 3435 obsedit
365 3382 451 3434 limen
468 3383 598 3437 Amatae:
623 3395 670 3437 aut
692 3390 775 3440 tacita
797 3389 919 3458 gaudet.)
955 3389 1048 3438 Perten

103 3452 187 3503 modo
212 3449 388 3504 vehementer
411 3454 528 3504 tentant.
561 3453 646 3521 Alibi,
666 3455 775 3510 leviter:
798 3467 829 3509 ut
846 3462 890 3525 (5,
907 3456 995 3520 828.):
1018 3457 1050 3507 Bt

103 3521 232 3571 vicissim
259 3517 374 3571 Gaudia
398 3532 554 3588 pertentant
579 3532 703 3576 mentem.
745 3526 813 3576 Sunt
836 3526 911 3578 enim
935 3524 1035 3591 multa,

104 3604 155 3661 pro
172 3586 238 3638 locis
259 3586 465 3657 intelliguntur,
488 3597 519 3640 ut
543 3592 695 3658 impotens,
719 3598 747 3645 et
762 3592 826 3645 satis
843 3603 871 3647 et
888 3593 993 3646 minus.
1018 3599 1045 3646 et

102 3664 200 3727 potens
216 3656 357 3724 siguificat.
392 3654 504 3707 Instant
523 3661 599 3724 aperi
606 3685 615 3724 ,·
640 3677 756 3730 zeugma
774 3671 815 3715 est
830 3664 864 3715 ad
888 3665 1051 3733 sequentia]

101 3740 178 3781 treus.
196 3749 230 3762 —
264 3728 325 3782 504.
342 3723 501 3804 Regnisque
519 3727 650 3796 futuris,
675 3741 839 3800 regnaturae
856 3732 1033 3798 Cartbagini3

103 3808 187 3865 ergo,
211 3810 276 3844 num
300 3795 359 3862 ipsa
382 3808 439 3845 tam
462 3792 622 3863 regnabat]
648 3825 679 3836 -
721 3808 781 3860 505.
800 3798 872 3851 Tum
890 3800 1010 3870 foribus
1034 3802 1049 3851 d

101 3860 206 3917 iustam
221 3863 368 3931 praecipue
385 3862 505 3915 foribus:
522 3870 550 3916 et
560 3866 613 3917 hoc
629 3864 690 3917 loco
703 3868 927 3938 distinguendum
942 3879 991 3923 est.
1024 3870 1051 3920 M

103 3929 177 3985 anim
195 3926 283 3981 studio
299 3938 327 3983 et
349 3929 445 3983 labore
461 3934 630 4067 templorum
642 3937 723 4005 fares
740 3940 858 4005 fiebant,
881 3953 948 4008 quas
965 3940 1050 4008 quibu

99 3996 286 4071 haigoiebant
308 3998 442 4052 historiis:
463 4004 496 4050 ut
528 4007 561 4068 6,
577 4002 646 4066 20.):
674 4004 710 4056 Ia
726 4006 845 4075 faribus
871 4010 956 4060 letum
979 4010 1051 4059 Andr
