2454 4500
211 238 427 380 si'rpaou„
448 271 623 367 sauma.
644 270 724 335 uo.
745 270 800 349 rx,
820 273 970 342 31-53.
1052 273 1118 342 sos

67 467 304 523 commemorat,
328 457 473 512 nonnuilos
490 457 597 526 dicere,
619 456 693 526 quod
712 430 801 515 tribus
817 455 898 511 alveis
919 454 997 508 fluat.
1030 451 1120 524 Virgi-
1158 432 1163 440 ¹

86 529 140 582 lius
162 538 258 581 tamen
280 528 344 580 Nilo
366 544 431 580 eum
460 530 577 596 iungens
599 534 706 594 septem
730 526 818 578 alveos
841 527 947 579 habere
977 524 1120 593 significat,
1199 562 1203 571 ,

86 598 167 649 Hanc
191 598 352 663 varietatem
368 597 492 649 Donatus
514 595 622 663 fugiens
645 596 759 663 longum
776 596 953 664 Hyperbaton
976 594 1056 660 iacit,
1079 595 1119 647 di-

86 681 168 718 cens:
186 667 245 718 Ceu
261 682 374 734 surgens
391 674 497 736 septem
515 665 642 716 amnibus
653 656 735 715 'Nilus
752 671 800 715 aut
816 665 935 732 Ganges.
970 664 1052 714 Altus
1069 681 1118 730 per

86 739 224 800 tacitum,-
248 751 312 787 sane
335 735 406 786 bene
425 733 529 785 addidit
547 732 597 783 Per
614 735 730 782 tacitum
749 734 838 798 alsus,
861 733 915 791 hoc
933 740 973 784 est
989 747 1038 800 per
1055 748 1119 802 pro·

71 803 204 872 ,fundam
221 803 402 855 altitudinem.
436 803 510 854 Nam
533 801 599 853 licet
620 809 740 865 crescat,
763 801 837 853 intra
859 801 935 868 ripas
958 809 1053 851 tamen
1071 808 1120 868 est,

85 887 142 925 uec
166 880 198 922 ut
213 871 290 922 Nilus
303 868 518 940 'superfunditur
535 869 647 936 campis.
682 869 759 920 Unde
776 872 862 938 Asper
880 870 1013 921 distinxit:
1037 870 1118 920 Altus

85 958 137 1008 per
154 943 278 992 tacitum.
312 940 359 1007 [Et
376 941 447 992 bene
465 957 566 1008 agmen
583 937 716 990 exercitus
732 937 841 989 flumini
860 936 1036 1006 comparavit,
1053 939 1118 1006 quia
1173 941 1176 955 ’

85 1016 116 1060 et
139 1009 287 1060 fluviorum
311 1008 423 1076 agmina
445 1009 504 1078 ipsa
530 1007 597 1059 dicit
621 1009 672 1074 (2,
688 1007 781 1067 782.):
810 1006 884 1058 Lassi
905 1009 979 1075 fluis
1005 1008 1119 1073 agmine

87 1076 215 1143 Tibris]
263 1074 369 1143 Pingui
386 1065 512 1145 fiamine
536 1076 640 1139 Nilus,¹
672 1074 759 1126 Nilus
783 1074 869 1126 dictus
893 1076 1033 1144 est·quasi
1056 1080 1120 1130 eiua

84 1140 160 1210 itta,
185 1144 239 1199 hoc
256 1152 298 1197 est
312 1161 414 1196 novum
430 1145 530 1196 limum
546 1143 671 1196 trahens:
688 1145 763 1212 quod
779 1146 869 1196 voleus
887 1146 1042 1213 exprimere
1054 1147 1120 1198 dixit

86 1213 197 1282 Pingui
207 1215 346 1284 flumine,
362 1215 381 1265 i.
399 1232 422 1266 e.
439 1215 545 1266 fluore:
570 1229 640 1281 qiua
656 1229 700 1264 res
723 1213 889 1266 foecundam
906 1215 991 1266 efficit
1006 1222 1119 1268 terram.

86 1278 174 1352 Quod'
187 1292 217 1335 et
232 1281 345 1352 ipsein
363 1282 506 1350 Georgicis
524 1288 566 1350 (2,
585 1281 655 1342 187.)
680 1281 797 1333 ostendit
819 1284 927 1336 dicens:
953 1280 1119 1351 Liquuntur

87 1354 233 1404 montibus
251 1351 355 1415 amnes,
371 1351 543 1414 Felicemque
560 1350 677 1401 trahunt
694 1350 804 1405 limum.
818 1404 824 1419 .
837 1352 907 1404 Item
925 1351 970 1419 (G.
989 1357 1015 1415 4,
1032 1351 1119 1415 2914:

86 1433 115 1470 et
133 1422 251 1473 uiridem
268 1418 422 1487 Aegyptum
448 1424 532 1488 nigra
554 1420 712 1488 foecundat
735 1437 830 1489 arena.
847 1447 882 1458 -
916 1429 959 1478 32.
977 1420 1062 1487 [Cum
1080 1440 1120 1474 re-

78 1488 157 1559 fluis
175 1491 296 1557 eampis3
312 1489 365 1540 hoc
383 1496 424 1540 est
441 1506 457 1539 a
474 1489 580 1557 campis
594 1487 691 1552 rediit,
707 1495 773 1539 tunc
791 1487 866 1551 enim
883 1491 978 1541 omnia
996 1505 1045 1540 ora
1062 1491 1120 1542 eius

85 1566 239 1626 apparent,
263 1556 329 1610 alias
346 1573 411 1608 aum
429 1557 551 1608 abundat
567 1573 623 1607 una
640 1556 697 1607 eius
713 1557 797 1609 facies
814 1565 862 1609 est.
880 1582 914 1594 -
948 1564 991 1616 35.
1009 1560 1049 1608 At
1068 1561 1119 1610 ad.

85 1644 187 1693 versa3
211 1623 308 1679 castris
329 1625 469 1696 opposita,
494 1641 536 1678 au'
554 1624 672 1677 venienti
694 1623 836 1693 agminii]
869 1624 944 1693 'Quis
960 1627 1121 1694 globus3i.
1200 1644 1203 1657 ⁴

87 1712 130 1761 a,
152 1702 283 1764 quantus3
306 1695 466 1748 admirantis
484 1696 560 1748 enim
578 1699 632 1757 est,
656 1708 713 1744 uon
729 1693 933 1763 interrogantis.
966 1696 1026 1746 Nec
1043 1699 1120 1750 enim

85 1763 252 1831 interrogat,
268 1765 318 1830 qui·
332 1765 501 1816 nuntiat-
536 1768 579 1820 38.
595 1760 697 1812 Hostis
714 1763 792 1812 adest
809 1767 871 1828 eia,·
888 1763 935 1814 hic
952 1762 1121 1833 distinguen-

86 1831 165 1898 dum,
182 1840 212 1882 ut
229 1832 283 1891 Eia
301 1832 422 1891 militum
438 1834 474 1883 sit
489 1830 698 1903 properantitun
714 1831 834 1884 clamor:
851 1825 938 1884 et'est
952 1832 1120 1901 Ennianum,

87 1901 138 1970 qui
162 1900 213 1952 ait:
237 1900 292 1951 Eia
318 1901 481 1952 machaeras
505 1902 552 1970 (V.
571 1917 594 1968 q.
623 1898 708 1950 itheia
735 1899 893 1968 macheras,
915 1901 950 1952 tt.
973 1904 1041 1968 quio
1060 1906 1119 1954 iam

88 1968 260 2030 machaera).
294 1969 368 2038 Ergo
393 1970 437 2022 eia
461 1969 567 2038 ingenti
591 1968 713 2020 clamore
731 1969 868 2034 dicentes,
890 1972 925 2023 ad
943 1978 1037 2036 portas
1055 1988 1121 2024 rua·

85 2037 165 2091 bant.
198 2038 264 2090 Alii:
287 2036 388 2089 Hastis
403 2040 496 2104 adest,
520 2040 581 2089 eia.-
604 2036 708 2105 legunt.
743 2037 875 2105 [Altiaia
893 2054 951 2091 non
968 2056 984 2090 a
1001 2055 1121 2105 persona

85 2107 126 2160 ad
143 2112 291 2177 personam
307 2107 412 2159 dictum
429 2113 542 2177 putant,
557 2106 605 2159 sed
621 2106 712 2175 ipsum
728 2105 840 2158 Poe'tam
859 2108 936 2175 quasi
949 2114 1016 2159 'actu
1032 2109 1074 2160 rei
1091 2117 1122 2162 et

84 2174 287 2243 imaginatione
300 2175 489 2243 exclamasse]
505 2203 541 2214 -
573 2180 617 2232 40.
636 2174 764 2242 Namque
789 2178 829 2227 ita
848 2177 993 2227 discedens
1009 2194 1119 2243 praece-

76 2255 184 2314 peram·
203 2244 338 2297 excusatio
355 2245 558 2310 Troianorum,
573 2261 609 2296 ne
626 2250 719 2312 portas
736 2243 862 2297 clausisse
878 2245 980 2298 timore
996 2246 1121 2300 videren·

84 2318 143 2364 tur.
178 2312 310 2380 Optimus
328 2316 432 2380 armis;
457 2314 563 2384 peritus
578 2328 739 2378 armorum,
755 2313 808 2363 dux
824 2316 953 2383 egregius
969 2315 1017 2383 qui
1034 2324 1062 2368 et
1078 2317 1121 2368 iu·
1175 2320 1179 2330 “

85 2389 153 2433 tura
168 2381 332 2448 provideret
349 2407 384 2420 -
417 2387 461 2440 41.
480 2383 512 2433 Si
529 2400 585 2449 qua
604 2383 710 2432 interea
728 2380 851 2449 fortuna
869 2383 993 2453 fuissem·
1017 2385 1121 2438 scilicet

84 2449 202 2502 bellicus
219 2464 305 2519 casus.
318 2452 354 2489 -’
386 2457 431 2508 43.
449 2451 549 2519 [Tutus
566 2461 711 2502 servarent
728 2468 827 2518 aggere
847 2470 957 2517 muros,·
975 2453 993 2504 i.
1007 2471 1033 2507 e.
1048 2462 1121 2504 tutos

84 2517 224 2574 beneficio
242 2519 351 2588 aggeris
368 2518 482 2585 muros]
499 2545 533 2558 -
565 2522 609 2576 44.
628 2518 737 2584 Pudor,
756 2523 861 2587 ⁴iraque
880 2523 1123 2582 monstrat;'licet
1191 2522 1197 2531 ‘

86 2604 137 2640 eos
152 2587 312 2639 hortaretur
328 2587 372 2639 ira
389 2596 416 2639 et
432 2589 529 2658 pudor.
545 2615 580 2626 -
614 2593 657 2646 45.
676 2588 856 2707 qObiiciunm
880 2590 983 2642 obiices
1006 2596 1121 2659 ponunt,

73 2655 131 2708 -vel
155 2654 289 2707 obiicibus
311 2656 455 2724 muniunt,
478 2664 507 2711 et
547 2675 579 2709 er
593 2653 648 2708 hoc
664 2657 785 2708 cudunt.
817 2657 989 2720 Facessunt‚·
1011 2659 1058 2711 hic
1080 2659 1123 2710 ia·

86 2724 181 2788 ciunt,
197 2725 264 2777 alias
280 2722 435 2791 discedunt,
459 2735 503 2779 ut:
526 2675 581 2776 itta
599 2725 666 2774 hine
677 2724 813 2792 facessat.
830 2751 865 2764 —
898 2731 942 2784 46.
960 2727 1119 2791 Turribus3

85 2809 141 2862 pro
165 2795 196 2844 in
219 2790 368 2857 turribus]
384 2817 419 2832 ·-
459 2793 655 2852 47.'andum
680 2810 795 2860 agmen,-
819 2794 944 2865 peditum
966 2796 1047 2863 dicit,
1071 2794 1121 2865 qui

85 2861 215 2931 equitum
240 2862 449 2931 comparatione
471 2862 544 2914 tardi
567 2868 637 2912 sunt.
654 2887 688 2898 -
721 2865 765 2917 48.
787 2861 857 2915 Urbi
862 2887 873 2928 ‚-
895 2863 1013 2931 Troiae,
1035 2882 1120 2935 quam

85 2932 195 2983 feceram
219 2933 324 2982 Aeneas
353 2937 508 2982 castrorum
538 2929 568 2981 in
598 2945 714 2981 morem.
736 2952 774 2968 -
812 2936 857 2990 49.
880 2930 1007 2986 Maeuiis
1038 2951 1119 3003 quem

88 2998 233 3066 Thracius
258 2998 347 3064 albis;
372 2998 491 3067 [figuras
515 2998 630 3051 maculis
653 2998 728 3049 albas
750 2997 856 3066 habene
881 3000 927 3067 et]
950 3018 1018 3056 nove
1043 3004 1120 3057 albas

87 3066 212 3121 maculas
229 3066 309 3133 dixit,
332 3084 397 3119 cum
419 3068 534 3137 proprie
558 3067 732 3120 macularum
749 3067 818 3122 haec
836 3069 871 3121 sit
886 3067 1002 3137 natura,
1020 3079 1054 3123 ut
1070 3073 1120 3124 ob·

87 3136 220 3190 scuritate
242 3153 291 3188 sua
313 3136 408 3188 album
430 3136 701 3207 aliquidinfuscent.
724 3165 759 3175 —
808 3143 850 3196 50.
877 3138 1023 3206 cristaque
1050 3143 1118 3208 tegit

87 3206 171 3274 galea
190 3222 277 3256 aurea
297 3198 398 3268 rubra3
420 3207 482 3274 [pro
507 3208 588 3281 galea
608 3207 710 3257 cristas
727 3206 832 3258 habens
851 3210 967 3260 rubras:
989 3207 1047 3274 sed]
1063 3210 1118 3261 duo

88 3274 202 3327 ablativi
219 3281 297 3338 sunt,
319 3280 346 3325 et
364 3273 417 3324 duo
435 3275 612 3340 nominativi,
635 3289 704 3343 quos
727 3276 845 3328 metrica
861 3277 968 3329 ratione
986 3277 1119 3330 discerni·

87 3359 159 3399 mus.
192 3342 265 3394 Nam
283 3344 369 3394 rubra
389 3346 490 3410 cristo,
506 3344 606 3412 longae
622 3350 686 3394 sunt
702 3343 830 3411 ultimae,
846 3344 910 3414 quia
928 3341 1039 3397 ablativi
1055 3354 1118 3407 sunt

87 3427 175 3465 casus.
215 3410 286 3464 Sane
308 3411 466 3463 huiusmodi
487 3429 580 3465 versus
603 3410 714 3482 pessimi
737 3420 807 3465 sunt.
823 3441 859 3451 -
900 3420 942 3472 52.
965 3413 1034 3481 [En,
1059 3417 1119 3480 ait,-

89 3479 199 3549 eclipsis
214 3479 395 3531 festinationis
413 3481 607 3548 exprimendae
625 3479 722 3548 gratia,
739 3481 872 3550 quidquid
889 3484 964 3534 enim
981 3482 1119 3537 addideris

88 3565 184 3603 sensus
207 3544 404 3613 admittet.]'-
439 3556 481 3607 53.
507 3548 684 3618 Principium
705 3568 834 3618 pugnae,-
857 3551 910 3602 hoc
932 3550 967 3604 de
990 3550 1119 3607 Romana

89 3609 275 3671 tollemr‘xitate
297 3624 419 3669 tractum
436 3624 483 3669 est.
519 3617 592 3669 Cum
616 3618 691 3670 enim
709 3619 836 3671 volebant
858 3617 964 3670 bellum
986 3620 1119 3688 indicere,

88 3686 171 3740 Pater
194 3692 330 3754 patratus,
353 3684 407 3737 hoc
432 3693 491 3751 est,
516 3687 612 3754 prince
632 3702 644 3737 s
666 3687 811 3740 Fetialium
836 3687 1059 3758 proficiscebatur
1083 3690 1119 3744 ad

87 3754 212 3808 hostium
227 3755 309 3819 fines,
331 3762 360 3807 et
382 3757 522 3822 praefatus
540 3704 675 3823 quereiam
697 3755 852 3821 sollemnia,
873 3757 947 3808 clara
963 3773 1029 3811 voce
1044 3759 1119 3812 dice·

88 3825 153 3892 bat,
175 3839 204 3875 se
231 3821 336 3875 bellum
358 3822 480 3876 indicere
502 3831 626 3893 propter¹
641 3833 729 3876 certas
752 3841 863 3889 causas,
885 3832 933 3878 aut
948 3827 1012 3894 quia
1030 3827 1118 3879 socios

87 3893 240 3961 laeserant,
256 3899 304 3943 aut
321 3892 386 3958 quia
402 3910 455 3945 nec
472 3893 587 3962 abrepta
603 3892 741 3958 animalia,
757 3910 807 3946 nec
825 3893 954 3945 obnoxios
970 3895 1118 3948 redderent

88 3963 136 4088 psl.
155 3959 352 4019 reddiderant).
386 3961 422 4012 Et
444 3962 514 4014 haec
531 3962 682 4029 clarigatio
699 3961 842 4014 dicebatur
857 3979 874 4019 a
892 3963 1020 4016 claritate
1038 3964 1119 4016 vocis.

111 4037 153 4085 ost
169 4045 255 4105 quam
270 4028 479 4100 ciariguionem
501 4029 580 4084 hasta
595 4029 626 4084 iu
641 4045 739 4084 eorum
755 4031 823 4087 fines
838 4030 923 4085 musa
943 4031 1117 4086 indicabatur
