2454 4500
164 255 230 322 274
385 265 392 283 ’
420 248 561 313 sanun
584 186 938 315 commentiolus

167 433 297 489 laboriosi
305 472 318 498 ,.
335 441 364 487 et
380 433 482 487 merito
499 433 547 502 qui
562 435 672 489 coelum
687 435 817 501 sustinet,
838 434 912 487 unde
935 431 989 499 ait]
1006 430 1118 503 fulcit,
1136 427 1199 503 [hoc

169 501 223 570 est]
251 504 380 569 susfinet,
407 504 539 573 [propter
560 502 758 568 altiurdinem];
787 518 854 556 nam
875 503 952 555 altus
984 502 1142 565 estnimie.
1165 526 1197 539 -

168 578 231 632 248.
247 572 383 640 [Atlantis
407 574 546 635 cinctum,
570 572 697 641 repetitio
721 589 787 622 curn
804 570 997 623 emendatione
1013 576 1044 621 et
1060 578 1126 623 actu
1142 572 1223 645 (tert,-b

169 640 265 704 crui).
281 668 316 679 -
349 647 410 697 250.
428 637 503 702 Nix,
526 641 603 690 nivis
619 641 700 692 facit:
716 641 763 691 sed
781 630 908 691 verbum*
921 641 1040 709 ninguit
1056 654 1116 691 nou
1136 634 1212 689 hinc'

169 709 257 774 vem't,
279 708 328 761 sed
344 708 380 759 ab
397 722 430 758 eo
468 706 521 761 uod
538 716 579 759 est
594 709 661 759 haec
680 710 800 775 ninguir
822 707 862 774 [et
885 706 937 758 liae
955 704 1103 775 ningues]
1136 702 1195 773 (sia)

168 777 312 830 Lucretius
335 782 383 842 (6,
399 724 484 836 7363:
508 776 593 826 Albas
617 777 760 846 effundere
784 777 914 842 ningues.
954 775 1091 842 Ninguit.
1108 781 1194 826 autern

168 846 261 915 prima
277 861 396 913 persona
411 850 503 909 caret,
526 852 554 895 et
570 846 704 897 secunda:
728 842 793 913 quia
813 858 871 895 non
895 851 936 896 est
958 843 990 895 in
1013 849 1112 895 nostro
1128 840 1194 895 arhi-

167 916 238 976 trio;
259 912 318 982 [sed
335 913 369 964 ad
386 912 470 963 deum
485 915 612 982 pertinet.
645 911 749 965 Fabula
773 920 869 965 autern
885 910 946 964 talis
963 918 1019 963 est:
1044 910 1124 963 Nilrn
1139 906 1193 963 cd·

166 982 257 1035 liroen
274 980 379 1033 oceani
394 981 481 1032 filiam
497 982 617 1033 amabat
651 982 691 1032 Ex
706 982 749 1033 his
761 990 832 1034 ‘nata
848 978 938 1048 puella
954 977 1072 1031 nomine
1086 978 1193 1043 Chione,

206 1067 253 1103 am
269 1048 356 1121 [curn]
378 1065 444 1100 rure
467 1048 552 1100 vitam
568 1057 697 1118 agentem
714 1051 838 1121 luppiter
854 1047 997 1101 Mercurio
1014 1046 1078 1097 tolli
1083 1084 1092 1111 ,
1107 1054 1136 1099 et
1148 1060 1193 1107 nu·¹

188 1118 248 1171 ibus
264 1116 373 1169 misceri
388 1118 544 1187 praecepit,
566 1117 639 1169 unde
655 1118 761 1170 facturn
777 1126 833 1183 est,
857 1123 888 1166 ut
909 1115 985 1168 uires
1002 1131 1077 1183 quae
1098 1112 1193 1167 cadunt
1225 1114 1227 1192 (

168 1188 277 1239 Graece
293 1188 378 1248 κίονες
393 1185 581 1255 appellentur,
596 1201 667 1254 quae
685 1195 780 1238 tamen
796 1186 871 1239 nives
887 1189 1130 1254 repraesentantes
1144 1182 1191 1235 vir·
1224 1202 1227 1260 j

168 1252 246 1325 gines
263 1263 291 1307 et
305 1255 389 1306 vitam
411 1253 549 1322 priorem,
571 1254 711 1305 montibus
728 1255 816 1322 magis
832 1250 987 1306 inhaerent.
1019 1248 1089 1304 Ideo
1106 1256 1191 1304 eruent
1224 1267 1227 1284 ⁸

168 1324 288 1376 calentes
305 1322 380 1374 nives
397 1329 455 1372 sata
472 1329 601 1387 exurunt,
616 1330 648 1372 ut
665 1324 809 1376 ostendant
824 1322 947 1391 puellam
964 1319 1097 1372 iniuriam
1114 1332 1190 1389 qum

167 1391 282 1463 pertulit
303 1407 321 1442 a
343 1390 444 1441 rustico
472 1388 629 1455 vindicare]
645 1417 680 1428 -
719 1399 781 1450 251.
800 1391 1004 1455 Praecipitant3
1028 1395 1061 1439 ut
1084 1390 1133 1454 (2,
1148 1386 1191 1450 fil:

168 1460 234 1513 Not
256 1454 373 1509 humida
399 1459 472 1510 coelo
500 1455 684 1526 Praecipitat,
713 1454 975 1531 [praeominatum]
1022 1453 1123 1521 Smin
1150 1459 1191 1507 tud

168 1536 280 1599 propter
298 1535 433 1580 aetatem:
455 1535 505 1578 aut
527 1527 627 1579 adlusit
642 1528 678 1580 ad
702 1529 788 1580 nives:
814 1536 845 1579 ut
868 1526 915 1594 (G.
932 1531 966 1590 1,
1019 1522 1056 1586 .):
1081 1522 1192 1577 Gelidus
1222 1554 1227 1605 '—

169 1599 250 1648 canis
269 1613 332 1646 cum
351 1597 493 1646 montibus
517 1595 618 1646 humor
634 1594 778 1663 Liquitur.
815 1596 925 1664 [Riget3
950 1609 966 1644 u
1023 1590 1129 1713 Ἢ
1148 1596 1192 1659 eti,
1222 1611 1227 1673 p

167 1675 216 1717 aut
238 1673 316 1718 recta
339 1673 394 1717 est:
418 1662 491 1715 turde
517 1672 546 1716 et
570 1668 691 1732 rigorem
714 1665 831 1717 dicimus
848 1663 1040 1714 directionem.
1126 1664 1192 1713 eat
1223 1690 1226 1696 ·

168 1733 214 1800 (G.
232 1741 249 1791 3
275 1734 362 1796 363.);
384 1731 528 1798 Vestaeque
548 1735 704 1801 rigescunt,
720 1741 750 1785 et
767 1737 803 1799 (7,
819 1730 909 1796 447.):
928 1729 1086 1801 Diriguere
1104 1722 1192 1793 oculi]
1222 1699 1227 1814 l

167 1828 201 1841 -
236 1810 296 1860 252.
318 1800 437 1852 Paribus
456 1802 527 1865 alin
545 1801 601 1853 leni
618 1802 722 1864 volatu,
738 1807 769 1851 ut
784 1804 827 1868 (9,
844 1799 910 1862 14.):
928 1797 1028 1848 Dixit.-
1047 1808 1074 1848 et
1090 1800 1123 1850 ιἰι
1139 1812 1191 1849 ece·
1226 1827 1227 1832 =

170 1871 227 1923 lum
246 1871 363 1936 paribus
381 1887 410 1921 re
428 1872 546 1922 sustulit
564 1871 629 1921 alis.
663 1869 791 1939 [Nitens,·
815 1869 927 1937 quidam
986 1881 1003 1916 ο
1027 1864 1131 1919 volans
1152 1880 1191 1917 ιο·
1222 1892 1227 1949 Ἰ

167 1940 287 2008 cipiunt,
309 1947 338 1990 et
359 1946 399 1989 est
423 1937 599 2010 participium
622 1956 639 1989 a
665 1938 746 1991 verbo
772 1934 868 2002 nitar]
903 1934 953 2003 Cyl
966 1936 1070 1999 euius,·
1093 1940 1140 1987 aut
1159 1932 1190 1984 ab
1222 1954 1227 2019 p

168 2009 239 2059 avia:
257 2007 330 2058 unde
347 2004 427 2077 paulo
444 2015 519 2074 post:
539 2007 666 2074 Cyllenia
683 2008 783 2074 proles.
816 2007 871 2058 Aut
887 2023 903 2057 a
919 2003 1048 2071 Cyllene,
1064 2002 1191 2055 Amudin

167 2083 277 2139 monte,
301 2073 348 2124 ubi
371 2073 472 2125 dicitur
496 2092 554 2128 esse
578 2078 704 2127 nutritus.
728 2102 763 2137 -,
804 2080 865 2133 253.
891 2072 960 2124 Toto
985 2087 1119 2138 corpore,·
1141 2080 1189 2123 ιιιιο

167 2146 274 2209 impetu
292 2159 423 2192 excussus.
458 2142 502 2194 Sic
519 2144 645 2195 Lucanus
668 2148 709 2210 (6,
726 2142 815 2205 755.):
839 2141 897 2192 Nec
915 2161 943 2192 se
962 2141 1063 2191 tellure
1081 2142 1188 2191 cadaver
1222 2174 1226 2181 -

169 2211 309 2261 Paulatim
327 2229 375 2276 per
394 2212 513 2261 membra
534 2215 619 2276 levat,
643 2226 770 2277 terraque
797 2213 938 2277 repulsum
957 2220 998 2259 est
1014 2208 1188 2275 Erectumque

168 2280 259 2331 semel.
275 2303 310 2316 -
343 2283 404 2335 254.
423 2282 475 2329 Avi
493 2282 613 2339 similis;
630 2283 813 2348 incongruum
831 2280 918 2331 heroo
934 2275 1054 2329 credidit
1070 2276 1188 2342 carmini,
1216 2294 1221 2315 ι

167 2350 190 2399 si
213 2363 341 2414 mergtun
364 2348 483 2413 diceret,
507 2350 571 2416 [vel,
594 2356 625 2398 ut
648 2349 760 2417 quidam
783 2349 890 2413 uolunt,
913 2345 1053 2410 srdicaml:
1079 2354 1109 2397 ut
1132 2343 1186 2397 alibi

167 2416 303 2467 ciconiam
320 2432 369 2482 per
386 2416 562 2482 Periphrasin
578 2417 669 2486 posuit
684 2418 728 2483 (G.
743 2427 769 2480 2,
786 2417 875 2477 320.);
891 2415 1020 2465 Candido
1040 2418 1118 2465 verrit
1134 2415 1186 2465 auis
1221 2430 1225 2443 ¹

169 2487 262 2551 longis·
281 2487 375 2535 invisa
395 2486 528 2536 colubris.
561 2484 604 2536 Sic
622 2495 663 2538 est
685 2486 728 2552 (G.
748 2493 778 2550 l,
795 2484 881 2548 3413:
905 2484 940 2533 Et
963 2494 1034 2534 testa
1063 2500 1125 2534 cum
1148 2501 1186 2534 or·

169 2556 246 2604 dente
271 2555 394 2603 uiderent
412 2554 499 2620 (codd.
523 2555 637 2618 videret)
663 2555 824 2605 Scintillam
844 2555 948 2612 cleum3
971 2553 1019 2620 [ne
1036 2552 1187 2605 diceretlu·
1221 2588 1224 2593 ·

167 2638 283 2673 cernam
305 2623 432 2673 tenuiter.
466 2622 536 2673 Sane
559 2624 652 2674 fabula
668 2625 703 2674 de
725 2637 823 2691 mergo
846 2622 907 2673 talis
925 2628 979 2671 est:
1001 2623 1121 2672 Aesacus
1137 2618 1187 2701 qui·

166 2692 232 2742 darn
249 2706 318 2758 puer
335 2691 454 2759 nympha
470 2692 544 2742 Alexi
561 2692 701 2761 praeditus
719 2690 872 2758 (Alexirhod
889 2688 1001 2752 editus),
1025 2689 1111 2741 aliam
1127 2704 1187 2742 erue·

167 2760 230 2811 dem
248 2758 331 2811 fontis
347 2760 498 2828 nympham
515 2761 640 2826 amabat,
658 2777 728 2828 quac
745 2774 810 2808 cum
826 2760 1019 2826 insequentem
1038 2767 1186 2811 amatorem

166 2830 289 2894 fugeret,
316 2827 349 2878 ad
375 2827 513 2896 quoddam
535 2846 617 2898 specu
641 2829 732 2880 delata
755 2830 858 2879 calcato
875 2834 1003 2896 serpente
1027 2827 1185 2909 interempta
1216 2870 1219 2893 ἱ

166 2906 220 2955 est3
238 2897 311 2963 quod
324 2903 470 3014 postquam
489 2907 595 2948 amator
613 2897 693 2961 vidit,
710 2898 738 2946 in
757 2913 835 2946 mare
852 2913 880 2947 se
898 2895 1103 2966 praecipitavit,
1119 2907 1186 2947 curus
1217 2898 1220 2963 J

165 2981 230 3015 curn
247 2980 323 3014 mem
344 2982 374 3014 ra
390 2968 530 3016 ferrentur
553 2965 694 3029 fluctibus,
720 2964 895 3017 miseratione
919 2965 1039 3016 deorum
1062 2965 1094 3015 in
1116 2976 1184 3017 avem

166 3049 294 3100 mergum
310 3041 429 3083 mutatus
446 3041 501 3097 cst,
524 3033 589 3102 (pria
604 3051 713 3100 semper
731 3032 820 3100 mergi
838 3031 966 3083 fluctibus
982 3035 1113 3098 gaudent.
1146 3033 1185 3083 Ed
1215 3032 1221 3093 ξ

165 3111 259 3154 cirtem
276 3108 305 3153 et
321 3098 373 3152 hoc
389 3102 568 3152 Homericum
591 3103 653 3170 (Od.
671 3120 699 3164 e,
717 3103 782 3163 all:
807 3096 921 3155 Zuaiur'
936 3094 1021 3153 ’ἔπειτ’
1039 3099 1086 3154 ἐπὶ
1111 3096 1183 3170 ripae,
1217 3110 1220 3127 ²

165 3190 190 3224 ιι,
208 3190 233 3223 r.
251 3167 274 3222 λ.
294 3195 329 3206 -
363 3176 423 3228 255.
443 3170 587 3235 piscosas,
611 3171 789 3240 pisculentos,
812 3187 893 3222 causa
910 3188 959 3221 cur
977 3170 1058 3223 volet.
1092 3170 1184 3221 Humi·
1217 3178 1225 3187 “

166 3242 202 3290 lis
210 3265 218 3304 ,·
244 3239 400 3303 humiliter,
423 3247 586 3290 attractum
604 3247 645 3291 est
661 3240 696 3291 ab
714 3239 815 3303 humo,
832 3248 862 3288 ut
879 3240 924 3304 (G.
942 3247 972 3303 3,
990 3241 1042 3301 9.):
1067 3237 1132 3357 ἵνα
1150 3253 1183 3288 nte

165 3327 271 3375 quoque
283 3310 389 3374 possim
404 3307 511 3358 Tollere
525 3306 677 3372 humo.]-
711 3316 772 3365 257.
785 3305 870 3358 Litus
884 3307 1056 3359 harenosum
1096 3310 1182 3375 ibyue,¹

164 3375 236 3429 lene
254 3377 424 3428 harenosum
440 3376 552 3428 addidit.
586 3377 658 3428 Nam
675 3377 704 3428 in
721 3376 808 3444 Libya
826 3385 900 3428 erat:
924 3376 971 3428 sed
990 3377 1095 3429 nonin
1112 3378 1182 3430 liare·

164 3460 237 3496 nosa.
271 3445 438 3496 Mauritania
455 3445 531 3497 enim
548 3461 644 3512 aspera
662 3455 689 3498 et
704 3445 830 3497 silvestris
848 3455 895 3498 est
929 3445 1101 3512 [Ventosque
1118 3463 1181 3496 secc-

165 3516 225 3578 but,
252 3514 316 3580 quia
340 3514 429 3564 omnis
454 3514 508 3563 avis
525 3512 554 3563 in
571 3521 680 3565 ventum
699 3513 783 3577 volat,
806 3523 837 3564 ut
854 3519 897 3580 (5,
914 3514 999 3575 ili-l:
1027 3516 1084 3566 uta
1110 3527 1180 3567 natos

165 3594 244 3648 atque
271 3594 331 3633 atra
357 3581 456 3633 volans
480 3584 511 3631 iu
530 3583 628 3632 nubila
648 3580 753 3651 fugit]
770 3608 804 3621 -
838 3589 899 3640 258.
916 3584 1047 3635 Materno
1068 3586 1102 3635 ab
1121 3596 1180 3643 αυσῐ

163 3669 213 3720 per
236 3649 341 3701 Maiam
357 3653 472 3702 Atlantis
496 3650 592 3702 filiam.
610 3675 645 3687 ·-
679 3656 739 3709 259.
757 3653 876 3718 [Alatis3
904 3652 1083 3721 participium
1108 3651 1180 3705 verbo

162 3714 280 3781 carens]
313 3717 462 3785 Magalia5
486 3721 615 3770 Afrorum
632 3736 723 3783 casas,
746 3727 775 3771 et
793 3723 916 3788 mapalia
934 3720 1010 3771 idern
1028 3721 1182 3789 significant,

161 3788 210 3839 sed
235 3789 374 3852 magalia,
398 3807 458 3850 ma,
483 3787 624 3854 producit,
647 3791 774 3855 mapalia
796 3806 859 3841 vero
883 3788 956 3841 corri
977 3788 1011 3839 it:
1040 3798 1071 3841 ut
1094 3791 1181 3857 (6.3,

161 3852 534 3914 340.);Ειταιίιὴαὺίταια
554 3857 677 3922 mapalia
697 3859 783 3907 tectis.
803 3885 836 3896 -—
871 3865 931 3915 261.
969 3860 1083 3910 tellatus
1103 3859 1181 3925 iaspi·
1216 3890 1221 3895 -

159 3925 190 3973 de
202 3923 306 3990 Ι(ιιὶυιι,
324 3925 419 3991 [Gaius
436 3924 585 3977 Memmius
603 3926 635 3977 de
652 3926 794 3996 triumpho
812 3927 931 3977 Luculli:
949 3925 1065 3993 Syriaci
1083 3931 1180 3980 calceo·
1215 3940 1218 3967 ²

155 3994 178 4046 li
194 4009 366 4062 genrmcrum
385 3995 489 4048 stellati
503 3994 652 4050 coloribus.
688 3994 868 4067 l’articipiuur
888 3996 946 4050 sine
962 3996 1062 4066 (verbo.
1097 3998 1181 4067 laspi·
1214 4004 1217 4009 '
