2454 4500
93 280 101 299 ·
138 328 145 337 ,
180 278 218 319 n«
239 256 401 331 vraon„
424 221 596 319 aarum.
618 255 699 319 ma
721 256 779 333 111,
800 262 951 327 ’κε-γε,
983 206 990 230 ’
1024 256 1101 328 rss‘

54 461 115 497 eran
134 443 230 497 Diana
254 443 290 494 sit
312 442 406 512 virgo,
426 449 522 494 tamen
544 457 561 493 a
585 436 801 507 parturientibus
824 438 974 492 invocatam
1013 434 1088 493 Hdeo

10 566 12 573 .
53 530 176 583 namque
193 519 236 563 est
252 511 356 576 Ih‘ana,
379 512 464 576 Iuno,
483 511 664 579 Proserpina.l
693 509 765 559 Nata
787 507 872 575 igitur
895 508 950 559 duo
973 510 1089 564 numina

53 591 161 636 terram
178 580 234 633 sihi
259 580 380 631 natalem
397 595 492 631 errare
509 594 565 629 uon
583 594 661 646 passa
678 582 755 640 sunt,
778 577 825 628 sed
843 592 906 631 earn
924 577 1028 630 duabus
1045 582 1087 634 in-

52 650 115 703 tulis
131 650 328 718 religaverunt
363 648 470 699 Veritas
486 663 551 698 vero
574 645 656 712 longe
673 643 727 695 alia
744 651 791 695 est
825 644 897 695 Nam
915 646 984 698 haec
1000 646 1090 702 insula
1173 668 1203 718 μ

52 737 115 772 cum
137 724 333 786 terraemotu
355 716 512 778 laboraret,
534 715 582 781 qui
605 715 636 763 lit
658 712 709 763 sub
733 713 815 763 terris
831 713 978 769 latentibus
995 720 1090 787 ventis,
1128 758 1131 763 .

49 789 120 840 'deut
136 787 270 839 Lucanus
288 789 330 850 (3,
346 787 432 847 460.)τ
459 782 642 849 Quaerentem
666 798 806 846 erumpere
824 794 935 831 ventum
955 783 1092 854 Credidit,
1169 840 1177 853 .

53 856 167 910 oraculo
176 853 333 925 Apollinis,
356 860 448 905 terrae
471 860 551 904 motu
573 850 670 902 caruit.
704 850 777 899 Nam
801 853 956 921 praecepit,
978 870 1013 906 ne
1031 856 1088 907 illio
1183 858 1188 865 '

51 933 182 978 marmus
199 923 379 993 sepeliretur3
397 922 473 972 utin
490 919 624 971 Vulcano:
642 926 670 970 et
685 919 776 982 iussit,
800 919 937 985 quaedam
954 922 1089 979 sacrificia

51 995 124 1048 fieri:
149 999 248 1062 postea
272 1009 287 1043 e
311 989 429 1056 Mycone
454 988 542 1055 (codd.
560 987 654 1039 Burm.
671 985 798 1049 Micouo)
823 988 969 1057 Gyaroque
994 991 1088 1046 vicinis

50 1063 146 1116 in'sul's
165 1059 264 1131 populi
279 1065 426 1120 venerunt,
442 1059 496 1125 ¹qui
515 1073 578 1108 eam
603 1063 745 1115 tenerent3
768 1056 943 1123 quodetiam
962 1059 1089 1128 Virgilius

50 1131 172 1184 latenter
190 1126 315 1181 ostendit
350 1126 430 1192 Quod
453 1133 547 1177 autem
571 1125 702 1189 diximus,
725 1123 845 1175 Dianam
869 1127 961 1197 primo
985 1138 1088 1197 natam,

52 1199 170 1253 rationis
187 1205 238 1250 est
272 1197 346 1247 Nam
362 1200 481 1257 constat,
505 1194 625 1263 primam
642 1200 752 1243 noctem
768 1193 870 1247 luisse:-
888 1199 964 1246 cuim
989 1197 1088 1251 instru-

52 1278 182 1321 mentum
208 1272 249 1318 est
264 1264 357 1327 Lama,
380 1262 398 1313 i.
415 1281 439 1314 e.
457 1262 563 1323 Diana3
592 1269 619 1313 et
635 1268 696 1331 post
711 1261 800 1325 diem,-
823 1278 907 1329 quem
928 1264 973 1316 Sol
995 1267 1087 1335 efficit,

53 1338 99 1407 qui
116 1333 280 1403 estApollo.
313 1332 350 1382 Ut
366 1338 459 1385 autem
477 1330 564 1381 Delos
580 1329 673 1400 primo
687 1328 808 1397 Ortygia
819 1331 967 1397 diceretur,
982 1335 1088 1389 sactum

12 1440 15 1444 ι
54 1414 94 1459 est
109 1421 128 1455 a
147 1401 313 1464 coturnice,
338 1416 409 1468 quae
426 1416 524 1467 graece
541 1392 623 1468 ὄρτυξ
639 1406 757 1449 voratur.
792 1398 880 1451 Delos
897 1410 1005 1467 autem,
1023 1406 1089 1473 quia

54 1474 99 1526 diu
121 1471 222 1535 latuit,
247 1477 275 1521 et
298 1477 393 1535 postea
416 1468 553 1537 apparuit.
584 1466 660 1518 Nam
685 1462 767 1531 δῆλον
782 1466 884 1520 Graeci
908 1470 1087 1526 manifestum
1155 1515 1158 1521 .

55 1543 157 1595 dirrmt.
192 1537 244 1590 Vel
260 1537 334 1605 quod
350 1537 439 1589 verius
457 1544 511 1599 est,
528 1536 674 1604 quiscum
691 1535 794 1603 ubique
811 1536 941 1654 Appllinir
957 1556 1089 1612 responsa

57 1611 174 1662 obscura
198 1607 443 1669 mamanifeste
470 1604 525 1655 illic
549 1605 649 1656 dantur
672 1604 792 1656 oracula.
864 1606 919 1657 elos
940 1617 1036 1660 autem
1060 1622 1089 1666 et

58 1679 150 1731 civitas
167 1675 270 1727 dicitur
294 1683 322 1726 et
343 1674 439 1726 insula.
473 1673 551 1725 Unde
569 1671 615 1738 (et)
637 1672 777 1724 interdum
794 1674 851 1724 reci
872 1674 893 1724 it
908 1679 1089 1747 praepositio·
1156 1724 1161 1745 ,

58 1762 129 1801 uem.
176 1744 282 1812 [Socra
308 1745 398 1807 mari5
427 1759 494 1793 sane
517 1757 627 1792 sacrum
651 1741 766 1804 dicitur,
789 1692 871 1809 quoi
887 1745 941 1795 rite
963 1757 1088 1803 'sacratur

60 1816 131 1879 Deo,
154 1821 186 1864 ut
210 1812 410 1876 aedes',=arae,
434 1809 597 1875 simulacra,
619 1810 699 1864 dona.
741 1810 792 1860 Hic
816 1811 901 1879 igitur
918 1813 1029 1865 aedium
1046 1835 1088 1874 sa.

60 1897 178 1948 uanam,
195 1880 247 1933 etsi
263 1898 320 1931 non
337 1889 441 1951 aperte,
456 1888 580 1932 attamen
597 1878 722 1931 eiusdem
739 1878 808 1931 ritus
825 1880 954 1932 meminit
970 1899 1034 1935 cum
1051 1888 1087 1942 da

10 2000 12 2017 ,
60 1951 151 2005 insula'
165 1952 344 2018 loqueretur,
373 1949 403 2003 in
427 1965 482 2017 qua
504 1957 701 2018 praeterquam
724 1957 755 1996 ut
778 1964 855 2000 sacra
877 1950 996 2016 dixerat,
1020 1954 1038 2004 i.
1062 1973 1089 2008 e.

15 2044 18 2053 ·
63 2028 177 2085 ramata,
203 2018 326 2087 gratiam
342 2033 451 2087 quoque
475 2018 566 2087 posuit
588 2033 645 2068 non
668 2015 759 2067 solum
775 2015 873 2070 Doridi
891 2020 974 2070 matri
991 2021 1088 2076 Nerei·

63 2089 137 2155 dum,
161 2089 236 2157 quae
257 2087 403 2137 traduntur
427 2087 495 2139 deae
512 2085 621 2150 maris,
651 2086 698 2136 sed
721 2084 848 2154 Neptuno
873 2088 959 2138 etiam
982 2090 1087 2144 addidit
1164 2146 1169 2157 ,

64 2155 225 2210 dominatori
248 2155 372 2207 videlicet
396 2155 523 2208 omnium
546 2154 576 2206 in
599 2154 672 2204 mari
693 2153 818 2206 deorum.
854 2155 951 2206 Tellus
957 2180 967 2221 ‚·
995 2160 1087 2223 maior

65 2226 174 2295 dignitas
199 2232 242 2277 est
262 2224 357 2287 tellus,
386 2240 471 2292 quam
494 2224 517 2275 si
540 2222 650 2275 dixisset
671 2221 768 2274 insula.
791 2249 827 2261 -
865 2227 908 2282 74.
933 2225 1090 2280 Nereidum
1185 2280 1188 2287 ,

67 2297 157 2360 uurri5
181 2291 297 2357 Doridi,
319 2292 517 2360 quinquaginta
541 2291 729 2361 nympharum
745 2292 843 2357 matri,
867 2293 978 2363 coniugi
994 2296 1087 2351 Nerei.

66 2361 186 2430 Neptuno
212 2361 317 2429 Argeo,
349 2362 413 2429 quia
445 2363 475 2414 in
497 2363 590 2426 Aegeo
622 2358 698 2412 mari
719 2361 789 2413 haee
819 2361 906 2413 insula
928 2364 1016 2431 posita
1040 2375 1088 2420 est.

66 2432 125 2485 Sane
140 2432 218 2483 iuter
231 2430 441 2499 Hellespontum
458 2436 486 2482 et
492 2429 662 2482 Adriaticum
680 2446 768 2491 mare,
785 2445 868 2482 omne
883 2430 950 2484 illud
963 2435 1087 2501 Aegeum

22 2536 25 2559 ;
66 2500 223 2572 rppellatur,
246 2498 319 2567 quod
343 2514 447 2551 nomen
470 2516 487 2550 a
509 2507 590 2566 patre
616 2497 716 2551 Thesei
741 2499 832 2564 Aegeo
856 2514 922 2567 rege
940 2502 1102 2558 Athenien·⁸

66 2572 126 2623 tium
142 2569 250 2633 traxit,
267 2568 315 2636 qui
338 2567 368 2618 in
390 2584 471 2620 mare
494 2584 523 2619 se
547 2567 736 2638 praecipitavit
759 2583 872 2633 sperans
889 2577 1011 2622 mortem
1028 2573 1087 2626 filii.
1114 2600 1118 2615 ι

66 2638 128 2690 Cum
151 2637 231 2690 enim
248 2636 277 2689 in
293 2635 449 2703 labyrintho
466 2637 639 2687 Minotaurus
657 2643 727 2688 esset
741 2634 875 2701 inclusus,
898 2646 926 2690 et
941 2641 1087 2706 quotannis

16 2714 19 2749 ἑ
67 2722 90 2759 ex
110 2707 258 2761 nobilitate
275 2705 484 2757 Atheniensium
508 2713 614 2775 septem
637 2704 716 2776 pueri
740 2704 781 2756 vel
803 2705 909 2774 puellae
927 2707 962 2758 ad
978 2725 1087 2763 vescen-

15 2794 18 2801 ·
65 2775 123 2827 lum
150 2770 313 2826 Minotauri>
342 2776 539 2836 mitterentur,
571 2774 684 2826 tandem
714 2773 792 2823 dolor
823 2773 961 2826 Theseum
994 2778 1087 2832 subiit.

14 2844 17 2881 :
65 2842 197 2898 Proiectus
226 2843 321 2910 itaque
344 2851 384 2895 est
408 2843 443 2894 ad
465 2842 657 2894 Minotaurum
686 2840 897 2909 perimendum,
926 2846 1031 2914 pepigit
1052 2865 1087 2900 ue

65 2929 121 2969 oum
143 2920 240 2985 patre,
263 2920 294 2962 ut
317 2912 340 2962 si
363 2911 430 2964 illud
453 2918 610 2965 monstrum
634 2910 739 2961 visisset
755 2911 814 2961 vela
831 2913 948 2965 candida
973 2864 1093 2970 unuius-

63 2981 148 3047 daret,
164 2981 189 3032 si
205 2981 278 3033 forte
296 2999 313 3032 a
325 2980 484 3032 Minotauro
502 2978 598 3030 fuisset
614 2995 771 3048 oppressus,
787 2979 929 3046 navigium
943 2999 1008 3032 cum
1020 2985 1087 3036 atris

10 3088 12 3095 .
30 3052 119 3105 ''relis
134 3048 249 3103 rediret.
283 3048 335 3101 Sed
352 3065 417 3098 cum
435 3047 591 3100 extinxisset
607 3047 816 3113 Minotaurum,
833 3049 931 3102 oblitus
948 3067 1004 3102 non
1021 3068 1087 3104 cum

61 3119 192 3179 taudidis,
214 3117 262 3171 sed
278 3133 344 3168 cum
360 3116 446 3186 nigris
463 3115 528 3169 velis
543 3117 644 3169 reverti
662 3115 767 3183 coepit,
792 3124 819 3167 et
840 3119 912 3188 patri
929 3120 960 3170 in
976 3121 1087 3190 sperula

60 3188 203 3241 sorrstituto
218 3186 297 3239 triste
313 3184 355 3236 sui
371 3185 498 3237 interitus
513 3184 624 3252 signum
641 3185 729 3248 dedit,
752 3184 800 3252 qui
823 3187 972 3238 extinctum
995 3189 1085 3243 filium

10 3250 12 3257 ’
59 3258 169 3311 eredens
185 3271 215 3307 ae
231 3254 422 3327 praecipitavit
442 3254 472 3305 in
490 3271 583 3317 mare,
609 3254 680 3305 unde
697 3254 821 3320 Aegeum
837 3256 949 3324 pelagus
966 3257 1086 3328 appella·

58 3322 195 3388 tumeat]
211 3351 246 3362 —
270 3326 322 3382 75.
342 3320 411 3374 Pius
429 3324 604 3383 arsinoeum
629 3321 783 3392 Apollinem
801 3323 874 3377 dicit.
908 3325 993 3392 [Bene
1010 3329 1087 3396 pius,

57 3394 113 3461 rut]
137 3393 187 3463 qui
211 3392 281 3443 ultus
300 3398 341 3444 est
362 3400 484 3444 matrem
502 3391 546 3458 [de
563 3391 710 3459 Thyonae,
734 3389 838 3456 (Heins.
857 3391 949 3459 Tityo.
975 3394 1014 3449 Al.
1033 3397 1086 3465 Tys

55 3462 163 3536 phone)
179 3461 216 3512 de
232 3460 337 3525 Niobe,
353 3462 388 3513 de
404 3461 540 3528 Pythone:
559 3467 607 3511 aut
624 3463 687 3531 quia
705 3460 826 3529 patriam
843 3460 972 3513 stabilivit
990 3482 1086 3518 erran·
1142 3500 1146 3507 ,

54 3541 118 3586 tem.
153 3531 271 3597 Legitur
284 3536 326 3581 et
341 3533 431 3596 prius.
449 3556 485 3567 -
519 3533 562 3585 76.
579 3528 654 3597 Mys.
676 3527 761 3596 Gyar.
781 3531 886 3594 reoin.,·
904 3531 1017 3597 quidam
1035 3550 1086 3605 per

51 3600 199 3655 mrim
211 3597 317 3650 dictum
334 3605 440 3669 putant,
455 3612 523 3649 nam
535 3597 606 3650 inter
619 3597 768 3666 Myronem
780 3607 807 3650 et
820 3598 952 3666 Gyarum,
970 3602 1084 3671 Scyrum

51 3687 138 3728 uuam
151 3669 188 3721 de
196 3667 358 3735 Cycladibus
373 3684 430 3720 esse
444 3667 552 3717 dicunt:
569 3666 642 3718 rmde
658 3666 710 3717 fuit
724 3667 887 3720 Pherecides
899 3668 1085 3741 philosophus.

48 3740 100 3794 Alii
117 3737 230 3793 nullum
246 3743 389 3788 auctorem
406 3735 492 3787 alium
510 3751 567 3788 esse
583 3735 721 3798 adserunt,
739 3736 786 3803 qui
802 3735 891 3789 Delon
908 3737 943 3790 ah
960 3740 1086 3807 Apolline

48 3810 201 3878 religatam
224 3804 305 3856 dicat.
349 3805 464 3857 Constat
481 3803 562 3865 enim
588 3819 651 3856 eam
676 3811 740 3856 ante
764 3821 893 3872 evagare,
920 3814 948 3858 et
970 3817 1084 3878 propter

48 3878 176 3933 latonae
201 3881 314 3944 partum
331 3873 470 3926 restitisse.
504 3873 555 3924 Alii
573 3874 644 3924 hanc
662 3871 780 3924 insulam
797 3875 871 3925 inter
888 3874 1037 3943 Myconem
1054 3886 1083 3932 et

193 3941 331 3996 humilem
356 3960 413 3994 esse
430 3943 538 4006 dicunt,
562 3950 591 3993 ut
614 3941 657 3994 his
674 3940 752 4006 quasi
774 3942 884 3994 vinculis
901 3945 1083 3999 contiueatm.

46 4016 187 4073 &vinxit
211 4019 321 4082 autem,
344 4019 458 4084 putant,
479 4008 572 4082 [num]
594 4007 728 4080 retraxit]
743 4037 778 4052 -
812 4016 856 4072 78.
875 4010 938 4067 coli
955 4015 1045 4084 dedit,
1065 4033 1083 4069 ι
