2454 4500
126 250 174 316 nu
195 252 349 317 VIRGIL'.
372 253 540 321 suumn.
562 254 641 329 ΠΒ.
664 262 701 339 V,
726 270 914 335 sss-olo
982 274 1048 338 330

53 444 125 489 uicta
146 447 362 501 commemoret:
385 439 496 507 fugam,
518 452 641 510 pugnam
677 452 781 510 pacem.
800 466 834 480 -
874 445 936 501 588.
952 438 1044 514 Laby-

53 504 156 568 nrleus3
177 506 253 559 locus
274 504 348 576 apud
365 506 478 559 Cretam
498 509 585 560 factus
607 527 625 561 a
667 509 761 562 aedalo
784 510 918 577 perplexis
933 514 1045 581 parieti·

53 572 154 625 sss-ubi
168 572 340 625 Minotaurus
355 572 472 627 inclusus
488 583 543 640 est,
558 578 603 643 [ar
618 576 678 628 Pasi
698 577 750 628 had
767 585 794 629 et
807 579 899 630 Taum
915 579 1044 648 genitus]
1064 592 1069 605 ·

53 664 57 676 =
91 645 154 716 (189.
171 636 330 693 Parietibus
353 653 456 691 tertmn
480 645 569 693 coecis
593 646 663 708 iter,·
678 596 829 715 hypallage
852 654 905 698 est:
928 665 1043 700 coecum

53 722 76 757 rr
89 704 199 759 rnte'xtis
210 709 367 779 parietibus.
400 710 554 777 ancipitem
568 710 663 763 dolum
670 730 681 776 ,·
717 713 855 782 erplsrum
866 730 1043 769 errorem.-

53 778 83 831 ¹1.
100 774 236 839 Falleret‚·
252 778 407 845 frangeret,
423 777 568 847 deciperet
605 780 675 846 (Gue
698 782 790 835 .t1t
808 789 836 832 et
852 783 928 835 codd.
946 785 1039 836 Heins.

53 852 188 911 ungerem
210 844 366 915 deciperet,
386 842 521 907 falleret).
553 846 602 897 Est
624 854 717 900 autem
739 859 831 901 uersus
854 850 953 902 Catulli
968 853 1044 920 [(64,-

55 909 93 970 3.)
116 910 156 962 sic
171 910 335 981 inquientis:
356 910 526 962 Errabunda
549 926 648 981 regens
671 918 751 966 tenui
767 918 885 985 uestigia
903 916 975 984 filo,
997 920 1041 972 Ns

53 977 212 1043 hyrintlseis-
229 997 243 1031 e
260 980 388 1047 flexibus
414 981 595 1047 egredientem
613 982 690 1035 Tecti
708 983 900 1051 frustraretur
917 988 1042 1039 inobser·

55 1042 127 1115 bilis
149 1045 247 1113 erton]
262 1075 298 1087 -
338 1053 399 1108 593.
421 1049 594 1115 Impediunt3
617 1050 775 1121 implicant,
796 1053 926 1105 intenuit.
960 1053 1041 1125 Quod

53 1112 171 1165 vestibus
193 1121 320 1168 tractum.
339 1140 374 1153 -
407 1120 468 1173 594.
486 1114 674 1184 Delphinum,·
696 1127 745 1169 aut
759 1121 833 1171 venit
855 1120 891 1172 ab
914 1134 948 1173 eo
1005 1120 1041 1175 od

53 1186 60 1229 t
76 1179 218 1249 Delphin,
239 1182 396 1251 delphinis,
419 1198 436 1232 o
455 1183 597 1251 delphines
621 1192 669 1238 aut
686 1182 847 1253 delphinum
864 1204 915 1255 pro
933 1136 1003 1239 del¹¹
1015 1192 1039 1241 i.

53 1264 122 1299 rum
138 1251 237 1317 posuit,
251 1250 450 1319 (adelphium,
467 1252 611 1319 delphini]
643 1248 740 1306 Maria
754 1254 886 1320 leumida5
903 1257 1041 1317 Homerus

53 1352 62 1367 .
87 1334 123 1382 a,
139 1318 231 1382 453.):
255 1314 324 1391 o‘ypd
345 1316 470 1373 retroue.
493 1342 529 1357 ·-
567 1326 628 1382 595.
653 1321 853 1388 carpathium,
875 1339 953 1376 snare
975 1324 1039 1393 [est]

53 1394 92 1439 *er
116 1386 268 1457 Aegyptum
297 1397 326 1440 et
347 1387 491 1453 Rhodion,
521 1388 557 1440 nb
586 1388 676 1441 insula
698 1388 837 1460 Carpatho
865 1390 922 1442 illic
950 1392 1040 1471 posita

53 1451 157 1533 ictum]
202 1454 260 1507 Nec
282 1455 454 1521 mirandum,
483 1455 551 1508 duas
574 1471 640 1509 eum
663 1459 782 1527 posuisse
811 1466 1041 1526 comparationes,

53 1537 82 1571 m
99 1528 129 1573 et
143 1538 175 1572 m
188 1522 306 1576 secundo
323 1522 404 1590 (304.)
419 1522 472 1574 hoc
487 1524 597 1589 iecerit,
619 1532 665 1576 ut:
687 1525 722 1574 In
739 1536 853 1592 segetem
871 1527 959 1576 veluti
974 1542 1039 1576 cum

53 1605 135 1639 imma
146 1588 312 1657 furentibus
330 1592 437 1642 austris
454 1590 573 1656 Incidit,
589 1603 640 1641 aut
658 1592 774 1658 rapidus
792 1601 923 1645 montano
934 1593 1038 1661 flumi-

64 1668 188 1710 torrens.
220 1660 257 1711 Et
271 1658 301 1711 in
317 1658 461 1726 Georgicis
478 1661 522 1725 (4,
538 1659 612 1720 261.)
629 1667 686 1712 tres
722 1667 789 1712 onat
803 1663 1038 1731 comparationes:

53 1725 152 1791 igidus
170 1728 356 1794 utquondom
373 1728 456 1779 silvis
474 1729 671 1777 immurmurat
716 1739 796 1786 ustas.
831 1729 881 1781 Et:
907 1728 942 1779 Ut
959 1743 1036 1780 mare
1140 1758 1144 1767 ·

53 1793 174 1843 llicitum
197 1796 292 1846 stridit
322 1794 369 1861 (L.
392 1794 472 1845 Basil.
494 1794 605 1854 stridet)
640 1794 822 1861 refluentibus
848 1797 942 1848 undis.
988 1796 1038 1848 Et:

54 1871 134 1911 stuot
151 1872 180 1911 ut
204 1864 311 1913 clausis
335 1863 380 1929 (al
398 1880 424 1912 a.
443 1862 556 1924 ineius.)
575 1861 691 1928 rapidus
709 1863 882 1931 fornacibus
898 1866 985 1931 ignis.
1002 1884 1038 1903 ·-·-

53 1936 78 1986 7.
96 1927 211 1979 Primus
224 1930 379 1994 Ascanius,-
396 1929 505 1999 generis
522 1929 647 1981 ordinem
663 1930 755 1982 docet:
773 1931 849 1981 utin
864 1932 958 1998 primo
971 1931 1040 1984 drit-

53 2012 87 2049 us.
110 2022 146 2036 -
192 2002 252 2055 598.
276 1998 410 2061 Rettulit,-
440 1996 588 2061 mnovadt,
616 1998 689 2066 quod
709 1995 808 2066 [ante]
839 1998 896 2051 iam
925 2000 1042 2053 fecerat:

53 2066 130 2117 isoos
152 2062 289 2131 Latmos,-
315 2066 362 2135 qui
383 2072 530 2117 tenuerunt
551 2065 625 2130 loca,
646 2064 695 2117 ubi
717 2065 785 2118 Alba
808 2072 848 2117 est
868 2067 988 2129 condita,
1002 2092 1039 2107 -·

53 2139 76 2187 l).
94 2132 198 2199 Porro,-
221 2142 281 2203 post
295 2135 409 2202 longum
424 2133 611 2198 intervallum,
634 2138 662 2184 et
683 2140 724 2185 est
747 2133 908 2187 adverbium
929 2142 1039 2206 tempo·

53 2235 61 2251 .
97 2202 158 2267 [Eat
171 2209 265 2253 autem
280 2202 421 2254 Graecum
437 2196 550 2269 rediim]
565 2225 600 2239 -
633 2207 694 2259 602.
712 2196 852 2271 Troiaque
868 2209 935 2265 etc.;
951 2210 983 2254 ut
998 2204 1045 2256 ait'

53 2271 158 2321 etunius
175 2270 359 2337 Tranquillus:
381 2268 477 2319 Lusus
495 2273 569 2335 ipse,
593 2285 672 2337 quem
689 2269 772 2336 vulgo
790 2269 970 2338 pyrrhicham
988 2289 1038 2339 op·

53 2334 168 2402 lla[oi]t,
193 2336 279 2388 Troia
303 2350 434 2389 occatur.-
458 2338 534 2389 cuins
557 2338 694 2403 originem
711 2338 843 2408 expressit
866 2338 896 2388 in
912 2336 984 2390 libro
1001 2340 1037 2392 de

53 2418 167 2455 erorum
181 2405 290 2456 lusibus.
307 2430 342 2442 -
375 2411 435 2462 sot.
453 2404 515 2455 Hac
539 2407 672 2456 celebrata
697 2416 794 2469 tenus,-
818 2406 925 2458 Turesis
948 2398 1036 2473 (codd.

53 2469 104 2532 m.)
120 2478 175 2536 est,
190 2472 253 2540 [hoc
271 2472 336 2538 est,]
353 2472 500 2538 hactenus,
518 2481 545 2525 et
561 2473 606 2524 hic
622 2489 728 2539 sermo,
744 2481 878 2541 quantum
894 2473 931 2526 ad
946 2481 1036 2527 artem

53 2545 137 2604 rotat,
159 2540 225 2591 duas
248 2542 370 2593 continet
392 2549 484 2608 partes
507 2542 653 2594 orationis:
683 2548 714 2591 ut
737 2540 790 2590 hac
814 2556 969 2609 pronomen
992 2542 1040 2609 sit,

53 2622 101 2657 sus.
114 2606 294 2676 praepositio,
316 2610 386 2661 sicut
400 2610 471 2675 pube
489 2621 584 2674 tenus,
607 2616 635 2659 et
657 2624 770 2659 crurum
788 2620 884 2659 tenus.-
907 2610 954 2662 sed
976 2609 1036 2663 iam

53 2674 228 2740 reobtinuit,
251 2681 282 2725 ut
297 2692 348 2745 pro
365 2691 419 2729 una
442 2685 520 2745 parte
543 2676 693 2741 habeatur,
716 2691 782 2743 ergo
803 2676 965 2729 adverbium
980 2685 1037 2738 est;

53 2742 122 2793 mim
138 2743 228 2794 omnis
251 2759 315 2810 pars
331 2745 460 2796 orationis
484 2760 549 2795 cum
565 2744 678 2796 desierit
700 2760 758 2796 essa
775 2744 849 2812 quod
865 2750 920 2807 est,
941 2745 972 2795 in
988 2743 1036 2795 ad·

52 2808 141 2861 :bium
164 2811 280 2876 migrem
304 2819 332 2863 et
354 2820 395 2863 est
415 2813 560 2878 temporis:
583 2825 649 2862 nam
671 2810 811 2879 hucusque
833 2810 976 2879 signilicat.
1000 2835 1035 2849 ·-

53 2870 149 2934 iliis
171 2880 309 2945 primum,
331 2877 453 2948 sequitur
476 2880 551 2930 enim
572 2878 693 2929 Palinuri
715 2894 791 2928 mors
814 2879 856 2931 vel
876 2877 984 2931 Miseni.
1001 2905 1037 2918 -

53 2952 74 3003 5.
91 2944 163 2995 Irim
180 2953 245 3008 etc.;
270 2962 301 2998 ex
318 2962 420 3015 magna
442 2954 520 3016 parte
543 2953 681 3010 servatur,
703 2953 733 2996 ut
748 2943 903 3001 Mercurius
920 2947 955 3000 ad
972 2963 1037 2998 con·

53 3010 155 3077 rdiam,
183 3013 234 3067 Iris
260 3014 296 3067 ad
317 3014 481 3067 discordiam
504 3014 644 3065 mittatur:
677 3013 750 3065 unde
773 3021 802 3065 et
823 3014 874 3065 Iris
897 3014 971 3067 dicta
994 3018 1049 3070 est.

53 3080 93 3132 asi
110 3081 174 3151 ἔρις.
208 3080 318 3133 Falsum
335 3090 376 3135 eat
391 3090 484 3134 autern
501 3082 574 3149 quod
591 3079 705 3143 dicitur,
728 3081 884 3133 ministram
901 3099 959 3134 asse
975 3080 1044 3133 tun-⁵¹

53 3165 71 3199 n
88 3148 218 3201 dearum:
241 3165 306 3201 cum
329 3160 357 3202 et
373 3168 389 3202 a
405 3152 469 3202 Iove
488 3152 651 3221 plerumque
668 3148 806 3200 mittatur:
830 3157 861 3199 ut
884 3153 930 3216 (9,
947 3148 1037 3212 803.):

53 3219 127 3267 riam
146 3219 218 3270 coelo
238 3232 304 3267 nam
321 3218 407 3285 (codd.
425 3219 492 3279 iam)
510 3219 634 3284 Iuppiter
651 3214 713 3265 Irin
728 3215 871 3282 Dimittit,
887 3234 1037 3283 germanae

53 3286 88 3334 ud
108 3288 204 3336 molliri
223 3287 303 3336 iusso
321 3286 465 3355 ferentem.
484 3314 519 3323 —
553 3292 614 3341 007.
635 3283 787 3350 Ventosque
811 3288 920 3350 aspirat
944 3287 1037 3347 eunti3

58 3352 95 3405 de
111 3354 250 3405 Mercurio
268 3357 311 3419 (lt,
329 3355 414 3416 203.):
442 3353 515 3404 Vota
532 3350 688 3418 Zephyros.
724 3352 760 3402 Et
782 3353 855 3406 bene
870 3353 928 3404 Irin
944 3353 1038 3417 mittit,

53 3438 83 3473 ae
107 3420 139 3471 fit
161 3422 195 3473 de
218 3416 351 3486 nubibus,
374 3438 492 3489 (suarum
515 3418 567 3473 dea
590 3426 630 3472 est
651 3422 728 3471 Iuno.
744 3444 779 3457 -
813 3424 873 3476 609.
892 3420 941 3469 Per
960 3419 1037 3471 mille

53 3487 154 3540 'oribus
173 3506 285 3551 aroum3
309 3498 356 3540 aut
379 3490 506 3540 subaudis
523 3489 652 3556 factum.-
676 3494 724 3538 aut
740 3486 887 3557 Antiptosis
905 3492 946 3539 est
962 3488 1037 3541 mille

53 3572 150 3622 orum,
172 3557 225 3608 hoc
250 3564 290 3608 est
306 3556 511 3607 multicolorum
528 3555 789 3623 (multicoloremi).
806 3580 841 3593 —-
874 3561 935 3612 610.
952 3555 1038 3607 Nulli

53 3642 89 3686 ·o;
108 3626 143 3676 ad
159 3622 248 3694 ipsum
265 3625 359 3676 retulit
374 3641 486 3676 numen.
519 3625 592 3675 Nam
604 3639 683 3676 arcus
696 3638 803 3692 semper
818 3622 936 3675 videtur:
953 3636 1038 3691 quem

53 3712 68 3743 n
84 3693 158 3757 Irin,
174 3694 222 3744 sed
238 3696 315 3742 aiam
333 3692 422 3742 Iridis
438 3692 512 3743 dixit.
545 3692 597 3742 Alii
614 3689 761 3742 celeritatis
778 3707 835 3742 esse
852 3691 945 3741 volunt
962 3693 1038 3743 nulli
1071 3722 1079 3735 =

53 3779 82 3811 a.
118 3761 278 3813 Notandum
300 3778 365 3811 aune
388 3758 472 3811 etiam
496 3760 529 3810 de
546 3759 618 3810 lride
642 3759 739 3808 orcum
766 3758 811 3823 (al.
828 3758 909 3820 arcu)
935 3772 1038 3826 genens

53 3828 162 3879 ‚sculino
179 3829 270 3880 dicere
287 3826 446 3894 Virgilium:
468 3826 589 3880 Camillus
607 3825 790 3891 (canituri),
813 3833 840 3876 et
857 3825 919 3890 elii,
935 3842 1038 3893 genere

53 3897 147 3947 ninino
178 3903 298 3965 ponunt,
329 3897 479 3947 referentes
508 3894 543 3946 ad
575 3895 728 3961 originem,
757 3890 827 3943 sicut
850 3890 917 3943 haec
946 3906 1039 3953 annus

53 3965 114 4017 uelf.
128 3965 194 4020 l.,et
210 3962 284 4035 Lips.
301 3963 368 4031 hpeo
386 3961 474 4028 attis),
492 3970 520 4014 et
536 3959 603 4015 haec
621 3962 716 4029 gallus
732 3957 859 4028 legimus,
873 3957 1040 4028 [imitatione

779 4078 835 4135 22·
