2454 4500
414 92 417 101 '
522 106 536 149 t

146 287 182 330 a
206 267 362 363 unum
382 269 555 332 neutra.
577 269 657 333 ua.
680 269 750 347 vu,
772 275 966 342 css-ctr-
1009 277 1073 344 ass

39 451 166 520 ciorum,
194 453 248 507 hoc
270 460 380 507 tantum
403 473 421 508 a
442 462 539 507 senatu
560 450 723 525 responsum
745 463 925 523 acceperunt:
952 452 1071 524 Superbi

37 525 117 575 estis.
134 549 170 561 -
202 528 265 582 631.
286 523 527 593 Crustumerique3
543 523 665 574 mutarit.
699 523 772 575 Nam
790 523 1013 577 Crustumerium
1031 527 1071 579 di·

36 590 121 642 citur.
156 591 275 660 [Cassius
291 593 411 645 Hemina
426 591 540 646 tradidit
556 589 678 642 Siculum
693 592 832 660 quendam
848 594 961 647 nomine
978 596 1070 647 uxoris

35 675 106 712 suco
121 658 315 727 Clytdmestra'e
328 661 479 714 condidisse
493 659 711 727 Clytemestrum,
727 676 791 713 mox
804 671 939 733 corrupto
953 664 1069 718 nomine
1098 680 1102 685 '

39 727 267 780 Crustumerium
284 729 397 782 dictum.
430 730 483 783 Alii
500 729 594 781 volunt
618 746 635 780 a
652 729 780 780 crustula
802 728 880 801 ponis
897 744 981 800 quam
998 718 1076 784 'Tro-¹
1113 724 1117 736 ¹

36 795 98 849 isui
115 797 204 849 coacti
219 798 293 849 fame
310 799 428 850 exedisse
445 799 590 860 dicuntur,
605 795 789 866 bppellstsm]
824 798 994 868 Turrigeras
1011 801 1067 852 An·

37 876 164 932 temnae3
188 866 261 918 bene
277 874 412 919 muratae.
446 867 602 916 Antemnae·
615 874 710 917 autem
727 866 815 918 dictae
831 874 908 932 srmt,
930 865 1004 936 quod
1021 885 1067 923 ees

37 935 130 987 onmia
146 934 336 1002 praeterfluit,
353 935 431 1002 quasi
447 943 511 986 ante
527 948 641 987 amnem
656 934 769 1007 positae.
785 961 820 972 -
852 941 915 994 632.
931 936 1066 1005 salignas

39 1002 200 1055 Umbonum
219 1015 323 1066 eraces‚·
341 1011 372 1053 ut
388 1003 455 1055 dicit
470 1003 608 1055 Sallustius
625 1002 660 1054 de
675 1002 808 1055 Lucanis:
833 1000 892 1070 Qui
902 1002 941 1057 de
959 1008 1066 1059 uimine

29 1071 116 1142 facta
135 1084 230 1135 scuta,
248 1072 401 1123 recentibus
419 1073 458 1138 (V.
478 1070 581 1133 recens)
600 1071 731 1122 detractis
748 1073 835 1123 coriis
853 1075 937 1138 quasi
952 1072 1064 1142 glutina

37 1141 234 1192 adolescebant
252 1139 354 1208 (Guelf.
372 1139 392 1192 l.
409 1141 443 1192 11.
460 1140 494 1193 lt.
508 1139 582 1210 Lips.
600 1147 629 1191 et
643 1138 678 1192 al
694 1147 805 1191 tantum
823 1142 903 1192 scutis
921 1145 1009 1195 coriis
1026 1156 1064 1196 te-

37 1208 158 1279 gebant).
177 1234 212 1246 -
244 1214 307 1267 635.
326 1208 471 1260 Thoracas
493 1208 598 1259 ahenos
604 1229 614 1272 ,·
640 1208 705 1277 quie
728 1209 802 1276 apud
818 1210 939 1264 maiorer
961 1211 1064 1266 loricae

36 1285 151 1349 pectora
167 1285 276 1329 tentrun
292 1275 431 1346 tegebant.
465 1275 524 1346 [Ut]
539 1275 639 1327 Statius
655 1279 692 1343 (7,
705 1276 791 1339 stit:
811 1276 933 1346 Triplici
950 1296 1065 1334 servan.

35 1358 86 1396 tur
108 1357 218 1412 pectora
236 1344 334 1414 ferro.-
360 1343 486 1397 Pectora:
512 1362 578 1396 nom
602 1355 678 1412 tergo
705 1344 804 1397 nullus
821 1358 919 1400 metus.
935 1374 971 1387 ·-
1003 1356 1066 1409 634.
1097 1374 1101 1384 ’

36 1413 126 1467 Lento
152 1416 260 1465 ducunt
283 1425 415 1482 argento,-
438 1413 523 1467 flexili
543 1413 800 1483 argentoducunt,
823 1415 842 1466 i.
859 1433 882 1468 e.
907 1417 1064 1483 extendunt.

35 1483 86 1534 Est
108 1491 202 1537 eutem
227 1483 390 1552 spondeicus
412 1482 521 1549 (Guelf.
546 1482 579 1534 11.
604 1482 790 1548 spondiacus,
820 1483 911 1537 Guelf.
934 1486 954 1538 1.
976 1485 1011 1538 R.
1032 1487 1064 1539 V.

35 1551 97 1602 Vos.
116 1552 301 1618 spondiazon.
317 1568 341 1602 v.
360 1549 466 1610 Burm.)
488 1559 517 1603 et
539 1551 696 1620 reciprocus
718 1566 817 1602 versus.
834 1577 871 1590 -
903 1558 965 1612 637.
985 1554 1064 1606 Clar-
1089 1578 1092 1585 ·

35 1625 98 1673 sica
117 1623 228 1687 iamque
245 1629 367 1681 sonant,·
389 1618 461 1670 bene
483 1619 574 1689 posuit
596 1616 865 1688 amphibol[og]iam.
898 1620 972 1673 Nam
990 1625 1062 1674 clas·
1087 1656 1091 1665 -
1137 1683 1139 1687 Α

36 1694 129 1742 sicum
146 1689 263 1741 dicimus
280 1695 309 1740 et
324 1687 422 1739 tubam
444 1687 534 1753 ipsam
551 1694 579 1739 ot
595 1701 702 1738 sonum.
738 1685 896 1739 Classicum
913 1697 1007 1743 autem
1024 1699 1065 1744 est

33 1759 135 1812 flexilis
157 1758 234 1809 tube.
282 1755 399 1813 Tessera
424 1757 555 1823 signum3
582 1755 738 1823 symbolum
759 1754 905 1822 bellicum,
933 1759 1007 1827 quod
1028 1757 1065 1812 ad

54 1838 160 1896 nguam
176 1824 335 1882 exeuntibus
352 1825 447 1876 datur:
471 1824 575 1875 scilicet
598 1831 712 1892 propter
728 1822 934 1887 corsiusiouem3
958 1835 989 1877 ut
1012 1827 1066 1880 fuir

26 1908 65 1953 ,tn
82 1896 154 1955 bello
172 1895 214 1960 (al.
231 1892 360 1953 exercitu)
376 1889 475 1958 Marii,
489 1892 556 1942 ·Bar
573 1892 642 1942 deus
660 1889 730 1959 (Lar
747 1891 841 1954 deusls
862 1891 893 1946 iu
908 1892 1012 1960 Sullae,
1029 1896 1065 1946 A·

34 1965 110 2034 pollo
130 1963 301 2031 Delphicus:
325 1961 355 2012 in
381 1959 520 2024 Caesaris,
547 1959 640 2011 Venus
662 1962 794 2028 genitrix.
810 1986 846 1999 -
878 1967 941 2021 638.
966 1963 1064 2032 Trepi.

34 2036 104 2097 dus3
120 2031 246 2086 festinus:
262 2046 341 2082 more
358 2046 415 2080 suo.
432 2055 466 2067 -
500 2031 562 2088 640.
580 2026 714 2080 Loricam
733 2029 879 2096 indultum
904 2028 1019 2092 dicimus
1037 2040 1065 2087 et
1089 2039 1093 2047 “

34 2102 140 2156 induci
159 2100 210 2152 illa
229 2117 274 2165 re,
290 2105 321 2152 et
338 2099 418 2149 illam
437 2114 502 2149 rem.
518 2119 552 2136 ·-·
585 2102 648 2156 641.
663 2096 801 2149 Helicona
821 2099 887 2149 deae
893 2119 904 2163 ,-
919 2099 1065 2153 Parnassus
1105 2108 1114 2119 ”

32 2187 113 2225 mons
130 2167 289 2223 Thessaliae
309 2166 439 2219 dividitur
460 2166 491 2218 in
514 2164 695 2219 Citheronem
718 2165 830 2233 Liberi,
853 2174 882 2220 et
902 2167 1064 2223 Heliconem

31 2238 182 2309 Apollinis,
205 2236 282 2289 cuius
304 2242 367 2287 sunt
389 2252 492 2288 musae.
532 2235 581 2285 Est
604 2242 698 2288 autem
713 2234 830 2287 Homeri
855 2249 946 2288 versus
970 2237 1019 2305 (11.
1034 2241 1063 2308 β,

29 2308 122 2372 484.)ε
146 2305 256 2375 [tarsae
280 2300 328 2357 viv
350 2310 397 2373 pol
415 2322 439 2358 sc.
456 2324 482 2357 τ.
501 2298 524 2359 l.
560 2301 684 2369 Mateta,
707 2302 810 2372 legitur
834 2309 863 2356 et
887 2305 1012 2371 monete]
1027 2331 1063 2346 -·

27 2374 434 2444 644.Quibusarseritarmis,·
449 2369 682 2442 autsplenduerit:
696 2370 1063 2442 autamoreflagraverit-
1093 2386 1096 2393 “

26 2452 93 2507 647.
113 2444 226 2497 Primus
249 2445 305 2496 init
322 2443 440 2507 bellum;
464 2457 521 2493 non
537 2440 658 2505 mirum,
680 2439 704 2492 si
727 2450 757 2494 et
780 2448 954 2512 contemptor
971 2442 1064 2498 divum

27 2524 59 2571 et
72 2514 222 2580 sacrilegus
236 2510 388 2563 Mezentius
403 2521 499 2575 contm
516 2509 594 2580 piam
606 2516 723 2577 gentem
739 2507 817 2580 prior
829 2525 909 2562 arms
920 2509 1063 2582 corripuit.

24 2586 66 2638 Et
84 2583 195 2635 scienda
213 2589 253 2634 est
269 2583 366 2650 pudice
384 2575 530 2631 affectatio.
563 2577 638 2628 Nam
654 2577 817 2646 amblysiam
835 2577 960 2698 (ableps.)
984 2581 1063 2633 nefas

25 2659 71 2707 est
87 2652 189 2704 dicere.
223 2649 274 2701 Hic
298 2648 375 2700 enim
397 2647 503 2714 aliquos
526 2654 742 2710 commemorat,
765 2661 833 2714 quos
856 2645 886 2697 in
930 2645 982 2699 ello
1004 2656 1062 2700 non

22 2720 143 2777 invenis.
178 2720 249 2770 Item
265 2716 296 2768 in
312 2716 489 2784 sequentibus
506 2712 612 2783 aliquos
629 2712 792 2777 invenimus,
807 2726 876 2783 quos
888 2711 934 2766 hic
948 2714 1061 2768 omniuo

22 2806 87 2846 non
111 2789 209 2860 posuit.
244 2784 408 2853 Tyrrhenus
433 2799 515 2851 asper
540 2781 574 2832 ab
601 2782 676 2846 oris,·
701 2781 834 2849 oriturdo,
858 2780 977 2847 Tuscus,
1004 2799 1062 2836 non

22 2861 78 2930 qui
95 2873 169 2910 nurse
187 2855 221 2907 de
237 2854 338 2904 Tuscia
355 2852 442 2916 venit,
466 2868 551 2920 quem
568 2857 650 2902 antea
666 2849 777 2916 pulsum
794 2866 811 2901 a
827 2845 931 2901 civibus
947 2859 1062 2904 constet.

22 2953 62 2967 ...
97 2929 160 2984 648.
177 2924 352 2991 Agminaque
370 2930 478 2984 armat,·
502 2918 665 2971 eufleorum
682 2917 730 2986 qui
746 2926 813 2969 'eum
828 2916 915 2971 secuti
936 2918 1062 2972 fuerent:

20 2997 99 3051 sicut
116 2996 174 3048 eius
190 2993 285 3044 lilium.
322 2990 381 3042 Nec
405 2987 482 3040 enim
498 2984 631 3040 credibile
654 2993 709 3051 est,
732 2984 822 3038 solum
845 2983 955 3055 fugisse.
987 2987 1061 3040 Nem

22 3075 55 3120 et
80 3063 181 3115 Statius
204 3061 271 3114 dicit
295 3057 395 3125 (Theb.
414 3057 448 3120 4,
465 3055 534 3116 67.):
563 3052 611 3106 Vel
635 3070 706 3121 quos
730 3065 819 3106 mouet
841 3053 908 3106 erul
926 3065 951 3106 et
966 3053 1060 3108 haesit

24 3134 175 3187 Tristibus
192 3140 278 3180 aucta
297 3126 386 3194 (Febr.
405 3135 487 3192 apta,·
504 3122 584 3177 Basil.
597 3121 670 3183 acta)
681 3118 766 3191 fides.
801 3124 856 3174 Aul
867 3129 944 3177 certe
960 3138 1060 3177 eorum

24 3218 98 3274 quos
114 3200 226 3252 Turnus
244 3196 269 3250 ei
286 3204 350 3248 ante
365 3194 487 3247 dederat.
524 3192 560 3244 Ut
572 3191 701 3244 Adrastus
713 3188 834 3259 Polynici
849 3189 880 3243 in
894 3189 995 3246 Statio:
1011 3194 1060 3262 qui

23 3273 67 3326 ait
91 3273 135 3334 (4,
153 3260 224 3328 82.):
248 3263 290 3317 Ne
314 3281 402 3330 parua
428 3277 542 3313 mouens
567 3261 711 3328 inglorius
735 3276 815 3309 arma
838 3258 902 3311 iret.
926 3285 962 3298 ·-
995 3266 1065 3320 652.

23 3341 159 3409 Agillina
178 3354 209 3387 es
231 3336 312 3398 urbe3
331 3333 365 3385 de
383 3332 482 3384 Gerete
500 3330 587 3394 (codd.
604 3327 687 3392 Cere)
705 3327 813 3398 oppido.
847 3326 1059 3397 Nequicpuamg

24 3409 93 3482 q'uia
107 3409 137 3459 in
151 3404 256 3475 praelio
270 3402 360 3473 periit,
371 3414 425 3453 nec
438 3398 560 3469 patrium
570 3397 678 3468 recepit
688 3395 839 3466 imperium
853 3396 899 3464 (cl.
913 3405 1059 3468 postquam

45 3477 150 3530 atrium
173 3480 301 3543 repetere
324 3488 353 3520 sa
376 3475 502 3540 sperarat
523 3466 695 3534 imperium).
718 3488 752 3500 -
793 3470 856 3524 653.
878 3463 984 3518 Patriis
1008 3467 1060 3546 qui
1130 3463 1135 3477 '

24 3499 131 3602 laetior
149 3553 219 3596 esset
236 3541 382 3607 Imperiis,
406 3535 504 3606 dignus
548 3537 576 3588 ui
597 3535 717 3588 haberet
738 3532 940 3602 imperatorem
962 3542 1059 3606 potrus,

24 3627 115 3687 quam
133 3611 239 3665 exsdem
257 3617 373 3677 patrem.
391 3635 425 3644 ·-
459 3609 520 3664 656.
561 3603 674 3668 ulcbro,·
696 3601 829 3656 sarriens
844 3600 959 3666 &ximus
975 3620 1006 3656 su
1025 3619 1058 3658 ra

25 3680 237 3752 (4‚149,)„-
278 3684 338 3736 657.
363 3673 481 3726 Pulcher
503 3674 675 3736 Aventinus,-
700 3670 856 3723 Aventinus
880 3682 959 3723 mons
983 3687 1015 3724 ur
1036 3672 1059 3727 is
1083 3694 1089 3707 ,

24 3751 137 3806 Romae
162 3756 214 3802 ost:
238 3760 324 3812 quem
348 3751 453 3796 constat
476 3741 512 3794 ab
535 3742 629 3795 avibus
652 3755 709 3793 esse
725 3738 913 3793 nominatumz
937 3740 1058 3808 quaeda

25 3820 126 3874 Tiberi
150 3816 326 3869 ascendentes
349 3812 404 3864 illic
428 3809 573 3876 sedebant,
596 3816 626 3860 ut
648 3808 678 3861 in
702 3817 796 3861 octavo
822 3806 905 3872 (235.)
927 3804 1058 3876 legimm,
1092 3870 1097 3875 .
1180 3804 1183 3809 '

26 3889 169 3941 Dirorum
188 3886 267 3936 nidis
286 3883 386 3933 domus
405 3890 560 3947 opportuna
579 3879 734 3930 uolucrum.
771 3875 890 3944 Quidam
906 3877 993 3929 etiam
1009 3893 1058 3931 rex

26 3954 214 4027 Aboriginum
239 3952 396 4003 Aventinus
419 3947 532 4002 nomine
555 3945 662 4024 illicet
684 3942 788 4025 occinn
812 3950 840 3997 et
860 3944 980 4025 sepultus
1002 3953 1058 4000 est:

24 4026 98 4080 sicut
128 4024 214 4080 etism
244 4019 417 4073 Albanarum
445 4031 496 4071 rex
522 4016 680 4070 Aventinus:
718 4028 764 4066 cus
792 4020 921 4066 successit
946 4014 1056 4070 Procas⁴

802 4129 858 4189 28⁸
