2454 4500
625 58 631 82 l

64 352 67 360 Ι
116 283 152 326 m
172 263 330 327 utnon.
352 234 528 349 aruum
546 264 629 329 uu
651 267 739 359 uu,
760 273 963 351 ars-am
1001 277 1068 361 ur

27 445 246 516 ministrosl-
280 456 342 510 275.
361 450 547 505 Communem
564 466 661 517 uocata
679 452 775 519 deum3
798 461 848 508 aut
870 457 936 525 quia
951 459 1065 531 Argivus

27 527 73 570 est
89 520 238 586 Hercules,
259 529 291 570 ut
313 537 397 590 supra
421 525 507 587 (130.)
531 521 597 574 dixit
612 526 733 588 Aeneas,
753 529 813 576 tam
835 524 957 580 Graecos
980 546 1085 598 qusm'

27 587 169 638 Troianos
192 589 227 641 de
254 604 309 639 uno
338 590 482 658 sanguinis·
498 592 586 643 'fonte
608 590 805 646 descenderet*
819 601 867 644 aut
891 601 1065 652 communem

29 656 115 706 deum
134 656 200 707 dixit
224 656 308 726 [inter
334 659 399 710 daos
422 667 506 727 atque
528 659 669 727 homines,
694 661 766 713 unde
787 663 1007 734 ,mediusfidius
1024 669 1066 722 di·

27 732 99 776 ctus.
134 724 197 790 Aut]
223 727 365 794 utriusque
387 735 502 781 naturae
526 729 663 795 medium,
689 729 705 780 i.
725 749 749 782 e.
772 731 847 783 inter
864 735 1064 791 mortalitatem

28 799 61 844 et
78 794 257 845 divinitatem.
294 795 363 846 stat
385 796 460 848 enim
477 798 591 849 numina
614 797 708 866 aliqua
724 807 834 850 tantum
852 802 995 869 coelestia,
1015 807 1065 858 ali·
1096 832 1099 838 ¹

30 877 88 930 qua
106 868 215 913 tautum
232 872 292 916 terr
309 864 392 924 stria„
413 865 504 932 aliqua
521 865 628 930 media,
649 883 717 935 quos
734 869 798 919 deos
815 869 943 938 Apuleiru
961 873 1064 939 (Guelf.

27 930 52 980 Ι.
71 930 216 997 epulonis,
238 932 272 984 R.
319 935 447 998 puleiur,
471 934 500 985 V.
525 932 684 1002 Epuleiux)
710 936 977 1002 (deDoctr.P1at.)
1004 943 1064 995 Me-

29 999 175 1050 diosimos
193 1009 285 1064 vocat,
308 1002 361 1051 hoc
380 1011 420 1054 est
438 1000 485 1069 qui
509 1018 542 1053 ex
565 1002 724 1054 hominibus
742 1004 781 1056 dii
805 1005 881 1057 fiunt.
917 1008 970 1060 Alii
988 1027 1063 1062 eom.

31 1085 146 1119 munem
165 1069 247 1119 deum
269 1069 332 1121 ideo
353 1070 459 1121 dictum
483 1071 592 1136 volunt,
613 1073 680 1141 quia
702 1073 853 1124 secundum
877 1077 1064 1145 pontificalem
1141 1122 1143 1127 -
1179 1075 1184 1087 ¹

28 1136 120 1187 ritum
136 1138 212 1189 idem
230 1146 271 1190 est
282 1139 413 1190 Hercules
430 1139 477 1208 qui
494 1146 522 1190 et
534 1136 619 1192 Mars.
653 1141 725 1191 Nam
744 1148 773 1194 et
787 1143 895 1194 stellam
908 1145 1065 1212 [Chaldaeis
1133 1176 1136 1181 ¹

27 1204 196 1271 dicentibus]
213 1223 298 1258 unam
315 1207 419 1259 habere
436 1208 579 1274 dicuntur,
602 1215 630 1260 et
646 1210 785 1276 novimus,
801 1210 920 1263 Martem
939 1231 1063 1279 commu.
1110 1256 1113 1261 .
1196 1246 1199 1254 ·

30 1291 96 1324 nem
121 1275 190 1326 dici:
215 1276 314 1327 Cicero
337 1283 398 1344 (pro
414 1275 563 1338 Mi1.21.):
587 1276 762 1344 Martemque
786 1296 968 1336 communem.
1003 1288 1066 1339 Vtr-

27 1340 113 1411 gilius
128 1344 188 1413 ipse
203 1343 294 1413 inquit
310 1349 370 1411 (12,
388 1340 529 1406 malain
549 1347 691 1412 medioque
703 1348 803 1415 socos,
814 1349 861 1401 ‘Et
878 1353 924 1403 dis
941 1369 1065 1407 commu·
1129 1371 1130 1375 ’

30 1413 119 1462 nibus
137 1431 212 1464 aras.
253 1415 324 1465 ltem
346 1414 429 1482 paulo
453 1420 516 1480 post
537 1413 585 1465 dat
607 1412 702 1467 Salios
725 1416 853 1483 Herculi,
874 1436 942 1489 qnos
964 1422 1064 1477 Martis

27 1497 88 1532 esse
113 1497 169 1532 non
192 1480 308 1532 dubium
326 1482 373 1534 est.
409 1482 473 1550 [Alii
489 1498 678 1550 communem,
699 1484 870 1554 ¹humanum,
897 1488 1064 1559 beneficum,

52 1545 242 1618 ιλάνθρωπον,
261 1551 333 1603 unde
351 1559 379 1602 et
396 1567 555 1603 communes
573 1548 851 1607 hemines'dicimus.'
874 1558 1063 1615 narracione

27 1569 109 1670 ileos
127 1621 200 1673 ulios
219 1624 280 1670 esse
296 1622 346 1684 qui
364 1621 398 1670 ab
418 1621 503 1672 initio
521 1623 590 1671 certi
607 1633 632 1672 et
649 1624 811 1688 sempiterni
828 1637 904 1691 sunt,
920 1627 994 1680 alios
1012 1631 1064 1696 qui

20 1689 204 1740 immortales
221 1706 254 1739 es
272 1687 437 1740 hominihus
448 1689 527 1756 sacti
544 1701 625 1753 sunt,
651 1703 676 1741 et
700 1692 731 1741 de
756 1690 802 1742 his
821 1693 893 1758 ipsis
911 1697 986 1746 alios
1003 1715 1064 1750 esse

16 1759 174 1824 ‘priuatam
204 1757 280 1808 alios
304 1773 482 1817 communen
513 1759 655 1823 priuatos,
686 1776 756 1825 quos
786 1777 843 1810 una
866 1780 970 1829 uaeque
992 1783 1063 1832 gens

26 1827 113 1891 colis,
145 1837 177 1876 ut
206 1843 258 1877 nos
288 1824 435 1893 Faunum,
466 1825 595 1877 Thebani
620 1827 814 1895 Amfiaruum,
842 1779 1065 1887 itacedaemonii

27 1893 221 1962 Tindnreum=
249 1912 423 1959 communes,
441 1894 511 1962 quos
529 1897 671 1960 universi,
691 1909 720 1947 ut
739 1893 896 1964 Castorem,
915 1899 1064 1970 Pollucem,

24 1960 178 2029 Liberum,
195 1962 352 2031 Herculem.
389 1964 438 2016 Est
454 1972 482 2015 et
498 1950 656 2027 alienatio,
672 1965 821 2017 Herculem
838 1967 920 2019 deum
938 1985 1063 2022 commu.

25 2049 92 2082 netu
124 2032 273 2103 appellari3
303 2049 371 2084 raam
400 2040 521 2095 constat,
551 2033 700 2085 Herculem
731 2035 879 2086 homiuum
909 2040 1068 2092 commodis

22 2103 185 2170 tutelaeque
209 2100 346 2163 serviisse;
369 2101 442 2152 unde
460 2101 587 2152 Lucanus
612 2102 772 2168 (4‚k610.):
800 2102 904 2156 Terras
927 2110 1063 2160 monstris

23 2187 186 2237 aequorque
210 2171 361 2235 levantem,
384 2164 604 2237 Magnanimum
622 2171 738 2249 Astiden
754 2169 879 2239 Lybicas
903 2177 1006 2227 excivit
1030 2179 1063 2230 in

24 2257 104 2291 oras.
138 2239 212 2289 Date
230 2241 316 2304 vino,·
340 2238 405 2308 quia
426 2247 538 2290 tantum·
552 2239 604 2290 diis
620 2240 725 2310 superis
742 2240 805 2294 vina
827 2239 910 2293 libari
926 2243 1064 2368 decebati

21 2333 62 2346 -
97 2315 158 2367 276.
181 2307 321 2359 Herculea
344 2308 482 2375 populum·
513 2306 626 2368 Herculi
649 2316 822 2376 consecrata,
851 2309 995 2380 quicum
1025 2330 1043 2366 a

22 2377 131 2430 inferos
161 2377 329 2429 descendens
358 2377 523 2445 fatigaretur
553 2377 664 2442 labore,
695 2377 796 2431 dicitur
822 2378 856 2431 de
880 2379 933 2432 hac
960 2382 1064 2436 arbore

22 2461 131 2505 corona
154 2448 229 2498 facta
246 2453 329 2513 caput
345 2446 459 2498 velasse:
482 2445 555 2498 unde
577 2446 710 2499 foliorum
735 2463 799 2514 pare
822 2449 993 2516 temporibus
1017 2467 1065 2501 co-

20 2514 145 2568 haerens
162 2524 190 2567 et
207 2515 291 2585 capiti
308 2517 437 2581 (capitis,
459 2530 480 2567 s.
498 2531 531 2564 en
550 2514 690 2582 capitis?)
714 2515 802 2568 albuit
823 2516 924 2569 sudore
950 2519 994 2584 (al.
1013 2520 1063 2572 ab.

21 2586 82 2637 luit
103 2585 250 2648 sudorem5
267 2583 358 2636 Gueli.
373 2585 393 2647 L
411 2584 477 2635 alba
499 2583 627 2645 sudaret·
645 2602 710 2654 pars
728 2599 792 2636 vero
810 2585 928 2637 exterior
964 2594 1063 2654 repter

22 2652 184 2706 inferorum
208 2654 331 2704 colorem
355 2653 437 2720 nigra
460 2653 621 2722 permansit
655 2653 692 2702 Et
714 2651 828 2705 honeste
850 2654 903 2704 ait:
952 2656 1063 2721 ependit

22 2722 166 2790 populus,
181 2723 199 2774 i.
216 2739 240 2774 e.
257 2737 361 2774 corona
378 2724 412 2774 tle
429 2721 540 2788 populo.
575 2719 669 2789 [Atqui
685 2720 763 2772 lauro
782 2721 1077 2791 coronari,solebant,-

22 2859 168 2912 conditam
185 2861 276 2928 coepit
292 2859 363 2924 lieri,
379 2875 469 2928 neque
488 2856 541 2908 slis
557 2857 656 2908 fronde
673 2857 697 2906 c'
716 2856 828 2909 cumdat
844 2866 927 2925 caput
945 2868 1060 2928 praetor

10 2929 164 2996 urbanus,
187 2929 236 3009 qui
254 2930 361 2980 Graeco
385 2927 441 2980 ritu
463 2924 607 2977 sacrificat
642 2921 676 2976 Se
711 2924 794 2978 Poeta
811 2925 846 2978 ad
868 2926 936 2979 illud
951 2937 1062 2999 tempus

24 2998 138 3063 retudit,
166 3014 221 3066 quo
245 2996 376 3050 Euander
404 2993 479 3065 apud
509 3009 589 3046 aram
620 3008 666 3045 ma
684 2992 773 3044 imam
796 3011 875 3048 sacra
902 2996 1060 3055 celebrauit.

24 3070 116 3120 Varro
146 3068 222 3120 enirn
251 3083 348 3120 rerum
377 3065 564 3116 humanarum
586 3061 668 3114 docet
689 3062 720 3114 in
742 3063 876 3115 Aventino
905 3063 1061 3120 institutum

22 3136 181 3189 Lauretum
211 3136 246 3188 de
270 3149 325 3204 quo
356 3131 481 3203 proximo
511 3139 607 3185 monte
625 3132 762 3201 'decerpta
783 3130 876 3184 laurus
899 3133 1060 3187 sumebatur

17 3208 59 3260 ¹ad
77 3222 172 3270 sacra,
189 3205 313 3273 quumvis
329 3198 388 3270 ipse
399 3201 505 3254 ·dixerit
521 3203 564 3268 (E.
581 3209 607 3264 7,
624 3199 696 3261 61.):
722 3199 847 3266 Populus
865 3199 979 3279 Alcidae
995 3220 1061 3271 gra.

22 3273 161 3340 tissime]
184 3301 218 3312 -
252 3281 314 3332 278.
338 3274 421 3323 Sacer
445 3272 570 3336 implevit
594 3268 720 3329 dextram
745 3269 883 3337 nyphus,-
906 3270 1007 3338 leguur
1030 3272 1062 3327 in

20 3345 103 3399 libris
126 3343 261 3412 antiquis,
290 3343 439 3394 Herculem
463 3341 498 3391 sd
520 3338 629 3392 Italiam
658 3338 755 3406 ingens
783 3337 907 3406 ligneum
930 3339 1061 3408 poculum

19 3413 162 3477 attulisse,
186 3428 241 3481 quo
260 3413 409 3463 utebantur
427 3409 457 3462 in
473 3406 571 3460 sacris:
594 3406 668 3476 quod
691 3424 727 3458 ne
750 3407 825 3459 carie
843 3416 1062 3473 consumeretur,

16 3487 87 3554 pice
112 3481 230 3533 oblitum
259 3481 435 3543 servabatur,
464 3476 541 3529 cuius
570 3475 793 3544 magnitudinem
821 3476 867 3543 [et
895 3473 1061 3542 religionem

14 3550 126 3616 simul]
163 3549 299 3618 siguificat
329 3548 458 3601 dicendo:
496 3547 537 3595 im
558 3547 624 3598 levit
656 3545 781 3597 dextram
811 3559 890 3594 socer
927 3544 1058 3611 scyphus.

12 3621 146 3694 [Scypho
173 3627 286 3687 praetor
309 3620 339 3670 in
365 3631 438 3668 anno
461 3564 556 3668 semel
571 3617 633 3666 vino
657 3613 784 3679 libabat,¹
808 3628 899 3679 nequa
921 3613 975 3665 hoc
1000 3614 1061 3682 sine

10 3708 104 3747 sacra
129 3689 241 3742 fiebant.
276 3689 421 3739 Possumus
443 3693 472 3738 et
494 3682 563 3736 illud
584 3683 724 3750 accipere,
748 3681 822 3750 quod
844 3680 919 3731 inter
942 3697 1061 3751 munere

10 3763 144 3816 deorum
162 3762 246 3810 etiam
263 3757 362 3826 pocula
378 3761 448 3806 sunt.
482 3748 638 3804 Sallustius:
654 3749 695 3803 Hi
709 3750 943 3801 suntsecundum
957 3752 1076 3817 poeula<
1135 3785 1137 3792 ι

10 3844 46 3884 et
67 3830 146 3880 alins
166 3845 209 3879 res
228 3843 345 3890 aureas,
368 3826 426 3874 diis
443 3833 556 3874 sacrate
575 3823 763 3872 instrumente
788 3819 917 3869 conuiuio
937 3836 1062 3870 merean-

10 3913 80 3952 tur.
100 3899 165 3935 *-
200 3900 261 3952 279.
279 3895 313 3944 In
338 3909 463 3942 mensam
487 3891 555 3944 laeti
579 3890 686 3954 libant,·
710 3889 763 3939 hoc
787 3895 828 3938 est
846 3887 908 3937 date
926 3889 995 3939 uina
1013 3906 1063 3942 ue·

10 3968 122 4022 lentes.
158 3964 309 4033 Quaeritur
325 3979 405 4026 sane,
429 3977 479 4012 cur
496 3960 526 4011 iu
543 3974 670 4019 mensam
694 3963 722 4009 et
732 4017 733 4020 Ἴ
744 3970 802 4007 non
819 3955 848 4006 in
865 3971 944 4007 ararn
959 3954 1060 4021 libave-

10 4034 99 4095 rint?
139 4032 193 4088 Sed
222 4031 297 4102 apud
325 4029 454 4100 antiquar
483 4027 711 4093 interuasorum
733 4022 946 4123 concumulata,
973 4025 1061 4079 etiam

794 4139 853 4200 30⁸

24 2791 75 2861 qui
94 2792 166 2860 apud
189 2808 269 2844 aram
292 2790 442 2842 maximam
458 2805 536 2841 sacra
559 2788 719 3068 facieba?
735 2788 783 2840 sed
805 2789 859 2840 hoc
883 2800 945 2861 post
960 2791 1062 2845 rubent
