2454 4500
148 266 193 309 m
214 214 668 331 ridentiumque.
691 244 734 321 11,
757 212 910 315 so-ra-
994 251 1058 319 ns
1083 218 1088 225 ’
1138 184 1154 206 ’

67 430 254 493 arationem,
278 427 313 481 de
331 426 525 478 communibus
541 425 646 479 duobus
669 424 788 478 exclusus
805 424 960 485 elementia
984 425 1061 493 [quia

67 503 122 559 ‚eoi
140 498 285 554 tenebant
302 496 406 560 inuria,
424 494 539 545 Troiani
555 503 653 546 terras.
690 492 770 559 (Sane
788 496 859 560 qnod
877 492 974 559 deflet,
999 495 1058 545 ideo
1101 508 1109 515 ·

67 570 163 625 ,rim
180 566 276 621 brevis
293 564 374 631 datur
393 563 498 630 oratio;
517 569 546 615 et
562 570 603 614 est
620 562 821 613 controversiae
835 562 954 612 schema.
988 561 1061 613 Nam

67 632 199 709 ncipitun
224 636 288 688 satis
306 636 385 687 docte
408 640 547 703 sirmpttuu
571 639 627 690 est;
648 632 701 681 hac
724 631 800 681 enim
822 628 1015 682 exclamatione
1033 639 1061 682 et

67 710 159 761 seriae
185 714 271 757 auctu
293 700 457 757 benevolum
487 699 541 752 sibi
566 699 686 751 iudicem
707 700 785 758 fec-in
815 700 942 767 querelae
967 706 1059 750 autem

67 775 151 829 ritate
175 780 321 827 attentum.
363 770 429 838 Quis
453 770 528 823 etnim
552 784 610 821 nou
634 774 746 839 cuperet
769 769 879 831 audire,
903 782 956 835 quo
980 775 1060 836 pacto

67 858 105 895 m
119 844 211 895 homo
236 848 266 894 et
282 842 395 893 Graecis
418 847 445 891 at
462 838 588 890 Troianis
612 845 682 890 esset
706 835 823 890 invisas?
856 835 981 903 Denique
999 835 1060 886 snb·

67 912 109 966 it:
136 909 203 979 Quo
229 912 335 979 gemitu
355 908 482 962 conversi
500 910 606 973 animi,
622 923 805 977 compressus
823 916 848 959 et
866 905 957 956 aramis
975 903 1061 971 Impe-

67 996 95 1031 τε
118 978 269 1031 hortamur
284 979 352 1047 sari
368 986 419 1031 etc.
453 975 545 1027 Habet
567 991 633 1044 ergo
655 975 873 1028 benevolentiam
891 981 919 1029 et
935 973 1062 1028 attentio·

67 1064 115 1111 αις
129 1049 270 1117 ingressus
287 1046 384 1099 deinde
402 1060 528 1104 caruam3
545 1047 610 1112 quia
627 1043 756 1109 timebat,
773 1063 808 1097 ne
826 1061 944 1114 persona
961 1040 1063 1097 Graeci

67 1124 159 1187 ipsias
175 1123 260 1182 esset,
277 1117 354 1183 quasi
369 1114 466 1178 hostis,
488 1113 541 1163 hoc
558 1114 660 1165 fatetur
677 1113 812 1183 primum,
836 1122 864 1165 et
881 1132 912 1166 ex
927 1113 1061 1181 sequenti-

67 1184 194 1239 tranat:
218 1182 261 1235 Ne
282 1201 314 1245 ue
339 1200 380 1233 me
398 1182 529 1249 Argolica
549 1183 580 1232 de
604 1184 820 1250 gente-negaba,
844 1181 905 1234 Hoc
929 1184 1058 1251 primum.
1142 1220 1150 1235 ,

67 1248 182 1321 biangit
198 1251 244 1304 sab
277 1268 323 1302 nm
341 1268 372 1303 ex
427 1269 443 1302 a
459 1248 511 1301 sibi
528 1249 611 1301 fidem
628 1258 706 1319 paret
723 1250 843 1302 dicturus
860 1252 894 1303 de
912 1268 999 1319 equo;
1027 1252 1061 1303 de

67 1316 182 1375 hmeoe
206 1327 300 1372 atatem
326 1328 354 1379 et
369 1266 513 1389 Iqiiiigenia
537 1318 572 1369 ad
589 1318 721 1371 Troianos
738 1319 777 1370 nil
796 1320 930 1385 pertinet,
952 1321 986 1374 de
1004 1319 1061 1388 qui·

67 1404 88 1439 ι
103 1406 167 1443 vera
184 1388 282 1458 incipit
300 1388 373 1440 etin
395 1388 462 1439 falsa
480 1386 588 1438 desinit.
623 1386 712 1438 Facile
736 1388 809 1439 eninr
828 1405 898 1456 quae
915 1395 1063 1458 sequentur

67 1456 184 1511 edibilis
207 1463 284 1521 sunt,
310 1472 376 1507 curn
399 1456 491 1522 prima
514 1464 766 1522 recognoscuntur;
789 1472 859 1525 quae
882 1475 934 1527 per
957 1456 1063 1527 singula

67 1538 99 1579 ²⁸
120 1526 165 1579 vel
187 1541 279 1576 vorsus
302 1524 410 1577 facilius
431 1525 586 1593 poterimus·
604 1523 764 1586 advertere.)
806 1524 876 1578 Sane
895 1526 1006 1590 Tellus,
1031 1542 1064 1575 us

67 1608 120 1665 aga
137 1600 193 1647 est:
211 1600 239 1645 et
254 1610 344 1675 pauca
359 1599 422 1644 sunt
438 1608 508 1660 quae
528 1608 561 1641 us
578 1591 746 1662 producunt,
762 1600 793 1642 ut
810 1607 950 1660 senectus,
969 1596 1065 1645 iuuen-

67 1678 98 1728 τ,
115 1664 213 1729 salus,
230 1674 336 1726 vertas,
352 1661 452 1730 palus,
469 1662 605 1723 servitus,
623 1661 718 1724 incus,
736 1671 795 1724 tus,
814 1680 878 1725 rus,
896 1681 974 1729 mus,
996 1678 1064 1728 pus:

67 1744 104 1783 nc
127 1730 233 1783 scilicet
256 1746 342 1797 quum
365 1727 499 1799 genitivus
522 1728 551 1779 in
570 1727 622 1778 Tis
646 1727 689 1779 vel
705 1728 741 1787 ,in
763 1727 817 1779 Bis
842 1730 909 1795 exit,
933 1740 961 1783 et
983 1729 1067 1782 habet

67 1799 225 1853 *nultimnm
240 1798 362 1866 longam.
396 1798 461 1851 Ideo
484 1804 578 1848 autern
596 1796 648 1847 Tis
665 1804 693 1848 et
708 1794 762 1846 Bis
779 1797 909 1849 diximus:
932 1799 996 1867 qnia
1019 1815 1066 1865 pa·

67 1884 101 1934 r,
116 1868 184 1921 licet
201 1867 316 1935 paludis
333 1866 416 1929 ionga
433 1864 467 1915 sit
483 1862 543 1928 Lu,
561 1865 650 1916 brevis
666 1871 762 1916 tamen
779 1882 978 1935 nonnunquam
994 1868 1067 1919 inva-

67 1940 128 2003 tur,
144 1936 212 2005 quia
227 1934 258 1987 in
272 1934 331 1985 Dis
349 1935 402 1987 exit
418 1932 566 2002 genitivus:
590 1941 621 1983 ut
636 1933 765 1985 Horatius
788 1936 856 1999 (Art
872 1935 901 1987 P.
919 1937 990 1998 ἕως
1013 1934 1069 1984 Ste-

67 2002 161 2071 iisque
194 2004 245 2054 dia
275 2004 360 2072 palus
394 2014 513 2069 aptaque
545 2003 637 2053 remis.
684 2003 828 2068 Aequora3
859 2004 942 2055 modo
971 2002 1067 2056 maria.

67 2072 110 2125 ibi
127 2084 259 2141 campos:
275 2078 307 2122 ut
323 2071 369 2137 (G.
387 2077 418 2135 1,
435 2071 485 2133 5.):
501 2069 539 2120 Ac
556 2074 638 2138 prius
656 2071 783 2138 ignotam
795 2070 875 2138 ferro
894 2089 977 2140 quam
996 2073 1071 2122 scin·
1141 2070 1144 2083 ¹

67 2142 139 2193 'mas
154 2157 269 2211 aequor.
309 2138 423 2191 Dictum
445 2138 521 2191 enim
544 2146 584 2191 est
608 2139 643 2191 ab
666 2139 839 2207 aequalitate.
855 2167 889 2178 —
923 2147 966 2198 70.
983 2138 1087 2201 Dani,

67 2227 108 2277 re,-
142 2212 192 2263 aut
214 2214 305 2273 vacat,
334 2208 403 2259 sicut
425 2210 567 2275 gentium3
596 2215 644 2259 aut
674 2207 817 2259 novissime
846 2208 988 2276 significat
1034 2209 1072 2258 Et

67 2296 144 2349 sper,-
168 2286 198 2331 et
220 2277 348 2347 insuper3
373 2278 431 2342 ipsi
436 2314 445 2342 ,
469 2282 547 2343 (quos
570 2276 738 2345 promerito
755 2292 819 2327 meo
843 2277 958 2330 minime
975 2277 1073 2329 deceat

67 2363 136 2403 evoe
153 2362 231 2410 ease,
247 2344 301 2396 hoc
318 2342 390 2410 eat,)
415 2344 596 2413 quibussum
614 2353 798 2412 praestaturus
820 2345 943 2397 sulutem.
961 2362 995 2382 -·
1028 2353 1073 2409 72.Ι

67 2416 174 2486 rfensi5
200 2412 332 2487 irffensas
356 2413 468 2482 proprie
494 2420 534 2464 est
550 2413 610 2479 pius
627 2429 712 2482 quam
729 2415 880 2479 inimicus,
904 2413 939 2466 ab
956 2413 1072 2465 inimico
1141 2412 1144 2419 '

67 2484 143 2537 aior.
185 2480 294 2534 Poenas
319 2497 382 2530 cum
406 2483 561 2549 sanguine5
593 2481 611 2532 i.
635 2501 658 2534 e.
682 2489 710 2535 et
732 2490 872 2534 tormenta
895 2490 923 2535 et
941 2489 1074 2549 mortem.

67 2560 136 2605 atest
153 2550 231 2603 enim
248 2550 322 2601 aliud
341 2566 398 2601 esse
415 2550 473 2601 sinc
492 2549 556 2600 alio.
573 2576 607 2587 -
641 2557 685 2607 73.
703 2549 851 2617 (Conversi
868 2552 961 2602 animi
967 2574 977 2615 ,·
994 2550 1075 2614 bene,

67 2619 108 2673 nia
124 2620 247 2673 dixerat:
270 2617 308 2677 Et,
322 2624 406 2697 super
431 2620 488 2686 ipsi
505 2616 692 2669 Dardanidae
718 2618 826 2687 infensi
832 2640 845 2683 ,ν
865 2627 897 2670 ut
920 2618 1076 2671 ostenderet

67 2703 106 2756 aa,
128 2704 196 2739 cum
213 2687 367 2739 advenientr
389 2686 514 2739 inludere
537 2695 690 2752 certarent,
714 2687 806 2739 audito
824 2688 881 2739 eius
898 2688 1017 2756 gemitu,
1040 2683 1076 2737 ad

67 2756 256 2811 iterationem
279 2770 338 2807 esse
362 2769 513 2807 conversos.
537 2780 572 2792 -
613 2760 658 2813 74.
683 2755 806 2822 Impetus
812 2779 822 2819 ,·
847 2755 894 2823 qui
917 2756 948 2807 in
969 2752 1076 2805 Sinonis

67 2825 189 2877 uebatur
213 2823 365 2875 interitum.
414 2821 586 2886 Hortamur;
614 2824 699 2885 bene3
730 2839 786 2876 aron
811 2825 955 2887 iubemus,
981 2829 1077 2892 utpote

67 2892 232 2956 riserantes.)
267 2888 329 2958 Quo
350 2896 490 2958 sanguine
518 2905 608 2943 cretus
615 2915 625 2956 ‚-
650 2891 747 2960 quihus
764 2892 799 2943 sit
813 2891 974 2961 parentibus
990 2898 1079 2941 natus.

67 2960 124 3013 ianr
139 2960 281 3025 Graecum
298 2975 356 3011 essa
381 2959 531 3012 constabat.
548 2987 583 2998 -
618 2968 660 3017 75.
684 2959 781 3020 Ferat3
803 2962 902 3013 afferat
924 2959 942 3012 i.
960 2977 983 3011 e.
1008 2973 1078 3009 nun·

67 3025 111 3082 iet.
143 3028 280 3081 Memorat
297 3044 368 3107 quae
386 3029 424 3079 sit
435 3028 548 3096 fiducia
568 3041 665 3096 capto‚·
689 3036 738 3080 aut
761 3028 833 3079 dicat
857 3044 927 3095 quae
950 3034 1027 3078 tanta
1045 3025 1080 3075 sit

67 3094 205 3169 meaptiro
229 3096 345 3159 fidncia,
369 3102 400 3145 ut
425 3095 524 3149 audeat
547 3097 648 3161 dicere*
663 3108 688 3146 et
710 3114 794 3176 super
819 3098 884 3164 ipsi.
927 3096 981 3147 Ant
1003 3100 1079 3145 certe

67 3158 200 3231 Memoret,
217 3174 258 3218 eet
271 3163 447 3217 meminerit:
464 3173 494 3215 ut
509 3165 651 3231 significet,
667 3164 825 3216 meminerit
841 3165 871 3216 in
887 3164 993 3233 captivo
1010 3160 1080 3213 veri·
1122 3213 1125 3217 ,

67 3226 177 3301 liquam
192 3233 263 3286 vitae
280 3250 338 3284 esse
354 3232 492 3284 fiduciam.
525 3234 604 3284 Unde
629 3241 657 3284 et
679 3233 818 3301 responsio
842 3230 903 3283 talis
921 3238 975 3282 est:
1001 3228 1080 3279 Fate-

70 3296 109 3352 bor
123 3320 195 3355 aera.
238 3301 292 3353 Alii
309 3300 461 3353 Memorem
484 3300 595 3369 legunt,
619 3308 650 3350 ut
666 3299 700 3349 sit
716 3316 821 3364 sensus,
845 3298 1030 3352 Hortabamur
1047 3296 1083 3349 ad

71 3362 222 3449 aquandum
238 3385 411 3423 memorem:
437 3370 490 3421 hou
508 3376 550 3421 est
566 3368 613 3436 qui
631 3367 777 3436 diligenter
800 3368 927 3421 factionis
944 3383 1008 3417 strae
1025 3381 1083 3417 me·

74 3447 190 3491 amarat:
216 3437 335 3506 (veluti,-
349 3454 458 3490 mernor
482 3436 528 3502 sit,
553 3436 619 3504 quid
641 3437 671 3488 in
695 3437 799 3506 captivo
817 3436 915 3487 victori
930 3435 1026 3498 liceat,
1043 3432 1085 3485 vel
1129 3485 1134 3499 ¹

74 3506 157 3569 quidue
174 3506 256 3576 ferat
281 3519 425 3571 memoret,
449 3507 466 3558 i.
486 3524 510 3557 e.
533 3504 598 3572 quid
622 3505 744 3570 adferat,
767 3506 854 3568 dicat,
878 3511 908 3554 ut
925 3502 1085 3573 simpliciter

73 3574 223 3645 accipiatur,
240 3573 313 3643 quod
331 3575 468 3643 sequitur;
487 3573 634 3642 quiaillud
651 3575 698 3640 sit,
722 3574 794 3639 qnod
810 3574 851 3626 illi
867 3572 996 3623 fiduciam
1014 3571 1086 3640 apud

72 3634 148 3696 intes
165 3650 247 3724 capto
264 3642 365 3714 pariat,
382 3651 412 3693 ut
428 3649 515 3713 putet,
532 3660 547 3693 a
566 3642 693 3694 Troianis
710 3642 762 3693 sibi
780 3658 836 3694 esse
854 3641 1042 3711 parcendum.)
1054 3665 1087 3677 -

71 3715 104 3767 77.
117 3710 215 3763 Fuerat
232 3713 431 3780 quodcunque;
455 3711 473 3762 i.
491 3730 514 3763 e.
541 3710 696 3779 quicunque
720 3727 765 3761 me
789 3716 937 3780 sequentur
960 3718 1088 3777 eventus:

72 3777 125 3843 (rive
148 3781 295 3832 miseratio
312 3780 398 3831 vitam
416 3779 567 3832 concedere
592 3778 725 3844 volneris,
746 3778 800 3831 sive
824 3796 889 3830 non.
907 3777 972 3846 'Est
995 3786 1090 3831 autern

68 3847 246 3914 nrenthesis,
274 3856 303 3902 et
325 3848 440 3919 respicit
462 3848 498 3899 ad
521 3848 601 3900 illud:
627 3847 786 3915 Memorat,
817 3845 887 3917 qua'e
912 3848 950 3897 sit
976 3845 1090 3914 fiducia

68 3931 145 3986 capto.
176 3915 411 3987 ⁴Suspendendurn
428 3932 496 3984 ergo
515 3934 570 3969 rea.
596 3915 676 3969 ‘Sane
696 3918 879 3984 quodcunque
897 3923 1000 3966 vetusta
1025 3930 1090 3966 voce

67 3997 180 4042 nortem
197 3984 348 4056 significm
364 3982 485 4037 Lucilius
502 3985 584 4038 docet
598 3984 629 4037 in
646 3985 719 4037 iffi:
737 3983 828 4036 Hunc
852 3984 880 4036 si
904 3984 973 4049 quid
997 3985 1093 4048 pueris
