2454 4500
140 254 221 348 'sn
417 249 977 338 ssavrscomuuuruu1us⁵
1078 232 1085 255 ’
1194 308 1214 387 ,1

1207 412 1215 449 l

1210 462 1215 481 Ι

160 463 259 514 dorur'n
286 462 451 514 auxiliorum
479 460 607 532 exprimit
635 475 761 512 causam:
781 444 825 512 'ne
845 458 948 527 „magis
977 458 1094 526 Turno,
1119 458 1177 527 qimi

158 526 268 584 Graeco
285 534 378 584 lavere
395 531 549 584 credantur.
569 549 603 568 ›-
638 535 679 587 56.
698 529 945 595 Foederuliungq
964 527 1073 596 legitur
1089 535 1115 580 et
1128 527 1177 580 Fre-

160 602 223 652 dere
240 602 335 668 iunge.
353 624 389 637 —-
423 605 465 658 57.
481 599 565 649 Recto
577 599 703 666 flumine
722 599 840 660 ducum;
862 599 933 662 [non
949 597 990 649 ad
1015 597 1188 648 naturamul'

159 669 204 721 vei
224 669 403 721 referendum
426 675 479 732 est,
501 668 567 719 narn
590 667 630 718 ait
652 667 731 731 (95.):
756 678 781 716 et
805 667 907 731 longos
933 677 1078 732 superant
1093 666 1182 732 flexus,

159 736 218 802 sed]
234 746 311 790 recto
328 736 450 787 fluminis
465 736 581 800 itinere,
598 737 673 802 [quia
690 751 746 786 non
763 742 826 784 sunt
842 732 1003 798 erraturi:]
1028 742 1058 786 et
1073 735 1111 793 sic
1125 733 1183 796 dixit,
1202 740 1205 750 '

159 813 190 856 ut
210 809 260 873 (6,
277 804 364 867 901.):
391 804 471 854 Tunc
496 823 524 856 se
542 806 578 854 cd
598 803 709 857 Caietae
727 815 797 853 recto
810 802 872 870 fert
889 803 974 853 litore
995 815 1124 868 portum
1143 802 1183 853 luc

68 868 70 873 ’
160 882 201 927 est
223 892 240 927 a
262 872 343 926 litore
365 884 426 924 non‘
446 875 598 926 recedens-³
620 873 663 923 Sic
686 887 753 940 ergo
778 879 807 923 et
830 886 905 921 nunc
923 867 1058 936 [ducam]
1080 889 1097 924 a
1119 871 1183 922 litore

71 962 75 967 ·
133 942 236 1009 'fluvii
259 958 316 1001 non
338 942 516 993 recedentem
539 941 680 1010 siguificat.
714 941 763 990 Est
780 941 808 991 e't
824 938 880 989 alia
898 939 1057 1005 expositio,
1081 946 1111 990 ut
1127 951 1184 990 recto

152 1007 295 1078 flumine,
319 1011 455 1074 edomito,
479 1012 601 1076 frenato,
624 1018 652 1063 et
667 1010 698 1059 in
715 1007 946 1073 tranquillitatem
965 1008 1085 1059 redacto
1101 1007 1185 1060 intelli·
1217 1042 1221 1059 .

159 1095 270 1147 gamus:
296 1077 370 1145 quod
394 1080 480 1131 etiem
503 1081 583 1142 fecit,
607 1087 638 1128 ut
661 1077 742 1144 (88.);
766 1076 849 1127 Mitis
874 1078 958 1125 utin
979 1093 1088 1141 morem
1103 1076 1186 1143 stagni

158 1148 340 1213 placidaeque
357 1148 481 1214 paludis.
507 1140 552 1198 'Ut
568 1143 603 1198 sit
617 1160 687 1198 recto
701 1144 844 1214 praeteriti
856 1143 998 1210 temporis
1013 1145 1186 1214 participium,

159 1216 195 1267 ab
218 1232 252 1268 eo
276 1215 349 1284 quod
374 1227 416 1268 est
441 1234 512 1282 rego.
538 1244 573 1253 —
623 1221 665 1272 59.
689 1215 829 1281 [Prirnis5
859 1212 1015 1282 proprium
1039 1213 1186 1266 cudentibus

158 1285 262 1349 astris,.
276 1299 342 1334 cum
366 1284 492 1354 primum
515 1300 568 1336 nox
592 1284 738 1347 occiderit,
769 1290 798 1334 et
819 1281 925 1332 dictum
948 1280 1031 1332 iuxta
1054 1298 1070 1330 v
1117 1297 1185 1333 arem

49 1358 56 1403 .'
124 1364 126 1371 ·
160 1351 335 1421 opinionem,
360 1360 494 1421 tauquam
512 1353 620 1404 oriente
639 1352 682 1402 die
701 1351 826 1403 occidant
842 1346 937 1412 astru]
956 1374 993 1385 -
1029 1354 1074 1407 60.
1108 1351 1186 1400 unsni

152 1419 203 1488 jer
222 1422 273 1471 rite
289 1436 398 1485 preccs;
422 1422 493 1471 sicut
514 1421 600 1472 etiam
616 1420 735 1471 Helenus
757 1417 872 1470 monuit.
910 1418 958 1484 [Et
975 1417 1017 1467 sic
1029 1418 1081 1486 ser
1095 1435 1185 1484 preces,

146 1486 148 1495 '
178 1489 395 1541 uemadmodum
420 1506 501 1542 sacra
526 1489 599 1555 ferri
624 1485 765 1552 dicimus}
789 1513 824 1523 -
864 1490 909 1543 61.
938 1483 1041 1538 Victor
1064 1485 1185 1539 bonorem

157 1505 317 1621 lassulus,-
345 1557 418 1611 bene
441 1559 468 1610 ei
498 1559 595 1610 adimit
624 1557 755 1610 bellicam
781 1569 879 1606 curam
902 1554 1112 1621 promittendo,
1139 1556 1184 1605 rati

156 1626 218 1678 lore
235 1634 403 1696 compotem.
419 1618 454 1664 ·'-
488 1632 532 1695 53.
550 1627 735 1693 stringentem
754 1628 831 1692 ripas
837 1646 848 1687 ,-
871 1623 1040 1688 radentem,
1064 1623 1184 1675 immina·

156 1702 261 1747 entem.
295 1695 369 1746 Nam
392 1695 446 1746 hoc
470 1703 511 1746 est
527 1695 653 1746 Tiberini
676 1694 800 1744 fluminis
822 1690 988 1761 proprium,
1011 1692 1084 1743 adeo
1108 1701 1137 1743 ut
1155 1691 1183 1743 ab

157 1763 276 1842 antiquis
300 1763 416 1815 Rumon
439 1763 485 1830 (V.
504 1763 538 1815 R.
564 1768 675 1829 rumor,
698 1761 789 1814 Guelf.
806 1761 825 1811 l.
844 1759 876 1810 [Ι.
903 1760 1025 1820 resnou)
1048 1760 1136 1813 dictsrs
1150 1761 1184 1824 sit.
1208 1790 1212 1805 ε

157 1847 235 1899 quasi
251 1831 326 1900 ripas
347 1831 492 1883 ruminans
509 1839 537 1883 et
554 1833 678 1885 exedens.
697 1831 745 1882 ,In
769 1828 854 1881 sacris
871 1827 959 1879 etiam
977 1827 1064 1879 Serra
1087 1829 1183 1882 diceba·

157 1907 211 1950 tur.
244 1899 323 1952 Unde
340 1900 380 1951 ait
396 1915 483 1951 mmo:
500 1899 535 1950 Et
546 1903 667 1968 pinguia
676 1900 761 1969 tculta
780 1895 982 1957 secantemsjn
1000 1897 1096 1965 aliqua
1112 1897 1184 1951 edm

157 1966 233 2019 urbis
250 1976 329 2036 parte
349 1964 503 2019 Tarentum
520 1968 609 2034 (Ter.;
639 1968 729 2018 Gueli.
746 1969 766 2020 I.
784 1964 916 2026 serentur)
932 1965 1055 2030 dicitur,
1073 1983 1106 2020 eo
1123 1965 1183 2035 quel

156 2035 181 2086 ri
203 2051 231 2084 as
248 2047 326 2087 terat.
344 2098 346 2102 y
361 2037 426 2104 [Alii
450 2038 630 2104 stringentem
654 2037 728 2087 iuxta
752 2043 874 2088 veterem
896 2048 1012 2085 morem
1030 2035 1137 2085 dictum
1151 2035 1183 2086 ia

155 2053 290 2171 teiligsmt.
327 2102 468 2172 stringere
486 2107 562 2156 enim
579 2104 733 2173 significare
751 2106 861 2167 dictust,
883 2107 962 2152 tactu
987 2103 1101 2153 modico
1118 2120 1183 2172 prae

157 2171 256 2222 terite:
274 2179 305 2222 ut
321 2171 379 2238 ipse
397 2174 437 2223 ait
452 2174 482 2222 in
500 2174 532 2224 X.
547 2175 640 2240 (478.);
658 2172 765 2238 Magno
780 2172 898 2222 strinxit
913 2171 945 2218 de
960 2187 1079 2236 corpore
1095 2173 1181 2223 Turni.
1217 2176 1220 2183 '

156 2267 191 2276 -
225 2243 268 2295 64.
290 2239 442 2290 Caeruleus
462 2241 574 2304 Tibris;
598 2243 682 2302 altus,
699 2242 857 2310 proismdus.
893 2237 996 2301 Coelo;
1020 2257 1072 2307 pro
1090 2242 1131 2291 his
1147 2239 1182 2308 qui

156 2309 187 2358 in
210 2307 289 2356 coelo
313 2317 383 2358 sunt.
401 2334 435 2344 -
470 2315 511 2364 65.
540 2310 597 2360 Hic
623 2309 693 2359 mihi
718 2327 820 2375 mrrgnu
846 2310 962 2369 domus‚·
992 2308 1098 2360 scilicet
1120 2311 1182 2360 circa

156 2375 260 2425 exitum
284 2391 381 2425 suum:
412 2379 546 2444 [quamvis
572 2380 646 2430 enim
670 2378 735 2428 alibi
761 2386 852 2440 ortus,
880 2375 954 2425 hunc
981 2383 1079 2427 tamen
1103 2378 1182 2427 locum
1215 2397 1222 2420 ¹·

156 2441 273 2506 incola]
313 2444 366 2494 Alii
390 2444 510 2495 Romam
535 2447 629 2499 dicunt
652 2445 777 2497 Tiberini
808 2461 865 2495 esse
889 2444 1083 2507 domicilium
1113 2447 1182 2513 [hinc

154 2511 251 2562 dixisse
271 2520 402 2577 magnam
421 2515 540 2566 doenum.
576 2515 629 2565 Alii
646 2515 714 2565 ostia
732 2514 826 2564 dicunt
842 2511 877 2563 ab
895 2511 948 2562 hoc
968 2516 1045 2579 quod
1063 2531 1112 2565 nos
1129 2529 1183 2564 curn

154 2595 205 2649 per
223 2579 327 2630 diversa
344 2581 553 2633 discurrerimus
572 2583 675 2648 officia,
698 2587 727 2633 in
745 2583 860 2632 domum
883 2588 1011 2631 nostram
1029 2600 1080 2632 nos
1097 2585 1183 2650 recipi·

153 2662 216 2697 mus
232 2647 327 2714 ibique
344 2649 556 2716 requiescimus.
581 2659 612 2700 ut
634 2652 709 2702 idem
732 2651 777 2700 hic
804 2665 868 2699 cum
893 2665 944 2713 per
968 2650 1084 2717 reliqua
1107 2651 1182 2720 spatia
1220 2690 1222 2709 ,

153 2716 327 2779 discurrerit,
351 2719 467 2786 recipiat
483 2735 512 2769 se
529 2737 579 2788 per
598 2721 666 2770 ostia
688 2720 718 2770 in
735 2735 821 2769 usare.
855 2717 909 2767 Alii
927 2719 1045 2767 domum
1064 2734 1121 2770 uon
1137 2720 1183 2767 llo·

153 2799 232 2834 mam
254 2784 411 2851 significare
435 2803 505 2853 quae
528 2788 618 2839 adhuc
642 2805 699 2838 non
728 2795 801 2851 erat,
823 2787 872 2836 sed
894 2784 1044 2851 regionem
1068 2788 1144 2838 illam
1159 2794 1182 2838 ut

154 2852 280 2902 ostendat
296 2853 348 2902 sibi
366 2870 428 2904 eam
445 2855 560 2906 demum
578 2855 694 2906 electam
711 2873 780 2922 quae
805 2854 840 2906 ad
863 2861 951 2904 totam
977 2856 1110 2919 (tent.?)
1135 2856 1183 2924 glo

152 2920 227 2970 riam
249 2928 416 2988 perventura
440 2921 500 2986 sit]
548 2923 638 2974 Celsis
663 2936 746 2990 caput
772 2923 888 2973 urbibus
914 2925 988 2987 exit5
1021 2925 1057 2975 de
1086 2926 1183 2989 Tuscia,

153 3003 240 3055 quam
262 2986 315 3037 illis
332 2988 450 3039 multum
468 2999 573 3042 constat
596 2992 720 3044 floruisse
736 2992 916 3061 temporibus.
953 2992 1031 3043 Nam
1060 3002 1089 3045 et
1104 2993 1183 3044 Lucu-

152 3071 249 3107 moues
267 3055 366 3120 (Guelf.
383 3057 404 3107 1.
420 3058 452 3106 ΙΙ.
472 3058 584 3121 lucam.)
607 3076 687 3126 reges
709 3061 846 3123 habebat,
871 3066 900 3110 et
923 3061 1082 3112 maximam
1098 3063 1183 3114 ltaliae

153 3132 328 3193 superaverat
345 3132 462 3192 partem.
480 3152 514 3164 -·
545 3134 589 3185 66.
608 3127 698 3193 [Lucu
710 3130 840 3196 fluvius;
857 3127 982 3178 abutitur
1001 3131 1086 3180 lacus
1104 3133 1183 3182 nomi-

152 3209 189 3243 ne
207 3199 238 3241 ut
254 3208 330 3243 mox:
357 3190 420 3258 Quo
438 3206 463 3243 te
490 3212 597 3263 cunque
624 3198 712 3246 lacus.
748 3197 869 3248 Fluvius
886 3203 981 3250 autem
998 3197 1046 3248 hic
1064 3200 1124 3269 ipse
1141 3201 1183 3250 sci·

150 3255 215 3311 licet
239 3260 305 3310 deus
329 3258 421 3324 alvei}
439 3288 472 3298 -
506 3269 549 3320 67.
572 3262 637 3313 Noe
661 3264 781 3314 Aeneam
805 3281 975 3330 somnusque
1003 3267 1136 3334 reliquit3
1158 3276 1182 3318 ut

152 3333 189 3395 (3,
207 3328 293 3389 tesi:
311 3323 410 3378 Fessus
428 3342 528 3380 ventus
545 3345 607 3380 oum
626 3335 683 3383 sole
703 3335 829 3400 reliquit,
847 3335 886 3399 [et
902 3333 967 3385 cito.
987 3361 1023 3372 -
1059 3342 1104 3394 63,
1123 3338 1181 3388 on‘.

151 3399 229 3447 entia
249 3397 319 3447 solis
337 3395 476 3458 Lumina:
501 3415 552 3467 pro
578 3401 691 3451 orientis
713 3403 775 3452 solis
798 3399 922 3464 lumina}
940 3428 977 3438 -—
1012 3409 1057 3461 69.
1079 3405 1180 3455 Undam

151 3465 184 3514 de
195 3463 322 3530 flumine
340 3467 443 3530 palmis
461 3467 585 3530 Sustuli‚·
615 3469 679 3536 quia
696 3471 794 3520 dicitur
817 3486 870 3520 nox
893 3470 981 3521 etiam
1007 3473 1066 3523 solo
1091 3490 1179 3525 somno

171 3531 282 3582 alluere.
318 3533 395 3585 Unde
420 3543 461 3585 est
484 3536 573 3599 [Pers.
590 3546 623 3600 2,
641 3536 709 3601 16.]:
734 3539 768 3587 Et
794 3550 899 3588 noctem
917 3539 1049 3605 flumine
1075 3554 1178 3610 purgat.

163 3597 301 3676 secretior
325 3601 412 3652 etiam
436 3603 507 3654 ratio
532 3611 586 3666 est,
609 3606 673 3670 quia
696 3606 894 3657 sacrificaturus
918 3608 1046 3675 Superis,
1072 3613 1107 3664 de
1128 3615 1179 3662 vivo

170 3675 244 3744 aunt
261 3667 397 3732 flumine]
415 3696 448 3706 -
482 3677 525 3726 71.
545 3671 704 3738 Nympbne5
729 3674 774 3725 hic
791 3674 1033 3742 distinguendum,
1057 3688 1090 3730 ut
1106 3695 1177 3745 geue·

150 3735 290 3786 ralitatem
307 3746 436 3803 sequatur
459 3739 624 3808 specialitas3
647 3751 678 3792 ut
699 3743 730 3793 in
747 3743 892 3810 Georgicis
916 3748 958 3810 (4,
978 3748 1070 3807 321.):
1094 3748 1177 3797 Mater

151 3802 256 3867 Cyrene
276 3815 369 3854 mater.
406 3806 478 3858 Nam
501 3809 626 3858 vitiosum
651 3817 705 3874 est,
728 3819 790 3876 post
812 3811 935 3877 speciem
957 3827 1048 3880 genus
1072 3817 1176 3867 inferre.

153 3866 262 3937 [Genus
281 3875 413 3923 amnibus
432 3874 504 3926 unde
522 3888 575 3936 est3
600 3876 712 3944 quidam
729 3880 774 3930 hic
791 3878 954 3948 hypallagen
972 3890 1088 3951 putant,
1105 3893 1134 3935 ut
1148 3884 1177 3934 sit

148 3939 286 4004 nymphae
304 3957 374 4006 quae
391 3941 426 3992 ab
445 3944 571 3995 amnibus
588 3958 673 4010 genus
690 3947 804 3997 habetis.
840 3949 910 3999 Sane
925 3965 991 3999 curn
1008 3955 1083 4003 unde
1101 3953 1174 4005 hodie

147 4005 184 4061 ad
205 4006 478 4080 numentanus,
500 4020 604 4068 veteres
627 4012 714 4069 etiam
737 4016 861 4084 personis
878 4017 1074 4089 adplicabant,
1098 4022 1135 4074 ita
1149 4026 1175 4071 ut
