2454 4500
103 256 106 261 ’
157 262 230 347 aeo'
396 242 562 338 'sanun
584 274 942 339 conuentionis

162 460 259 514 docuit
276 461 357 513 rudis
375 460 470 515 incola
486 473 588 528 patres.
622 458 694 529 Quia
709 460 800 515 adhuc
823 476 876 514 nec
891 459 1009 515 annales
1024 468 1117 525 erant,
1139 476 1177 513 nec

160 531 299 584 historiae.
346 532 467 585 Aurunci
494 547 574 597 vero,
603 529 699 583 Italiae
731 530 827 601 populi
859 527 1047 599 antiquissimi
1074 530 1177 580 tuerint

160 598 244 651 Ferre
267 605 379 666 auum,
400 596 478 669 qum
500 614 566 650 cum
587 598 770 651 ostentatione
793 598 908 652 iactare.
924 624 961 637 -
1002 596 1179 657 anenata

161 684 233 731 πυτς
256 670 380 738 Iuppiter
402 684 468 719 cum
490 665 602 720 Electra
622 668 737 720 Atlantis
760 667 833 733 filia,
856 666 967 719 uotiua
991 667 1084 731 (codd
1106 663 1180 729 cont,

160 739 264 803 coryti,
288 736 411 805 corythi,
433 734 565 799 corinthi)
588 738 662 803 regis
678 735 773 789 Italiae
798 751 884 788 uxore
899 736 1060 787 concubuit
1094 733 1181 786 Sedu

160 805 230 857 Iovia
251 803 357 857 semme
380 812 459 857 natur
483 811 525 856 ert
545 803 704 857 Dardanio:
727 818 760 856 er
783 802 893 855 Gorithi
914 804 1010 855 Iaaiuu
1050 802 1182 855 Dardanus

179 873 299 926 refectus
323 874 360 925 ad
380 872 529 942 Phrygiam
551 872 633 924 Ilium
656 872 792 926 condidit:
822 873 907 925 Iasius
930 874 976 939 (V.
1000 870 1106 933 Asius)
1127 884 1182 923 vcro

205 942 310 993 ruciam
324 942 427 1006 tenuit,
450 942 500 992 ubi
515 949 557 992 est
577 940 688 994 Samos:
713 957 799 1010 quam
820 939 889 1009 [hicl
905 939 1131 992 Samothraciam
1145 954 1184 991 nc·

159 1004 282 1062 minam
315 1009 389 1061 Nam
405 1008 517 1061 Iunonis
532 1009 587 1062 alia
602 1018 644 1062 est
658 1009 755 1062 Samos
776 1009 873 1063 insula
907 1007 1088 1079 Quamquam
1103 1006 1187 1059 civitas

159 1078 315 1144 'l'hrauiom
331 1094 402 1146 quoe
419 1078 507 1131 estin
523 1078 708 1147 Cephalania,
723 1077 805 1130 Same
822 1076 909 1144 (codd.
925 1078 1022 1143 Samo,
1038 1084 1070 1130 et
1085 1074 1187 1137 Samos)

159 1147 276 1199 dicauu.
309 1145 387 1198 Unde
409 1155 504 1216 postea
520 1163 585 1198 cum
607 1163 774 1215 responsum
797 1153 868 1199 esset
889 1149 933 1212 (3,
949 1146 1018 1208 96.);
1042 1145 1187 1213 Antiquam

162 1216 299 1282 exquirite
317 1227 448 1265 matrem:
467 1222 496 1266 et
510 1210 615 1269 Aeneas
631 1217 741 1268 ltaliam
758 1220 879 1285 peteret,
896 1215 1039 1281 profectus
1056 1215 1093 1267 ad
1109 1214 1189 1265 Thra·
1221 1234 1224 1239 ·

161 1284 235 1336 ciam
250 1290 303 1348 est,
320 1289 349 1334 et
364 1282 558 1335 Samothracas
574 1285 640 1338 deos
656 1284 778 1347 sustulit,
795 1290 823 1335 et
838 1283 952 1359 pertidit
969 1298 1066 1334 secum
1082 1290 1188 1353 propter
1221 1286 1225 1294 '

162 1352 203 1404 ori
226 1351 231 1362 ’
254 1367 299 1405 em
315 1352 427 1417 matris,
443 1352 529 1419 [quod
544 1353 669 1425 superius
685 1360 728 1417 (1,
746 1358 807 1410 381.
824 1358 860 1416 3,
876 1352 949 1411 167.)
966 1350 1078 1422 plenius
1093 1351 1189 1404 dicuin

161 1368 356 1486 estffmtdaeas
375 1419 513 1486 Phrygiae
535 1423 690 1487 penetravit
713 1422 751 1471 ud
769 1421 866 1483 urbes3
890 1420 957 1488 (pria
981 1426 1063 1471 erant
1086 1428 1116 1471 et
1130 1420 1189 1487 Gre-

160 1496 222 1555 tae,
245 1488 350 1539 addidit
367 1488 506 1555 Phrygiae
530 1489 566 1541 ad
588 1489 849 1543 discretionem.¹-
882 1492 945 1546 209.
963 1486 1094 1551 caritha}
1120 1490 1189 1556 oppi-

161 1558 230 1611 dum
246 1562 274 1609 et
297 1572 377 1608 mons
402 1557 476 1609 dicta
499 1574 516 1609 a
539 1573 606 1626 rege
631 1558 771 1624 [Coritho,
794 1564 825 1607 ut
846 1564 961 1625 putatur
977 1574 994 1609 a
1012 1552 1190 1624 quibusdam]

160 1632 240 1698 patre
257 1624 380 1677 Dardani
397 1624 453 1746 dibi
467 1626 573 1696 sepulto
591 1626 671 1694 (Dan.
688 1625 730 1677 bis
747 1644 803 1695 sep.
820 1623 918 1691 dicti.)]
932 1651 969 1662 -
1003 1630 1069 1681 210.
1088 1629 1189 1691 Aurem

160 1694 301 1764 quomodo
318 1693 384 1745 dicit
420 1694 446 1745 ic
461 1692 541 1745 illum
557 1695 625 1746 dicit
639 1695 669 1746 in
685 1694 762 1747 coelo
780 1710 853 1760 esse,
869 1694 894 1745 si
910 1692 985 1762 apud
1000 1694 1109 1745 iaiferos
1124 1695 1189 1747 hunc

160 1748 229 1815 vidit
244 1762 362 1826 Aeneam
380 1764 419 1813 ait
435 1762 511 1815 enim
529 1767 566 1830 (6,
581 1764 667 1824 650.):
686 1764 801 1830 Ilusque
819 1762 1032 1828 Assaracusque
1051 1776 1078 1813 et
1096 1764 1191 1815 Troiae

162 1827 320 1883 Dardanus
338 1843 444 1882 auctor.
479 1829 611 1883 Solvitur:
633 1832 709 1901 quod
730 1832 820 1884 tribur
836 1830 892 1883 tria
907 1829 1046 1883 reddidit:
1069 1833 1191 1884 Animam

160 1894 253 1964 coelo,
275 1916 374 1971 eorpus
396 1907 504 1964 terrae,
527 1899 659 1953 mnbram
680 1900 784 1951 inieris.
808 1923 844 1937 -
888 1905 952 1957 211·
979 1900 1095 1963 Addit·,.
1108 1906 1192 1969 auget,

162 1966 315 2021 adiectione
337 1968 442 2019 scilicet
465 1967 589 2019 nominis
611 1968 661 2019 sui.
678 1994 712 2007 -
747 1973 810 2025 212
831 1967 901 2019 Voce
924 1978 1055 2029 secutum
1077 1969 1192 2039 plerum·

162 2054 216 2106 que
241 2037 317 2089 enim
344 2035 529 2088 consentimus
553 2043 582 2088 et
602 2036 688 2091 taciti.
712 2063 749 2074 -
788 2042 851 2094 213.
875 2034 951 2096 Rem
977 2034 1137 2091 conciliatio
1159 2036 1190 2088 alt

160 2106 281 2170 honore,
305 2103 370 2157 inde
387 2122 404 2156 a
420 2121 532 2172 genere.
548 2130 583 2142 -
617 2108 680 2162 214.
699 2104 849 2156 Succedere
873 2105 975 2166 terres,¹
997 2111 1031 2154 ut
1048 2111 1095 2172 (2,
1111 2104 1191 2167 723.}:

161 2175 334 2240 succedoque
353 2177 440 2224 oneri.
460 2196 496 2209 -⁴
529 2178 591 2232 215.
608 2173 667 2223 Nec
692 2176 787 2235 sidus3
809 2182 932 2243 aspectus
956 2173 1091 2226 siderum.
1125 2176 1192 2225 Nam

161 2249 352 2313 tempestatem
370 2242 549 2308 supradixit:
567 2259 620 2293 nec
638 2249 679 2294 est
695 2243 736 2294 bis
753 2243 829 2294 idem
845 2242 974 2312 positum.
989 2269 1027 2279 -—
1063 2252 1125 2300 ρετ.
1145 2243 1191 2294 Ur-

162 2310 221 2363 bem
240 2311 403 2379 afferimur3
425 2309 461 2360 ud
478 2312 578 2361 urbem
595 2312 714 2362 ferimur
731 2312 776 2377 (al.
797 2310 897 2379 refer).
913 2336 948 2347 -
984 2318 1048 2368 218.
1067 2314 1190 2363 Extremo

161 2383 292 2444 veniens;
314 2378 332 2430 i,
348 2397 373 2429 e.
390 2379 488 2448 primo
522 2380 596 2430 Nam
613 2380 678 2431 alias
698 2382 807 2430 rediens
824 2381 928 2431 diceret
944 2394 1003 2429 nou
1021 2386 1147 2432 veniens.
1161 2408 1191 2418 -

162 2456 224 2506 220.
242 2447 381 2497 Dardana
404 2447 490 2514 pubes
517 2446 628 2498 Gaudet
650 2466 718 2510 avo;
743 2448 851 2517 generis
876 2447 994 2516 origine.
1036 2451 1111 2501 Nam
1134 2466 1191 2501 artu

159 2531 217 2568 non
234 2525 274 2567 est
291 2516 478 2566 Troianorum
495 2517 632 2586 Iuppiter:
655 2517 704 2568 sed
722 2520 831 2569 Aeneae
855 2514 960 2584 [solius]
977 2533 1030 2582 per
1049 2520 1190 2571 Venerem.

161 2608 196 2623 -*
230 2592 292 2641 222.
310 2582 428 2650 Quanta
446 2603 494 2651 per
513 2585 627 2653 Idaeos;
653 2587 688 2637 ad
711 2585 778 2637 illud
794 2585 949 2655 respondit:
974 2586 1131 2653 Auditr'que
1147 2590 1190 2637 od-

161 2656 269 2707 uertitis
288 2671 406 2719 aequore
425 2671 554 2717 cursum,
578 2655 596 2704 i.
613 2671 653 2719 e.,
675 2671 731 2705 non
749 2655 852 2704 mirum
871 2660 924 2717 est,
947 2653 1019 2704 haec
1037 2664 1067 2707 te
1086 2659 1191 2721 audisse,

160 2740 230 2792 qnae
248 2722 385 2774 universus
410 2722 484 2772 orbis
500 2723 617 2789 agnovit.
635 2748 669 2760 ·-·
704 2732 765 2780 223.
786 2722 961 2788 Tempestas;
988 2723 1028 2772 vis
1054 2726 1189 2777 bellorum.

161 2792 260 2857 Actus5
279 2791 394 2841 collisus.
407 2817 441 2827 -
476 2796 538 2848 224,
560 2788 653 2851 Fatis;
672 2808 722 2859 per
738 2794 885 2842 transitum
903 2798 931 2842 et
948 2791 1090 2844 Troianos
1107 2794 1190 2847 eximit

160 2858 255 2929 culpa:
279 2867 306 2911 et
329 2860 503 2910 Graecorum
527 2856 627 2912 deterit
647 2861 764 2912 laudern.
785 2887 818 2899 ·-
854 2866 915 2916 225.
934 2856 1036 2910 Tellus
1061 2876 1187 2925 extremm·

162 2935 193 2978 ut
216 2935 258 2979 est
273 2927 431 2979 Britanniae
456 2937 483 2979 et
500 2929 626 2979 omnium
648 2930 800 2980 insularum
819 2927 931 2978 Oceani.
968 2928 1080 2997 Refuso
1099 2941 1187 2995 autem,

161 2996 258 3062 refluo,
275 3002 306 3045 ut
322 2994 449 3046 Lucanus
465 2997 568 3048 indicat
585 3000 631 3065 [(l‚
648 2998 731 3056 doul:
751 2997 868 3063 Quaque
888 2999 962 3046 iacet
980 2999 1054 3049 litus
1073 3004 1187 3061 dubium,

162 3067 236 3132 quod
261 3076 335 3114 terra
354 3061 517 3132 fretumque
539 3066 671 3117 Vindicat
689 3068 807 3117 alternis
825 3067 952 3129 vicibus,
979 3083 1045 3117 cum
1082 3072 1185 3120 auditur

163 3136 263 3201 ingens
282 3132 429 3197 Oceanus,
452 3137 495 3185 vel
518 3152 581 3185 eum
606 3135 714 3203 refugis
740 3155 767 3186 se
785 3135 928 3204 fluctibus
953 3070 1084 3203 auferti
1106 3140 1139 3189 Et
1153 3143 1185 3189 est

161 3201 216 3253 hoc
244 3200 358 3253 Homeri
389 3202 475 3270 [(O‹l.
499 3223 534 3270 μ,
558 3204 615 3268 1.);
654 3199 741 3273 αὐτὰρ
772 3203 830 3256 ἐπεὶ
863 3208 1002 3271 ποταμοῖο
1042 3202 1185 3274 λε’πεῦρόον

161 3267 288 3323 ὠκεανοῖο
307 3264 391 3336 Nerio,
410 3264 465 3323 dard
485 3269 510 3325 δ’
525 3273 598 3326 ‘a'useo
616 3270 689 3341 κῦμα
707 3271 844 3339 θαλάσσης
860 3267 1051 3343 sipontinam]
1067 3301 1101 3315 -—
1133 3281 1183 3333 225·
1221 3276 1225 3319 ί

161 3337 196 3390 Et
220 3343 247 3391 si
270 3357 350 3407 quem
374 3348 439 3403 etc.;
464 3342 611 3394 audierunt
633 3344 717 3394 etiam
741 3344 780 3394 illi
805 3344 853 3411 qui
875 3353 1046 3409 separantur
1065 3347 1137 3397 Zona
1156 3360 1183 3395 ea
1222 3334 1225 3395 l

161 3423 231 3486 quae
250 3416 290 3460 est
305 3409 336 3460 in
354 3409 447 3460 medio
464 3415 610 3477 quattuor,
636 3411 653 3461 i.
672 3431 694 3463 e.
718 3413 835 3464 fervens.
869 3410 1014 3479 Significat
1032 3424 1126 3467 autem
1140 3415 1182 3464 An-

160 3477 275 3543 tapodas.
292 3505 326 3515 —
361 3486 422 3536 227.
441 3478 540 3545 Iniqui
546 3500 555 3542 ‚·
571 3478 759 3550 [intemperati
776 3480 828 3546 vel]
844 3480 976 3532 ardentis.
989 3508 1026 3518 —
1062 3492 1122 3541 226.
1138 3482 1182 3531 Di·

161 3542 239 3594 lunio
264 3561 297 3594 ee
316 3542 381 3607 illm
406 3563 438 3597 ex
459 3547 506 3598 illa
530 3547 661 3600 vastitate.
696 3549 749 3600 Alii
766 3550 812 3599 hio
829 3549 1018 3616 distinguunt,
1044 3561 1073 3604 et
1089 3554 1182 3603 mutant

161 3625 288 3676 sensum,
309 3622 339 3663 ut
356 3615 405 3664 sit:
430 3615 503 3682 Quos
527 3615 634 3667 dirimit
650 3619 731 3686 plaga
749 3617 812 3668 solis
829 3617 965 3669 ardentis:
990 3635 1025 3670 ex
1045 3637 1099 3689 quo
1115 3636 1182 3671 mun·
1220 3650 1225 3666 ·

162 3677 211 3727 dus
230 3678 273 3729 est'
286 3682 462 3734 constitutus:
484 3684 538 3735 hoc
555 3693 610 3750 est,
634 3703 665 3736 ex
689 3701 743 3754 quo
761 3687 844 3737 chaos
860 3699 918 3738 esse
935 3687 1019 3739 desiit
1047 3698 1108 3757 post
1128 3684 1183 3739 illud

159 3744 299 3826 diluvium.
333 3749 412 3816 [Tot3
436 3767 487 3820 pro
511 3751 617 3817 multa]
634 3781 668 3791 -
702 3760 763 3812 229.
781 3755 850 3806 Diis
874 3756 965 3806 sedem
992 3762 1126 3827 exiguam
1141 3770 1181 3823 pa·

161 3824 241 3874 trus3
264 3828 310 3882 pta
328 3824 355 3866 et
371 3820 524 3872 verecunda
540 3822 646 3889 petitio.
681 3824 856 3887 innocuum
878 3840 935 3875 non
954 3828 1031 3894 quod
1056 3828 1121 3880 nulli
1141 3840 1181 3876 no-

159 3889 233 3932 ceat:
263 3883 311 3934 sed
337 3886 410 3951 quod
436 3887 602 3940 vindicatum
626 3890 676 3970 (al.
703 3892 854 3954 vindicato)
877 3892 945 3945 nulli
968 3896 1059 3960 possit
1086 3909 1181 3947 nocere.

158 3947 244 4001 Aliter
268 3959 407 4018 serpentes
430 3956 561 4008 innocuos
586 3956 760 4010 dic1mus.—
795 3967 857 4017 230.
884 3961 1055 4030 undamque
1080 3978 1180 4015 auram·
1216 3992 1221 4011 ι

159 4035 226 4087 que;
241 4018 293 4072 isto
310 4019 386 4070 enim
403 4025 563 4079 communia
578 4034 650 4080 sunt.
663 4055 698 4066 -
732 4034 795 4095 231.
813 4028 964 4083 indecores
971 4048 979 4097 5
997 4033 1098 4100 decus,
1113 4032 1180 4082 decc·

137 4354 234 4454 f
312 4412 316 4419 .
