2454 4500
139 276 176 321 n
197 250 550 319 naon-amno.
572 202 651 316 na.
673 251 731 329 u,
752 254 903 321 ss-n.
976 256 1043 321 rsa

63 435 185 504 enutio,
198 450 242 491 'an
264 436 331 505 quia
354 436 385 489 in
408 434 477 491 sede
494 436 606 490 Cereris
628 451 693 489 sess
715 434 818 490 incisae
841 435 947 506 positas
968 433 1045 506 leges

66 504 157 573 anti]
192 504 297 557 Piroelm
319 521 369 570 ue,-
398 506 446 576 qui
470 514 583 574 praeest
605 505 747 574 auspiciis,
771 504 871 574 quibus
894 508 977 558 urbes
999 523 1046 560 rs·

63 582 118 626 tur.
153 570 285 642 Patrique
347 592 415 639 aec,·
440 575 502 645 qui,
527 583 559 625 ut
580 591 662 644 supra
687 581 730 642 (3,
748 574 803 636 20.)
828 573 1044 645 diximus,·apte

63 641 123 694 ibus
145 640 285 695 libertatis
308 651 349 696 est
372 643 445 695 deus.
480 642 558 696 Unde
581 647 666 695 etiam
689 643 814 710 Marsyas
837 643 894 695 eius
917 644 1045 696 minister

63 712 94 763 in
110 710 266 763 civitatibus
281 712 328 779 [in
344 712 407 763 loro
424 710 542 781 positus]
558 706 694 764 libertatis
715 708 792 829 gimo
810 711 867 762 iust
888 711 947 771 iae)
972 712 1046 765 iudi·

63 789 96 830 u:
122 778 133 847 [
174 779 291 833 'erem
307 795 394 841 manu
409 787 526 831 testatur
548 780 619 831 nihil
636 780 700 830 urbi
735 777 829 842 cesse]
862 779 899 829 Et
915 795 1044 834 commu·

65 847 120 899 hoc
156 848 223 901 abet
238 864 344 900 sensus:
361 846 545 914 Sacrificahat,
560 845 660 915 inquit,
675 848 768 917 primo
784 846 953 913 numinibus,
969 865 1042 917 quse

63 908 238 982 ipraesuut,
260 914 338 985 quasi
351 912 482 983 'nuptura
504 931 557 984 pro
580 916 699 967 utilitate
721 912 901 985 reipublicae.
934 916 1044 971 Deinde

63 978 115 1049 oni,
131 985 178 1036 cui
193 1000 278 1037 cinae
296 990 360 1035 sunt
375 985 496 1055 nuptiae.
529 981 593 1052 [Alii
610 984 712 1048 dicunt,
728 981 778 1036 hos
796 983 862 1036 deos
880 998 948 1052 quos
965 1000 1043 1037 com·

63 1052 174 1105 notarit
189 1051 294 1120 nuptiis
310 1068 368 1105 esse
391 1048 559 1117 contrarios,
583 1053 770 1120 Cereremque
793 1058 908 1121 propter
930 1064 1043 1125 raptum

63 1136 81 1172 e
95 1122 207 1193 nuptias
222 1129 405 1183 exsecratam,
428 1121 470 1174 vel
486 1132 519 1173 ex
535 1136 590 1188 quo
606 1122 662 1172 Iovi
685 1128 770 1190 nupta
794 1120 920 1187 praelata
934 1124 1043 1177 lunone

63 1186 156 1241 udiats
172 1194 229 1251 est;
251 1204 318 1242 nam
335 1202 400 1240 cum
417 1188 563 1241 Eleusinae
581 1189 733 1254 (Eleusine)
751 1189 860 1241 Cereris
876 1205 986 1241 sacrum
1003 1193 1044 1258 iit,

63 1272 89 1309 es
104 1256 219 1309 lunonis
240 1257 392 1320 clauditur3
414 1257 498 1322 item,
520 1272 586 1307 cum
608 1257 708 1307 Iunoni
724 1258 868 1309 Eleusinae
891 1258 1044 1325 (Eleusine)

63 1322 201 1445 terrgt‘lum
213 1326 324 1379 Cereris
339 1324 484 1392 clauditur,
500 1340 553 1377 nec
570 1326 704 1377 sacerdoti
720 1326 832 1377 lunonis
847 1323 913 1377 licet
929 1337 1043 1394 gustare

63 1411 81 1444 e
145 1389 205 1447 reri
226 1393 263 1445 sit
285 1388 411 1446 libatum.
444 1395 481 1444 Et
503 1393 611 1445 Romae
635 1406 700 1443 cum
725 1393 836 1445 Cereris
859 1410 939 1447 sacra
962 1388 1043 1463 liunt,

63 1468 169 1513 srvamr
198 1478 235 1515 ns
259 1462 319 1530 quis
342 1470 455 1530 patrem
479 1469 528 1514 aut
556 1462 643 1513 filiam
667 1460 810 1521 nominet,
838 1457 912 1529 quod
934 1464 1041 1516 {luctus

63 1526 180 1583 rimonii
202 1544 255 1600 per
278 1530 380 1583 liberos
402 1538 517 1583 constet.
549 1527 704 1600 Apollinem
727 1539 757 1583 et
771 1526 909 1593 Liberum
931 1540 1043 1585 contra·

82 1597 190 1668 nuptiis
211 1596 321 1664 dicunt,
350 1599 424 1667 quod
452 1599 500 1652 ille
523 1613 619 1669 expers
641 1597 733 1650 uxoris
756 1597 863 1666 vulgari
885 1614 982 1652 amore
1005 1601 1044 1652 sit

63 1676 83 1731 t,
103 1664 161 1718 itte
181 1662 257 1718 inter
273 1667 395 1719 Bacchas
420 1683 477 1720 non
500 1667 556 1718 fida
572 1667 711 1718 connubia
728 1667 776 1719 s'ed
792 1675 889 1733 stupra
905 1676 1043 1735 exerceat,
1068 1666 1071 1673 '

77 1728 134 1785 nisi
157 1741 268 1803 raptam
292 1732 441 1804 coniugem
462 1733 569 1788 habere
592 1735 721 1803 potuerit.
754 1733 829 1787 Male
847 1750 914 1803 ergo
931 1737 1043 1790 invocat

74 1797 168 1869 Dido,
192 1818 263 1871 qttae
285 1802 339 1855 sibi
362 1804 471 1875 nuptias
494 1808 571 1875 optat
593 1810 717 1865 Aeneam
741 1800 789 1855 sed
811 1804 882 1854 sicut
903 1805 1043 1875 prosperis

63 1906 66 1929 ‚
92 1874 126 1922 ut
147 1870 256 1936 iuvent,
278 1872 318 1924 ita
340 1872 474 1939 advorsis,
502 1891 538 1924 ne
562 1871 666 1936 obsint,
689 1863 899 1922 sacrificandum
925 1880 980 1939 est,
1010 1880 1043 1924 ut

63 1937 156 2001 120.):
185 1939 307 2007 Nigrum
331 1937 418 1992 hiemi
440 1940 586 2010 pecudem,
607 1939 752 2007 Zephyris
772 1939 911 2008 felicibus
935 1943 1039 1997 albam.

69 2007 174 2059 dicuin
195 2008 288 2063 lavere
305 2006 409 2076 nuptiis
425 2011 574 2073 Cererem,
598 2009 671 2078 quod
688 2006 780 2078 prima
796 2009 922 2078 nupserit
936 2007 993 2063 lovi
1010 2019 1042 2064 et

63 2073 156 2127 lendis
171 2076 287 2129 urbibus
304 2075 420 2148 praesit,
436 2085 467 2128 ut
484 2078 581 2130 Calvus
599 2079 693 2129 docet:
717 2075 752 2127 Et
769 2078 842 2144 leges
860 2090 975 2129 sanctas
993 2081 1041 2133 do·

65 2180 75 2209 ,
103 2152 131 2196 rt
154 2156 222 2195 cara
247 2146 360 2216 iugavit
377 2144 502 2213 Corpora
527 2146 696 2212 connubiis,
718 2156 744 2197 et
768 2162 888 2214 magnas
911 2148 1041 2201 condidit

63 2226 96 2264 er.
133 2212 208 2265 Nam
224 2211 287 2266 ideo
304 2223 333 2268 et
349 2213 434 2267 aratri
450 2212 526 2266 sulco
543 2216 679 2266 clauditur
696 2213 802 2280 civitas,
825 2215 867 2267 vel
884 2216 959 2284 quod
976 2235 1041 2271 ean·

63 2323 65 2331 .
84 2280 211 2334 Terram
226 2283 334 2349 volunt,
356 2291 384 2335 et
406 2280 436 2335 in
455 2282 553 2336 eadem
569 2283 652 2336 urbes
670 2292 825 2334 exstructas.
861 2282 994 2337 Similiter
1011 2292 1041 2339 et

63 2364 90 2402 tr
106 2356 225 2420 propter
241 2351 391 2420 Marsyam,
406 2353 477 2403 sicut
493 2352 681 2423 supradictum
698 2360 753 2414 est;
769 2351 871 2404 merito
888 2359 917 2405 et
929 2354 1040 2424 Apollot

83 2417 161 2470 etin
180 2432 244 2472 arce
260 2418 315 2474 coli
331 2418 415 2485 solet,
433 2429 461 2472 et
477 2436 572 2472 muros
589 2420 717 2472 Troianis
733 2418 857 2472 instituit.
890 2423 954 2475 lure
972 2428 1040 2490 ergo

66 2501 124 2537 ova
142 2486 212 2540 urbe
227 2488 270 2540 his
286 2505 366 2542 sacra
381 2489 464 2540 fiunt:
488 2491 587 2541 lunoni
604 2491 641 2540 du
661 2488 707 2539 lici
723 2504 820 2554 causa,
844 2490 909 2558 quia
926 2498 955 2543 et
971 2493 1041 2544 Car·

63 2551 115 2611 ‚ini
140 2560 265 2625 praeest,
290 2566 318 2610 et
340 2556 521 2609 matrimonia
545 2557 611 2621 dat]
670 2565 693 2607 st
716 2558 803 2609 etiam
827 2572 920 2609 sensus
943 2560 1039 2612 altiora

63 2640 72 2672 ι
90 2621 196 2674 facturi
211 2624 329 2695 aliquid,
352 2633 416 2677 ante
433 2626 558 2678 adversos
574 2628 715 2697 placamus
732 2627 811 2678 deos:
835 2633 863 2678 et
885 2625 923 2677 sic
947 2626 1042 2696 propi·

64 2691 245 2745 invocamus:
269 2702 314 2747 ut:
338 2691 459 2761 Nigrum
477 2691 565 2745 hiemi
581 2695 725 2761 pecudem,
742 2692 887 2763 Zephyris
899 2696 1040 2765 felicibus

68 2777 107 2812 m.
142 2760 217 2830 Ergo
234 2764 319 2815 modo
336 2769 456 2830 nuptura
475 2764 566 2833 placat
583 2771 647 2814 ante
665 2764 813 2816 Cererem:
836 2779 907 2832 quae
924 2775 1040 2837 propter

64 2844 119 2878 um
142 2827 215 2882 filiae
239 2840 371 2902 nupturas
389 2838 556 2883 exsecratur:
579 2827 749 2898 Apollinem,
773 2829 820 2899 qui
838 2847 933 2900 expers
950 2832 1041 2886 uxoris

81 2892 234 2963 Liberum,
259 2902 307 2967 qui
323 2898 376 2952 nisi
393 2906 504 2970 raptam
522 2898 671 2964 coniugem
688 2893 794 2951 habere
810 2916 867 2952 non
884 2902 987 2972 potuitt
1011 2908 1041 2956 et

63 2966 196 3018 Iunonem
218 2964 353 3021 conciliat
374 2993 410 3004 -
444 2973 486 3025 59.
505 2968 560 3018 Cui
584 2969 679 3018 cincla
707 2964 819 3034 iugalia
844 2986 946 3035 curae,
969 2985 1041 3040 quae

65 3030 148 3100 quia)
172 3042 213 3087 est
230 3043 257 3087 et
276 3031 402 3100 Curetis,
428 3038 456 3087 et
481 3049 626 3100 matrona,
649 3043 678 3087 et
703 3038 810 3104 regina.
845 3040 934 3106 [Hanc
951 3041 1040 3092 Varro

63 3103 163 3152 tubam
182 3103 262 3165 dicim
285 3106 358 3158 unde
377 3111 407 3157 et
422 3099 506 3156 Aeolo
531 3105 639 3174 nuptias
657 3104 817 3170 pollicetur,
841 3113 870 3158 et
885 3108 995 3160 Aeneae
1012 3117 1041 3163 et

63 3169 106 3221 >ni
129 3173 289 3224 coduntibus
312 3171 402 3236 adest,
427 3189 492 3223 cum
515 3173 582 3225 dicit
605 3172 699 3239 (166.):
723 3170 817 3222 Prima
842 3187 867 3225 et
893 3176 990 3228 Tellus
1014 3190 1041 3230 ee

63 3239 133 3291 tuda
150 3236 239 3306 luno,
262 3247 291 3294 et
313 3243 344 3295 in
367 3238 484 3312 septimo
508 3241 558 3292 ubi
574 3248 670 3291 contra
688 3248 781 3292 votum
797 3257 879 3294 suum
894 3240 1040 3300 Laviniam

63 3306 171 3359 arissam
187 3305 255 3360 vidit
266 3309 386 3377 Aeneae,
404 3310 444 3362 ait
460 3308 559 3375 (319.)t
576 3321 601 3359 et
614 3304 731 3359 Bellona
749 3320 843 3360 menet
859 3324 883 3362 te
901 3314 1040 3383 pronuba,

75 3383 117 3426 est
132 3391 188 3428 non
207 3389 259 3446 ego
276 3375 458 3447 quaerclae]
475 3406 508 3414 -
544 3382 587 3435 61.
607 3377 778 3442 candentis,-
802 3380 949 3434 candidae:
974 3401 1039 3452 par.

63 3440 129 3496 ‚ium
146 3452 188 3498 est
203 3458 255 3516 pro
273 3445 393 3500 nomine.
430 3445 528 3497 Media
553 3448 753 3498 intertornata
771 3446 892 3515 fundit,
916 3466 973 3502 non
997 3460 1040 3506 est

64 3510 183 3579 ilicium,
207 3511 255 3567 sed
270 3513 377 3570 hostiae
394 3512 563 3589 exploratio,
585 3522 680 3566 utrum
697 3523 761 3585 apta
778 3515 820 3568 sit.
837 3543 871 3555 —
905 3525 948 3576 (12.
968 3518 1038 3574 Ante

72 3578 171 3645 decim,
194 3591 258 3635 ante
277 3585 436 3638 simulacra.
472 3583 622 3651 [Pinguem
647 3585 740 3653 plenas
757 3584 799 3634 vel
821 3587 954 3655 sanguine
971 3589 1037 3643 deli-

63 3665 98 3717 ts,
115 3658 145 3702 ut
162 3650 261 3718 (401·)=
288 3651 481 3722 Pecudumqits·
500 3665 598 3702 cruore
617 3651 724 3720 Pingue
743 3651 856 3719 solum]
890 3654 1036 3722 Spatiatur

63 3737 141 3782 aram
165 3723 310 3773 matronae
333 3721 408 3774 enim
432 3721 634 3774 sacrificaturae
651 3723 726 3773 circa
743 3736 805 3772 aras
820 3723 925 3775 faculas
940 3734 1036 3780 tenen·
1063 3724 1065 3729 ’

72 3788 251 3854 ferebantur,
268 3787 345 3858 quasi
361 3808 426 3843 cum
443 3786 565 3860 quodam
582 3796 674 3857 gestui
699 3785 771 3840 unde
787 3789 926 3842 Sallustius
944 3795 1035 3861 (Catil.
1090 3845 1094 3852 ,
1140 3794 1145 3813 “

63 3870 70 3908 2
93 3854 204 3908 Saltare
229 3858 384 3927 elegantius
402 3876 486 3928 quam
513 3876 622 3913 necasse
640 3870 680 3907 est
696 3854 806 3922 probae.
840 3856 969 3927 [Quidam
987 3879 1035 3932 ge·

69 3922 201 3979 sacrificii
219 3923 359 3996 appellant
376 3945 429 3997 quo
447 3936 552 3983 veteres
570 3942 636 3983 etun
653 3942 713 3976 aras
731 3925 880 3979 circuirent
896 3931 924 3981 et
940 3948 1033 3983 rursus

78 3997 299 4062 reverterentur,
323 4005 350 4049 et
366 3993 465 4052 deinde
482 3996 677 4060 consisterent,
693 3992 822 4063 dicebant
839 3994 1053 4067 minusculum.
