2454 4500
387 74 393 99 t
541 78 546 87 ·
596 38 600 57 ΙΙ
827 53 837 83 ⁸

154 284 196 327 m
218 264 377 330 vmou.
400 204 723 363 suumomni,
744 208 942 363 pes-too.
1025 280 1069 345 ss

49 438 164 503 mun'
195 444 330 514 eligatum
349 443 428 498 ,circe
457 461 552 499 muros
574 447 618 500 Ilii
640 448 738 515 traxit,
767 451 842 519 quod
864 461 925 522 post
991 462 1069 508 eante

49 528 143 569 tro...
193 530 293 585 parisus
317 504 420 582 (liurm.
445 519 600 581 repensum)
623 517 733 569 Priamo
756 518 896 584 reddidit.)
956 535 1067 589 aptave-

49 594 86 649 ης
111 584 193 635 bene
208 585 301 634 forma
318 598 380 633 tuus
398 591 439 636 est
453 584 666 651 frequentativa:
678 602 740 668 ¹per
757 602 842 655 quiam
859 590 977 641 ostendit
992 589 1068 661 quod
1140 602 1145 615 '

49 652 77 705 'er
99 666 258 705 numerum
282 650 396 703 dixerat.
419 674 453 690 -·
501 656 564 709 484.
588 654 777 719 Exanimem·
810 664 836 707 et
860 661 1010 710 exanimus
1035 670 1067 713 et

49 722 177 785 tenimis
202 720 333 771 dicimus:
361 721 432 771 sicut
455 724 611 772 unanimus
635 731 664 773 et
689 725 853 788 unanimis,
887 727 1012 777 inermus
1036 738 1066 781 et

49 792 160 845 termis.
196 789 273 856 Ergo
297 803 349 858 pro
372 796 468 839 nostro
492 789 607 841 arbitrio
632 799 680 842 aut
695 791 830 843 secumdae
848 790 928 844 erunt
945 795 1066 849 declina·

49 857 129 923 nrm,
152 864 203 913 eut
217 857 325 909 tertiae.
359 855 412 908 Sed
429 875 446 908 a
469 858 550 909 tertia
568 858 680 923 (Burm.
705 862 752 910 sed
770 860 890 924 tertiae),
913 863 1064 921 ablativum

49 927 200 993 ngttlmem
215 925 246 977 in
262 925 272 977 i
289 922 414 993 mittunt:
432 925 496 1005 quia
512 928 666 978 communis
682 936 745 978 sunt
761 926 878 996 generis.
911 928 1064 985 Exanimis

49 1000 127 1047 mem
144 1001 341 1057 estmortnus,
364 1000 395 1042 ut
416 993 463 1044 hro
480 994 583 1045 indicat
604 994 692 1047 locust
715 995 903 1047 Eaanirnat'ns
926 1016 1006 1066 vero,
1028 1002 1064 1054 ti-

49 1076 123 1115 me:
145 1070 178 1113 ut
194 1068 235 1128 (5,
251 1061 335 1124 805.):
359 1061 530 1112 Exanimem
548 1080 665 1130 sequens
684 1066 848 1132 impingeret
865 1070 981 1132 agmina
1000 1088 1062 1121 mua

49 1128 88 1191 ξι,
122 1128 262 1182 Vendebat
268 1153 278 1194 ,·
301 1130 409 1197 ingenti
434 1138 494 1182 arte
518 1131 604 1184 utitur
628 1130 726 1183 verbis.
760 1132 832 1185 Nam
848 1134 901 1185 hoc
918 1136 978 1186 loco
996 1132 1063 1206 quia

49 1196 111 1269 tagi
125 1200 230 1270 potuit,
252 1215 381 1269 praesens
397 1205 508 1268 tempus
531 1198 634 1270 posuit:
657 1198 794 1271 superius,
817 1199 883 1269 quia
904 1202 981 1273 pingi
1002 1223 1062 1261 non

49 1268 134 1334 uiuit,
162 1268 213 1321 sed
240 1266 358 1331 referri,
385 1269 509 1336 perfecto
539 1273 677 1318 exsecutus
701 1277 744 1320 est
773 1278 915 1339 tempore,
943 1274 1061 1327 dicendo

49 1348 206 1401 maeret,
227 1352 285 1387 non
308 1337 445 1401 raptabar.
470 1362 505 1373 -
538 1339 599 1392 425.
624 1335 697 1385 Tum
723 1355 785 1389 vero
811 1340 950 1404 ingentem
972 1346 1062 1409 gemi-

49 1414 109 1469 ιιι,
137 1406 196 1457 iam
220 1404 297 1456 enim
318 1404 442 1472 superius
469 1420 534 1455 eum
563 1404 727 1471 lacrymasse
750 1407 868 1457 dixerat:
898 1407 952 1481 lepo
975 1411 1062 1479 [loco]

49 1484 104 1540 mo
117 1473 222 1527 eddidit
237 1472 325 1523 visum
341 1471 467 1523 Hectoris
491 1488 604 1542 corpus,
628 1481 657 1522 ut
680 1477 765 1525 etiam
787 1475 908 1542 graviter
925 1488 1062 1547 gemeret,
1111 1478 1116 1487 ’

49 1551 103 1593 lna
116 1557 183 1610 ergo
198 1548 261 1591 tom
278 1536 414 1611 primum,
435 1539 484 1592 sed
506 1548 568 1591 tum
585 1541 722 1602 maxime.)
738 1570 773 1579 -
806 1548 867 1601 486.
887 1542 922 1595 Ut
940 1562 1060 1599 currus·

49 1616 92 1659 uo
111 1618 213 1663 traam
235 1616 277 1661 est
299 1607 352 1676 [ab
369 1606 472 1661 Achille
494 1607 525 1659 in
543 1606 660 1659 Patrocli
683 1607 832 1675 ultionem,
855 1611 890 1663 ab
913 1612 959 1669 illo
983 1587 1061 1685 priui

49 1676 193 1743 daneon]
233 1677 326 1728 Amici
349 1685 443 1728 autem
464 1677 524 1747 plns
548 1685 603 1739 est,
635 1691 719 1744 quam
742 1676 765 1730 si
789 1676 919 1732 Hectoris
941 1682 1061 1735 diceret:

49 1744 143 1807 bethi
160 1751 202 1814 (2,
217 1745 304 1808 674.):
322 1744 496 1812 Persemque
514 1747 591 1812 patri
609 1745 735 1796 tendebat
752 1745 865 1797 lulum.-
883 1765 947 1799 cum
964 1759 1060 1820 potue·

49 1814 180 1875 Adicere
200 1814 282 1865 'mitt
302 1840 337 1865 -r
371 1819 433 1871 487.
450 1814 558 1864 Munus
577 1816 713 1877 inermes·,·
737 1822 785 1865 aut
807 1814 865 1874 sine
888 1814 1060 1885 [insignibus

49 1880 137 1951 ¹13¹]
158 1892 282 1951 sceptro,
298 1890 347 1935 aut
362 1882 509 1952 supplices:
531 1889 562 1931 ut
579 1886 647 1960 (11,
662 1880 747 1942 414.);
765 1880 893 1953 ¹Dextrae
909 1887 1060 1937 tendamus

49 1960 157 2004 urmes,
193 1951 274 2021 Quod
296 1959 418 2021 tractum
442 1960 483 2002 est
507 1951 541 2002 de
564 1949 688 2001 historia.
729 1950 783 2018 Qui
807 1952 883 2002 enim
905 1950 1005 2021 [victi]
1028 1968 1060 2007 se

49 2019 145 2086 tadum,
166 2020 289 2073 inermes
305 2020 466 2090 supplicant.
500 2021 554 2070 Aut
568 2036 600 2070 re
617 2031 681 2070 vero
706 2019 827 2069 inermes
843 2027 917 2071 tunc.
952 2022 1059 2075 Gontra

49 2088 164 2149 sethum
181 2089 257 2141 enim
273 2089 406 2159 processit
422 2094 552 2139 armatus.
593 2085 663 2138 Sane
681 2101 731 2153 per
747 2087 896 2138 transitum
912 2087 1059 2143 historiam

49 2155 134 2225 nint,
155 2156 221 2225 quia
237 2165 358 2221 constat,
382 2156 524 2207 Priamum
546 2160 622 2205 cum'
635 2153 671 2206 ad
692 2154 902 2225 supplicandum
925 2158 1060 2223 (venisset

49 2222 76 2287 i)
100 2225 250 2279 tentorium
273 2224 385 2276 Achillis
408 2225 504 2277 suisset
532 2222 685 2291 ingressus,
717 2224 900 2276 dormientem
923 2213 1058 2279 Achillem
1088 2232 1093 2245 '

49 2293 195 2347 serumst:
225 2301 256 2344 ut
285 2310 336 2363 pro
359 2292 409 2344 lilii
432 2309 548 2363 corpore
578 2299 693 2357 rogaret
716 2293 855 2358 etun'(al.
878 2295 1059 2360 precaretur),

49 2374 92 2415 lm
106 2379 172 2417 eum
188 2361 322 2432 potuisset
338 2363 478 2413 occidere:
500 2362 565 2412 licet
586 2360 640 2411 hoc
657 2361 794 2412 Homerus
817 2369 931 2430 propter
946 2362 1059 2415 Achillis

49 2430 225 2497 trpitudinem
256 2432 469 2510 supprimat-
502 2434 565 2485 488·
589 2428 621 2479 Se
647 2445 753 2495 qnoque
779 2436 844 2488 etc.;
867 2436 917 2479 aut
938 2429 1059 2482 latenter

49 2500 210 2553 reditionem
226 2507 331 2565 tangit,
347 2507 378 2548 ut
394 2515 477 2568 supra
494 2498 623 2549 diximus:
641 2497 720 2564 (icet
738 2504 879 2548 exornetur
896 2496 932 2548 ab
949 2497 1008 2567 ipso
1026 2499 1057 2552 in

49 2567 168 2637 .(.)31.):
190 2566 278 2620 Iliaci
301 2571 408 2618 cineres
425 2580 451 2616 es
469 2564 591 2634 flemma
617 2577 736 2614 extrema
762 2582 886 2616 meorum
904 2570 966 2627 etc.)
1001 2567 1057 2621 Aut

49 2644 153 2691 entem
170 2637 229 2690 eius
245 2635 303 2689 vult
320 2637 473 2688 ostendere.
509 2632 618 2685 Nimiae
641 2631 717 2685 enim
740 2632 908 2685 fortitudinis
925 2641 966 2685 est
981 2633 1058 2687 inter

49 2706 144 2757 tatium
166 2704 221 2758 tela
244 2706 364 2756 versari:
388 2712 418 2754 ut
434 2701 572 2754 Sallustius
590 2702 666 2768 (Cet
682 2699 755 2763 61.):
781 2699 905 2752 Catilina
931 2700 1012 2769 longe
1037 2720 1056 2753 a

49 2775 87 2825 tie
104 2777 179 2825 inter
196 2773 320 2835 hostium
338 2773 384 2838 (al.
400 2771 520 2831 hostilia)
539 2770 676 2820 cadavera
695 2782 818 2834 repertus
836 2782 883 2820 est.
918 2770 1057 2823 Cornutus

49 2860 118 2895 tmen
134 2844 203 2894 dicit
218 2858 298 2896 versu
315 2843 367 2893 isto
386 2847 427 2907 (2,
444 2841 528 2899 396,)ε
557 2838 693 2888 Vadimus
713 2839 838 2900 immixti
856 2836 985 2903 Danais,
1001 2839 1056 2891 hoo

49 2926 81 2965 oe
96 2910 257 2965 solvendum
274 2913 453 2979 principibus
471 2926 555 2974 perpe.
575 2926 640 2987 ogre.
659 2903 724 2956 Acir.
761 2905 904 2973 Quomodo
921 2923 950 2958 se
968 2907 1058 2976 potuit

49 2980 185 3051 tpicturn
213 2979 400 3050 cognoscere?
429 2977 546 3028 Solvitur
569 2992 623 3027 src:
653 2976 707 3027 sive
730 2974 804 3041 quod
834 2972 949 3027 nomina
980 2983 1056 3026 tran·
1119 2972 1126 2995 ‘

49 3050 123 3120 sipts
140 3048 243 3117 (Guelf.
262 3050 282 3102 1.
300 3056 382 3100 erant
404 3045 533 3112 scripta),
556 3046 610 3097 sive
628 3059 660 3096 ex
676 3044 755 3094 fictis
771 3038 853 3094 facile
869 3040 956 3112 possit
970 3059 1056 3110 agno·

1098 526 1105 551 Ι
1166 548 1171 563 t
1187 556 1190 565 ι

49 3128 115 3179 u‘re;
130 3115 178 3179 s‘ed
194 3118 293 3170 melius
310 3118 351 3169 ad
362 3117 491 3167 virtutem
509 3111 646 3167 bellatoris
662 3109 843 3165 referendum
859 3118 908 3161 est.
926 3136 958 3150 -
992 3115 1056 3167 489.
1089 3124 1092 3129 ’

49 3186 116 3251 ’ως
133 3205 146 3237 e
164 3187 329 3239 naturaliter
346 3186 495 3252 longeest:
513 3182 544 3251 fit
561 3191 656 3234 temen
673 3179 764 3233 brevis
779 3176 928 3241 interdum,
945 3178 1055 3245 quando

49 3271 86 3306 sm
120 3256 222 3308 vocalis
258 3255 396 3323 sequitur:
434 3261 466 3302 ut
497 3256 544 3318 (5,
569 3247 660 3310 588.):
699 3246 792 3299 Primo
824 3244 956 3312 surgebat
986 3246 1053 3297 Eoo.

49 3322 110 3391 ligri
144 3325 309 3376 Memnonis
342 3340 438 3384 orma,·
472 3321 537 3387 qnia
567 3318 702 3373 Tithonus
731 3317 819 3367 irater
851 3312 1057 3380 Laomedontis,

49 3403 115 3455 uptus
139 3394 175 3445 ab
194 3396 301 3444 Aurora
324 3391 414 3443 filium
436 3405 517 3439 suum
533 3386 715 3437 Memnonem
738 3400 769 3435 ex
792 3385 851 3453 ipsa
869 3380 1056 3449 progenitum,

49 3459 137 3515 'dlectus
155 3463 228 3513 dono
246 3462 307 3512 vitis
323 3459 393 3529 (cod.
410 3457 476 3519 voti)
495 3454 625 3520 aureae)
643 3449 789 3522 [Priamo]
807 3452 842 3503 ad
859 3448 960 3503 'l'roiae
979 3451 1057 3501 misit

49 3529 134 3595 milia,
151 3530 211 3599 [qui
228 3545 388 3598 congressus
405 3543 471 3577 cum
488 3522 591 3577 Achille
609 3520 644 3574 ab
663 3538 695 3575 eo
713 3528 753 3572 est
769 3520 951 3589 interemptus
977 3519 1056 3569 cuius

49 3607 145 3652 sortem
169 3606 259 3653 mater
285 3601 393 3648 Aurora
425 3591 561 3660 hodieque
598 3588 733 3644 matutino
758 3603 824 3641 rora
852 3589 922 3641 ilera
945 3557 1056 3656 (Burm-

49 3668 95 3719 uni,
112 3667 186 3737 defl.)
210 3664 330 3730 dicitur.)
365 3665 454 3731 Nigri
479 3668 574 3714 mrtem
590 3658 670 3725 dixit,
693 3658 792 3711 Aethio
811 3657 848 3710 is:
873 3654 945 3709 unde
982 3656 1057 3710 rima

49 3738 164 3804 exsurgit
185 3737 293 3796 Aurora
316 3730 424 3802 (Guelf.
447 3732 480 3784 11.
504 3730 575 3782 rmde
598 3728 690 3800 primo
714 3676 846 3794 surgehat
868 3725 919 3788 eo).
978 3741 1056 3789 rms3

49 3802 161 3857 titania,
195 3804 232 3854 Ut
253 3802 300 3855 ille
325 3802 428 3854 indicat
443 3813 535 3852 versus
560 3802 608 3866 (8,
625 3798 717 3858 384,):
743 3792 781 3846 Te
804 3796 896 3863 potuit
920 3792 1056 3860 lacrymis

49 3868 157 3926 litionis
170 3873 284 3941 flectere
304 3875 417 3922 conius.
434 3898 469 3906 -
503 3872 564 3924 490.
582 3866 671 3917 Ducit
688 3866 910 3928 dinoscendum
936 3862 990 3913 hoc
1008 3868 1058 3924 est,

49 3943 96 4007 llud
117 3959 200 4013 supra
226 3942 305 3992 dixit:
335 3937 414 3991 Videt
437 3936 544 3989 Iliacas
570 3952 602 3985 ea
628 3935 727 3986 ordine
750 3950 894 4011 pugnas..
920 3924 1057 3981 Homerus

49 4010 96 4063 rim
111 4014 182 4065 haec
207 4010 301 4073 omnia
317 4008 419 4074 tacuit,
444 4023 514 4078 prae
537 4006 610 4057 lacta
627 4011 691 4056 suut
706 4010 768 4074 post
782 4004 908 4057 Hectoris
925 4004 1056 4073 mortem.

818 4121 857 4182 6*
