2454 4500
78 234 159 350 ¹292
198 235 200 245 ’
243 301 251 316 =
347 273 483 342 seusu
505 272 878 372 constetuimus¹

157 399 162 411 ,
172 380 180 403 t

97 444 322 531 desperationem.
356 423 512 523 Exterrit05
534 458 621 526 [atqui
643 458 673 510 in
696 413 751 511 iirie
771 452 810 510 ait
833 457 936 526 (696.)e
958 457 1018 511 Nar

2 541 9 549 ‘
99 545 148 581 nee
159 527 240 597 sato,
263 528 359 577 merita
374 536 427 576 rrec
445 537 531 584 morte
548 529 662 593 peribat.
697 527 776 577 Fatis
801 543 869 594 ergo
892 535 944 579 aut
960 531 1018 580 mal

97 605 178 650 aut’a
195 595 278 647 verbo
295 593 363 658 For,
380 592 590 660 Foris,·Fatis,
605 594 624 646 i.
642 601 664 646 e:
680 595 818 661 responsis
831 596 956 648 Aeneae:
978 595 1018 647 Ee

90 663 201 729 autem]
217 662 411 735 praecipitata,
432 663 549 715 turbate.
565 689 600 699 -
617 666 694 718 tot.
711 662 828 714 Mortem
847 675 923 733 orae,-
948 680 1018 733 pro,

91 742 154 786 rat:
177 739 209 784 ut
231 735 276 797 (2,
291 730 377 791 ὑὸὁζ)ε
402 729 572 798 Martemque
597 732 771 781 miserrimus
788 744 858 798 opto.
892 732 948 782 Aut
963 741 1018 783 cert

98 813 175 867 orat,
197 799 260 868 quia
278 794 434 849 consecrata
456 798 522 864 iuit,
544 815 596 850 nec
613 799 686 849 mori
722 806 826 866 oterat,
849 798 902 849 nisi
918 797 1006 850 soluta

97 871 228 931 oratione,
262 865 340 916 Coeli
363 882 499 930 conuerc3
522 867 634 918 incurva
658 814 735 918 coeii.
760 892 794 904 -·
832 871 895 925 452.
920 865 1018 934 [Qun

96 940 237 1007 inceptum
262 945 392 1000 peragam
410 933 428 984 i.
447 952 471 985 e.
494 943 614 985 mortem
637 934 820 987 sibiinierat.
853 933 1010 1002 Luceresque

97 1018 179 1073 quat,
195 1002 229 1054 ad
244 1001 312 1054 iliud
329 1001 429 1053 Taedet
447 1003 517 1054 coeli
533 1019 654 1053 convexo
672 1002 766 1068 tueri]
778 1026 812 1041 ··-
845 1008 908 1060 453·
926 1003 1018 1056 Tutior

9 1097 11 1100 ·
95 1074 132 1142 [i.
155 1069 197 1136 e]
220 1070 404 1122 cremantibus
426 1077 502 1131 tura;
530 1073 648 1138 [nomeu
672 1071 744 1121 mire
765 1070 958 1137 compositum.
981 1073 1018 1127 „t

97 1156 182 1212 genus
206 1139 306 1190 ominis
328 1137 429 1188 Didoni
444 1139 561 1200 factum,
584 1137 619 1189 de
643 1137 766 1205 orginali
783 1138 932 1208 'disciplina
953 1147 1018 1191 trans

66 1220 68 1225 '
96 1216 152 1272 est,
175 1223 245 1275 quae
267 1205 334 1257 diris
356 1205 521 1258 observatur.
557 1205 631 1255 Dira
656 1208 745 1271 enim,
768 1207 885 1258 deorum
906 1207 949 1260 ira
965 1216 1015 1273 eet,

96 1275 197 1346 duplici
226 1274 308 1324 modo
337 1272 487 1340 colligitur,
519 1283 566 1326 aut
590 1289 622 1325 er
647 1274 745 1341 signis,
768 1282 816 1326 aut
838 1289 999 1344 quocimque

91 1357 259 1413 quacrmque
275 1334 312 1393 eri
322 1347 408 1420 parte,
424 1342 551 1410 quodque
569 1341 599 1391 in
615 1341 661 1391 illo
677 1343 782 1393 iactum
798 1359 862 1409 reru
877 1359 956 1396 mare
971 1347 985 1379 *
999 1345 1018 1410 (i

6 1423 9 1432 “
95 1409 241 1477 tempore)
264 1409 396 1472 trad1tur,
420 1416 447 1460 et
468 1409 541 1479 iguis
564 1411 613 1475 (ex
636 1408 734 1478 signis)
758 1409 804 1462 hic
827 1413 991 1464 ostendinus

2 1517 6 1529 ,
96 1479 188 1533 enim:
216 1477 293 1528 Vidit
316 1477 489 1541 turicremis,
511 1492 610 1545 usque,
634 1480 788 1544 nigrescere
810 1495 923 1545 sacros,
945 1494 1001 1534 non

91 1548 209 1601 adversa
231 1544 408 1614 petitionibus
430 1545 560 1611 inveniri,
593 1545 773 1598 verumetiam
800 1555 922 1598 mortem
947 1549 1018 1601 denu

96 1628 163 1669 nam
186 1613 341 1684 praemisit:
366 1609 428 1678 Quo
455 1615 546 1680 magis
570 1615 707 1679 inceptum
730 1627 846 1681 peragat
869 1616 1009 1684 lucemque

97 1693 171 1753 quat.
205 1683 300 1746 item,
314 1681 431 1731 tumulis
447 1680 560 1732 Siehaei
582 1683 713 1733 exaudiri
730 1699 808 1733 voces
831 1688 857 1734 et
880 1686 963 1735 verba
980 1703 1018 1737 voi

97 1751 171 1822 quod
194 1749 315 1820 asperius
338 1748 390 1799 iuit
411 1756 442 1798 ut
463 1749 557 1801 mariti
578 1748 698 1802 defuncti
720 1766 769 1800 vor
799 1751 941 1814 audiretur
962 1771 979 1805 e
1000 1761 1018 1804 tr

27 1818 28 1823 ’
97 1819 171 1890 quod
194 1825 255 1871 erat
277 1817 368 1869 dirum
393 1817 479 1885 adse
501 1819 627 1869 vocantis.
662 1817 729 1868 Sunt
745 1819 822 1870 etde
839 1819 933 1870 avibus
949 1822 1009 1873 dira

35 1900 38 1906 '
95 1887 155 1951 oia,
171 1884 245 1955 quod
260 1886 306 1938 hic
322 1885 458 1936 subiunxit
472 1885 599 1939 dicendo:
624 1884 742 1952 Solaque
759 1889 934 1940 culminibus*
944 1889 1018 1968 serui

87 1958 173 2007 'ruine
196 1956 268 2006 buin
293 1953 377 2019 Saepe
402 1956 495 2019 queri,
525 1953 555 2006 in
578 1969 632 2021 quo
656 1954 719 2006 setis
741 1969 797 2006 nou
827 1957 894 2021 fuit,
924 1957 1013 2010 diram

96 2023 240 2076 bubonem
254 2022 448 2085 nominatam,
469 2021 522 2074 nisi
545 2021 685 2076 adiecisset
708 2021 804 2073 Ferale·
826 2027 964 2093 carmine,
988 2034 1015 2078 et

98 2094 194 2160 queri,
217 2097 245 2141 et
267 2098 374 2141 utnon
399 2089 493 2156 utique
515 2090 630 2142 canendi
653 2106 715 2140 usus
731 2091 946 2159 significaretur,
966 2092 1012 2147 sed

95 2161 155 2212 vice
170 2156 353 2226 querelarum.
370 2183 402 2193 -—
436 2154 497 2214 454.
514 2157 690 2210 Horrendum
709 2159 801 2224 dictu‚·
825 2169 928 2228 quanto
949 2165 1018 2231 magi

117 2226 170 2277 uod
186 2226 288 2276 Didoni
304 2224 424 2292 contigit.
442 2251 476 2261 -
509 2231 569 2284 455.
588 2229 622 2276 in
641 2230 805 2278 obscoenum
824 2247 852 2279 se
870 2233 1018 2292 vertere;i

143 2297 209 2344 tices
227 2296 380 2360 nigrescere
398 2310 508 2357 saeros,
528 2297 681 2362 etquidem
699 2296 862 2362 Nigresoere
879 2308 907 2349 et
924 2313 1018 2351 vertere

98 2365 236 2429 incertum
252 2369 358 2428 ternpus
376 2362 495 2428 positum
512 2363 618 2428 volunt,
640 2374 670 2413 ut
694 2365 837 2416 ostendant
853 2383 910 2418 uon
927 2384 989 2419 vere
1004 2386 1018 2418 s

97 2448 142 2498 se,
165 2430 238 2499 quod
261 2439 357 2480 contra
378 2437 504 2480 naturam
529 2438 583 2495 est,
606 2432 653 2483 sed
676 2432 744 2482 verti
767 2451 783 2484 a
806 2433 915 2485 Didone
937 2436 1004 2501 visa,

97 2499 187 2562 257.)?
212 2497 345 2564 Visoeque
364 2515 446 2547 canes
466 2500 576 2549 ululare
593 2518 640 2565 per
659 2503 798 2564 umbram,
822 2517 879 2552 non
903 2504 1016 2557 ululasse

98 2566 146 2619 red
168 2567 228 2617 fieti
252 2566 345 2616 visum.
383 2567 556 2617 obscoenum
581 2576 674 2619 autem
698 2569 764 2619 maii
782 2569 894 2635 ominis,
919 2581 949 2622 ut
967 2578 1009 2637 (ὁ,

100 2636 261 2688 Obscoenas
291 2636 384 2701 pelagi
407 2635 558 2699 νοῆσαι]
582 2661 614 2672 -
662 2642 721 2693 456.
745 2636 806 2687 Hoc
830 2641 922 2688 uisum
949 2643 1018 2692 nulli

98 2705 172 2773 quod
189 2703 305 2766 viderat,
321 2703 389 2754 nulli
405 2703 478 2754 dixit.
512 2703 582 2770 Quid
600 2713 639 2756 est
657 2707 731 2755 nulli
739 2705 753 2753 ἶ)
767 2724 806 2757 ne
824 2709 913 2758 sorori
929 2712 1018 2775 quidet

99 2775 189 2824 iuerat
205 2772 239 2824 de
256 2787 351 2823 amore
368 2774 503 2823 confessa:
526 2775 565 2840 [et
585 2774 656 2824 forte
679 2774 740 2824 ideo
758 2789 882 2826 sororem
900 2778 1011 2843 celavit,

99 2841 158 2908 ipsa
174 2857 202 2892 se
219 2842 382 2910 perimeret,
399 2849 459 2906 post
475 2840 597 2906 queritur
615 2842 710 2905 (otuu
734 2843 809 2891 idem
827 2846 925 2894 arrhas
936 2847 1016 2912 ferro

100 2922 180 2975 atque
205 2910 296 2958 eodem
315 2908 383 2958 horo
410 2910 525 2958 tulisset.
542 2934 575 2944 —
610 2915 669 2965 457.
688 2911 721 2958 in
740 2915 817 2961 tectis
835 2919 900 2972 etc.;
923 2914 1018 2965 hinc(

100 2979 162 3043 (Ep.
179 2985 210 3039 7,
228 2977 296 3035 99.):
319 2977 368 3025 Est
390 2977 460 3026 mihi
485 2995 638 3027 marmoreo
664 2991 792 3029 sacratus
820 2982 851 3028 in
875 2984 941 3032 aede
966 2983 1018 3033 Sici

101 3046 241 3112 oppositae
257 3045 390 3114 frondes,
415 3046 568 3112 velleraque
593 3047 657 3095 alia
683 3059 784 3114 tegunt.
818 3046 895 3097 Hinc
912 3069 961 3116 ego
981 3070 1019 3101 me

101 3127 164 3165 noto
183 3127 278 3178 quater
296 3131 341 3166 ore
366 3117 463 3164 citari.-
488 3115 550 3180 Ipse
574 3132 641 3164 sono
659 3117 738 3164 tenui
755 3117 842 3166 dixit.-
867 3117 964 3169 Elissa
982 3137 1018 3170 uer

99 3186 160 3240 458.
179 3181 316 3248 Coniugis
334 3185 445 3249 antiqui
451 3199 458 3243 ;
479 3191 526 3233 aut
542 3183 641 3248 prioris
656 3192 703 3232 eut
719 3185 783 3234 cori.
818 3185 963 3253 [Luciliue‚
988 3188 1018 3240 Co

101 3253 216 3317 antiquo
234 3253 346 3316 sapiens
364 3253 408 3301 vir
424 3253 502 3301 solus
513 3251 617 3318 suisti:
644 3252 770 3317 antiquus
786 3269 852 3320 ergo
870 3262 924 3319 est,
942 3257 989 3324 qui
1004 3274 1018 3324 p

100 3319 141 3370 dit
158 3334 221 3369 eum
238 3319 284 3385 qui
300 3316 501 3386 praesentem]
533 3319 609 3370 Miro
625 3321 698 3386 quod
711 3319 813 3370 honore
826 3323 946 3388 colebat;
965 3326 1018 3377 exhi

101 3403 133 3438 ea
149 3383 281 3452 [mortuo]
297 3401 367 3451 quae
383 3387 456 3437 circa
472 3387 543 3436 vivos
559 3389 645 3438 soleut
661 3388 728 3438 fieri.
762 3389 870 3453 [Ritum
887 3394 946 3442 veri
963 3402 1018 3444 etv

101 3454 163 3504 bilis
180 3451 297 3517 templi,
315 3453 407 3502 meriti
429 3454 563 3522 tempium
588 3457 712 3507 obtinere
734 3457 868 3525 cupiebat.
904 3460 1018 3530 Templa

101 3519 257 3572 uelamentis
279 3519 405 3588 religiosa
429 3532 627 3588 monstrantur,
650 3524 695 3588 et]
720 3526 804 3575 moris
828 3528 935 3593 (enim)
959 3533 1017 3582 fuer

96 3588 235 3641 ,aiiheutes
257 3589 363 3654 puellae
384 3589 465 3640 simul
488 3593 621 3643 venissent
643 3593 677 3643 ed
699 3593 783 3644 limen
797 3596 916 3660 urenti,
941 3601 952 3663 (
959 3599 1000 3660 et)

101 3664 165 3708 ante
195 3673 276 3724 quam
306 3657 530 3725 ingrederentur,
559 3662 688 3775 [propter
717 3662 867 3730 euspicium
891 3666 1018 3718 castitatis

101 3731 232 3776 ornarent
253 3725 338 3776 laucis
354 3725 438 3786 vittis3
462 3727 532 3778 unde
550 3730 601 3778 ait:
650 3731 780 3779 elieriiius
806 3734 912 3796 niveis,
935 3737 1018 3787 etsie

124 3807 229 3855 uerene,
251 3794 323 3846 unde
349 3811 448 3844 uxores
471 3795 558 3847 dictae
582 3806 657 3847 sunt:
681 3798 755 3864 qiiasi
782 3816 910 3850 unxores.
947 3804 1018 3872 [Beni

100 3811 185 3926 ssido,
208 3877 271 3911 cum
288 3862 421 3932 tempium
439 3865 538 3914 marito
555 3872 692 3916 extrueret
708 3865 788 3916 veluti
804 3868 900 3918 devota
916 3871 989 3936 viro,
1011 3890 1018 3922 t

95 3936 162 4000 ‚post
176 3945 259 4002 quem
276 3939 394 4000 nuptura
411 3946 466 3982 non
482 3942 564 3996 esset,
589 3935 624 3984 ad
647 3935 847 3985 convitiandum
864 3954 1002 4004 amorem,
1017 3934 1018 3939 ¹

99 3999 167 4055 ritus
191 3996 322 4051 maritalis
345 3999 488 4065 adfixerat,
509 4007 670 4062 utmorem
693 4002 857 4058 instauraret
879 4022 1001 4059 uxorum.
