2454 4500
85 247 170 321 ‚us
369 236 511 301 suurn
533 186 916 331 communiamus·
942 204 982 293 s

104 424 202 490 blicae,
218 433 278 494 post
293 424 369 495 regis
378 424 542 489 ‚interitum3
558 426 624 479 inde
640 425 756 498 privati,
771 426 827 478 hoc
844 434 905 491 est,
922 427 1048 497 (simunt

105 497 249 568 pulorum,
272 495 314 557 et)
331 512 380 546 suu
396 497 453 546 fata
470 505 605 549 narraret.
640 497 714 562 (Hoc
732 504 772 549 est
788 496 857 548 illud
879 501 927 563 (l,
942 498 1026 560 75tt):
1043 536 1048 548 .

105 582 189 631 super
207 562 319 614 Priamo
339 569 482 630 rogitans,
499 582 582 633 super
599 563 716 616 Hectore
734 563 845 627 multo.)
911 585 928 619 e
943 575 1048 620 morter

104 634 208 687 Priami
231 633 439 689 varielectum⁴
453 641 499 684 est
529 633 594 695 ulii,
609 634 719 697 dicunt,
742 633 818 702 quod
841 650 859 684 a
948 637 986 687 ho
1007 636 1035 687 iu

105 704 218 773 quider'u
234 717 282 755 sua
299 710 394 771 captus
412 711 465 753 est:
482 702 529 753 sed
546 703 582 754 ad
598 701 738 752 tumulum
754 700 868 753 Achillis
885 710 1006 770 tractrrs,
1027 720 1048 755 ot

33 801 36 805 ·
105 790 159 841 que
184 777 225 823 est
255 769 329 821 iuxta
352 769 465 837 Sigeum
491 773 723 840 promontorium.
772 766 848 821 Na'm
872 770 906 821 in
930 772 1048 825 Rhoeteo

105 841 223 910 sepultus
238 836 300 890 =est:
325 846 390 888 tu'uo
415 841 472 891 eius
496 849 578 909 caput
601 849 683 890 conto
703 838 787 899 furum
806 838 953 907 [Pyrrhus]
968 842 1048 897 circu

105 910 157 962 Alii
180 924 260 971 rer0,
286 908 359 974 quod
383 907 456 959 iurte
480 909 597 960 Hercaei
613 908 684 958 Iovis
706 924 786 959 aram
808 908 947 960 extinctus
969 908 1048 976 sit,d

104 978 184 1028 Unde
200 977 327 1026 Luoonus
345 978 387 1039 (9,
405 978 491 1038 9793:
509 975 666 1039 Hercneos,
684 988 856 1027 monstrator
875 979 936 1042 ait,
953 995 1010 1030 non
1025 996 1048 1030 re

107 1038 197 1096 oros?
247 1044 371 1111 [Dicitur
394 1053 488 1096 autent
511 1047 633 1115 Iuppiter
656 1044 800 1094 Hercoeus
832 1045 900 1114 quia
926 1062 975 1100 ara
999 1047 1048 1101 eius

105 1116 181 1166 intra
205 1114 297 1164 aulam
322 1119 350 1164 et
372 1116 480 1182 ieptum
504 1115 642 1184 parietem
664 1113 823 1178 aedificata,
846 1114 926 1182 quod
944 1116 1045 1169 Graece

29 1208 32 1212 ·
106 1181 232 1246 dicitur]
281 1182 317 1231 Et
344 1181 416 1231 hano
441 1182 600 1253 opinionem
631 1182 711 1249 plene
734 1180 865 1250 Virgilius
891 1185 1023 1252 sequium

107 1252 195 1304 ctiam
210 1249 289 1301 illam
307 1250 458 1317 praelibet,
482 1261 512 1302 ut
535 1268 584 1301 suo
609 1250 788 1302 indicavimus
805 1248 876 1302 loco.
895 1276 932 1290 ·-
967 1256 1047 1320 502(

107 1329 175 1383 otu,
199 1320 269 1371 bene
287 1318 381 1370 onmia
397 1320 521 1386 collegit,
548 1328 577 1371 et
593 1328 717 1389 captam,
735 1327 763 1370 et
779 1319 920 1386 dirutam,
937 1329 968 1374 et
980 1322 1048 1374 incer

107 1413 141 1426 -·
176 1394 236 1445 508.
261 1388 387 1438 Medium
414 1391 444 1438 in
469 1390 659 1452 penetralibus
683 1388 806 1452 bostem,·
836 1389 987 1459 hypallage
1010 1396 1046 1442 est

107 1466 147 1510 est
170 1458 200 1508 in
224 1457 322 1508 mediis
346 1456 534 1524 penetralibus
559 1457 653 1521 (codd.
678 1457 823 1519 oedibus).
863 1457 893 1510 Si
919 1457 1048 1511 ariteml

105 1522 220 1594 legeris,
243 1542 300 1576 non
318 1534 371 1576 stat
393 1542 497 1591 versus,
520 1523 573 1576 nisi
591 1526 696 1577 excluso
715 1541 736 1576 s.
770 1525 807 1575 Ut
825 1528 888 1592 (12,
906 1528 995 1590 709.);
1018 1524 1048 1576 In

108 1599 197 1648 coisse
219 1597 313 1658 viros,
336 1607 361 1644 et
379 1594 521 1645 decernere
539 1592 645 1662 ferro.'
662 1595 701 1646 Et
717 1594 789 1646 bene
806 1594 956 1647 Priamum
971 1610 1048 1648 noni

107 1660 234 1718 extremis
251 1671 341 1714 armat
355 1658 511 1732 periculis,'
523 1671 554 1714 ut
570 1664 658 1731 magis
675 1662 767 1715 irritet
784 1663 855 1731 (cod.
871 1664 903 1716 F.
923 1667 1048 1730 invitm<

104 1732 126 1786 Ῐ.
145 1731 258 1794 invitet)
275 1733 384 1783 hostem
401 1732 431 1782 in
448 1748 546 1783 necem
563 1748 657 1796 suam,
680 1735 747 1800 (qua
764 1732 852 1799 possit
868 1734 1048 1803 captivitatem

106 1802 167 1866 νὴ)
192 1816 277 1868 quam
294 1809 325 1850 ut
341 1800 472 1871 defendat
495 1801 625 1867 aliquem.
659 1800 748 1868 [Sane
765 1803 925 1867 penetralia
949 1802 1048 1883 propris

104 1888 170 1923 rum
195 1869 338 1932 dicuntur,
369 1873 584 1937 (nonnunquam
610 1868 695 1922 etiam
726 1868 800 1933 imae
825 1877 855 1922 ct
877 1871 1048 1939 interiores]

64 1986 82 2005 ·,
106 1940 277 2010 privatorum
301 1939 447 1988 domorum
463 1943 608 2004 vocantur,
632 1937 706 1989 unde
730 1945 759 1988 et
774 1955 878 2005 penum
895 1936 1013 1991 dicimus
1034 1936 1048 1988 lt

106 2007 156 2058 ubi
172 2006 341 2070 conduntur,
358 2022 429 2074 quae
447 2007 481 2058 ad
498 2007 584 2057 vitam
600 2014 663 2057 sunt
680 2007 854 2070 necessaria.)
887 2006 943 2059 Hic
958 2013 1046 2060 autem

105 2084 151 2126 tur
170 2074 348 2144 opportunius
365 2075 518 2144 penetralia
535 2077 569 2126 de
587 2076 668 2126 domo
686 2075 759 2143 regis
776 2072 1048 2145 dixisse„quoniaml

106 2143 219 2214 proprie
243 2150 401 2210 suggestum
425 2145 568 2196 imitantur
592 2145 715 2195 deorum.
738 2169 773 2181 -
813 2149 874 2203 509.
900 2145 987 2196 Arma
1009 2146 1048 2194 des

105 2213 153 2276 (ab
169 2211 289 2262 hominis
307 2212 512 2277 cousuetudine,
529 2228 640 2263 sensum
657 2214 693 2264 ad
710 2229 789 2266 arma
805 2214 964 2275 transtulit.)
996 2212 1048 2280 Quis

105 2296 231 2351 pugnare
255 2280 418 2344 desierant]
462 2281 655 2331 Trementibus
681 2300 764 2347 neoo,·
789 2297 847 2333 non
870 2282 981 2334 timore.
1002 2308 1033 2319 -

108 2349 285 2413 circumdem
304 2355 360 2400 non
379 2358 442 2420 apte
455 2351 506 2401 sibi
522 2351 672 2402 relincuere
689 2351 768 2402 facit:
785 2351 832 2402 sed
850 2352 943 2420 potius
960 2348 1048 2402 oneris

105 2418 211 2468 inutile
223 2419 354 2486 ferrum5
378 2419 435 2487 ipse
452 2419 562 2470 inutilis.
597 2417 714 2469 Ferrum
733 2421 809 2470 enim
827 2419 863 2471 de
880 2420 925 2470 his
942 2428 995 2484 est,
1015 2433 1048 2485 qu

105 2487 257 2538 coniunctis
282 2482 393 2538 sumu'nt
417 2487 553 2552 epitheta:
576 2495 615 2536 ut.
631 2502 776 2539 venenum.
793 2515 829 2525 —-
864 2495 927 2545 512.
964 2487 1048 2538 Aedui

106 2555 223 2619 mediis,
253 2571 334 2606 omne
353 2555 509 2606 aedilicium
525 2556 607 2607 aedes
625 2556 767 2621 dicuntur,
784 2558 832 2609 sed
850 2557 938 2608 Varro
966 2571 1039 2607 ocum

103 2632 167 2675 tuor
185 2622 290 2692 angulis
308 2624 471 2674 conclusum
488 2625 586 2675 aedem
603 2624 684 2675 docet
700 2625 792 2675 vocari
810 2624 934 2689 debere]
973 2624 1048 2690 (Iden

103 2711 167 2746 rum
179 2692 342 2744 Divinarum
357 2692 429 2743 libro
440 2701 514 2751 sexto
527 2692 633 2744 intulit:
648 2693 713 2744 Ideo
726 2694 789 2744 loen
802 2711 882 2746 sacra
898 2692 1016 2746 civitates
1029 2692 1048 2741 lu

103 2760 232 2827 voluisse,
248 2780 283 2813 ne
301 2780 350 2830 per
368 2759 499 2813 continua
517 2761 641 2813 aedificia
657 2761 785 2819 incendia
803 2763 910 2829 (Burm.
924 2763 995 2814 coni.
1012 2777 1040 2810 ne

84 2832 163 2903 xoed.
183 2848 231 2896 per
250 2831 315 2892 inc.)
332 2828 558 2899 prolaberentur,
581 2838 609 2881 et
625 2838 656 2879 ut
673 2838 778 2895 essent,
802 2846 858 2897 quo
884 2831 1048 2899 confugerent

102 2901 182 2968 rique
199 2915 264 2949 cum
283 2898 390 2950 familia
407 2898 663 2966 suainpericulis3
687 2899 761 2966 quod
783 2900 869 2950 etiam
893 2899 923 2949 in
949 2898 1048 2950 comoed

101 2967 183 3021 servis
202 2968 363 3019 timentibus
386 2966 502 3034 legimus
524 2969 645 3028 factum3
669 2967 722 3017 hoc
739 2966 870 3034 Virgilius
886 2967 942 3018 hoc
959 2968 1015 3019 loco
1029 2982 1048 3016 st

102 3043 145 3089 ter
163 3039 265 3105 tangit,
283 3053 349 3087 cum
366 3034 445 3086 dicit:
463 3036 585 3086 Aedibus
604 3038 635 3086 in
655 3035 771 3099 mediis,
796 3035 929 3101 nudoque
948 3038 998 3087 sub
1016 3046 1048 3085 oet

102 3122 155 3157 nne
172 3106 277 3174 Ingens
302 3123 354 3156 nra
372 3105 451 3173 fuit,
470 3113 520 3157 etc.
555 3105 595 3154 Ex
618 3103 732 3155 nomine
761 3105 837 3154 enim
861 3105 1005 3174 penatirun
1026 3110 1048 3156 et

100 3175 263 3243 intelligitur
279 3172 333 3224 loci
350 3171 422 3224 sacri
439 3172 594 3236 veneratio,
618 3180 649 3221 ut
666 3189 723 3223 non
739 3171 884 3224 immerito
902 3172 969 3224 illuc
985 3172 1048 3224 conii

100 3242 217 3309 Regina
233 3258 298 3293 cum
321 3241 389 3302 suis3
412 3259 479 3293 nam
502 3241 653 3292 subiunxit:
676 3239 733 3290 Hie
750 3240 867 3292 Hecuba
893 3253 920 3291 et
944 3244 1006 3293 nati
1021 3258 1048 3292 ne

101 3328 186 3380 quom
211 3312 316 3362 altario
347 3313 455 3360 circum
481 3309 648 3377 Praecipites
672 3316 724 3361 cto.
771 3309 850 3361 Unde
880 3326 897 3361 a
917 3320 1048 3380 parem

99 3381 325 3432 consuetudinem
350 3379 433 3430 luisse
457 3379 582 3448 fugiendi
599 3397 615 3429 a
632 3377 853 3447 periclitantibus
876 3328 916 3430 ad
930 3394 1040 3437 orarum

99 3449 218 3508 sidium.)
254 3447 392 3514 Nudoque
411 3448 462 3497 sub
482 3465 551 3512 are‚·
577 3448 637 3515 [sub
661 3446 869 3515 Septentrione,
895 3453 944 3498 aut
967 3448 1048 3499 subt

99 3532 154 3584 quo
172 3516 291 3567 mundus
309 3513 454 3579 movetur]
487 3516 546 3566 Hoc
565 3524 605 3567 est
622 3514 672 3565 sub
692 3514 767 3567 divo:
791 3515 865 3584 quod
884 3516 1048 3582 impluvium

100 3592 153 3634 tur.
188 3584 257 3636 Aris
275 3589 369 3636 autem
385 3592 425 3635 est
442 3591 490 3634 aut
506 3584 691 3654 (septentrio,
716 3583 779 3645 aut)
802 3583 960 3653 plaustrum
977 3590 1048 3652 septe

98 3652 175 3703 nole:
199 3661 247 3705 aut
263 3671 326 3722 pars
342 3650 550 3722 septentrionis,
576 3661 624 3704 aut
640 3651 764 3722 spiritus,
790 3666 845 3719 quo
863 3653 985 3704 mundus
1002 3668 1047 3704 mo

98 3724 142 3783 (ut
159 3724 200 3787 (4,
216 3722 303 3782 482.):
329 3720 414 3772 Asem
438 3717 552 3771 humero
578 3732 686 3787 torquet
711 3722 802 3771 stellis
828 3720 997 3772 ardentibus
1022 3739 1048 3787 op

97 3789 168 3839 sicut
185 3789 265 3841 docet
282 3789 416 3842 Lucanus.
434 3816 469 3826 —
503 3795 564 3847 513.
587 3789 756 3852 Vetcrrimo‚·
780 3797 947 3855 usurpatum
971 3798 1020 3843 est.

96 3864 128 3905 ut
145 3856 373 3936 supradiximus,
394 3857 449 3917 hoo
465 3864 576 3909 tantum
593 3858 649 3922 uti,
672 3858 695 3909 si
711 3872 821 3910 necesse
837 3859 887 3924 sit,
903 3857 984 3923 licet;
1003 3860 1047 3975 [et

95 3931 251 4043 Barativum
283 3940 339 3977 non
370 3925 476 3992 habet,
506 3926 576 3975 sicut
606 3927 726 3977 deterior
756 3925 931 3996 positivum]
985 3933 999 3995 (
1029 3944 1044 3977 e

122 3993 233 4064 aphne,
254 3993 311 4046 lilia
333 3995 452 4047 ledonis
464 4030 475 4062 ,
491 3993 575 4057 ¹fluvii
596 3994 748 4062 Arcadiae,
779 4002 808 4050 et
829 3995 938 4049 Terrae
959 3995 1032 4064 tuit,
