2454 4500
26 306 32 313 -
141 288 175 330 n
198 224 353 331 sucu.
376 262 548 331 aarum,
569 262 648 328 ors.
671 263 757 339 vus,
777 267 980 336 oss-osa
1007 268 1082 337 sss·
1168 217 1172 227 ¹

10 484 13 491 ·
58 458 153 523 ceptus
176 459 231 518 est,
257 453 328 506 unde
343 452 462 505 Romani
485 468 503 505 a
519 449 640 503 Curribus
653 447 779 517 Quirites
802 449 929 522 appellati
944 448 1026 519 sunt]
1041 477 1076 493 ·-
1150 468 1153 475 ’

10 572 18 581 ,
57 528 119 586 536.
138 520 275 573 Consessu
295 523 415 584 Causae,
438 536 521 572 cauea
545 526 586 587 est
606 518 655 570 nbi
678 520 791 589 populus
812 527 924 590 spectat.
956 521 1076 590 [Pleunu

10 642 17 651 ,
58 591 88 641 in
106 590 303 658 Amphitryone
320 591 399 656 (Prol.
414 589 484 652 bol?
510 587 554 638 Ut'
569 588 772 654 conquisitores
796 589 906 655 singuli
922 589 954 641 in
971 590 1076 643 subsel-

10 690 17 719 2
59 657 102 708 lia
119 669 183 707 tant
199 675 248 724 per
265 672 349 710 totam
367 675 478 714 caveam
495 658 702 723 spectatoribus.
737 644 816 709 Vallis
838 663 932 709 autem
953 660 1012 726 ipse
1027 658 1077 711 ubi

59 725 204 777 Circenses
228 727 294 778 editi
316 735 391 792 sunt,
414 727 478 778 ideo
503 725 609 776 murcia
628 725 701 775 dicta
723 731 776 789 est,
803 724 868 792 qua
884 724 996 793 quidam
1013 728 1076 780 vici·
1133 780 1138 793 ,

58 808 127 844 nuni
150 802 278 846 montem·
291 794 422 845 Murcum
446 793 610 873 appellatum
627 793 733 849 voltum
755 791 802 843 alii
818 793 891 860 quod
913 794 1010 847 ionum
1026 798 1076 850 ve-

57 861 133 912 ueris
146 863 331 915 Verticordiae
347 864 386 914 ibi
403 864 494 927 inerit,
509 861 583 913 circa
620 860 673 911 uod
690 875 786 911 neurus
803 878 818 912 e
836 862 959 930 myrtetis
974 864 1077 932 iuuet,

58 927 123 980 inde
148 937 252 986 milleto
276 931 356 983 litera
374 931 514 982 Murciam
532 878 710 997 eppehatam:
733 927 781 979 alii
797 928 984 989 murcidam
1001 950 1076 986 mus·

59 999 123 1048 cido
142 1000 273 1063 (murco),
295 999 368 1067 quod
385 1007 425 1052 est
441 999 615 1062 murcidum,
640 996 742 1049 dictam
766 996 866 1048 volunt.
898 996 963 1052 Pars
986 1019 1003 1054 a
1025 1003 1076 1055 dee

57 1063 174 1133 Murcia
191 1068 270 1131 dicit,
287 1083 357 1135 quaa
374 1084 437 1118 oum
453 1066 494 1119 ibi
510 1066 573 1119 haci
589 1065 678 1117 canali
694 1063 892 1131 (Bacchanalia)
910 1076 1011 1134 essent,
1033 1071 1075 1122 iu·
1151 1090 1154 1095 ·

10 1162 13 1167 ·
57 1147 154 1185 rorem
168 1133 243 1186 Sacri
259 1135 343 1203 ipsius
360 1138 517 1186 murcidum
534 1136 663 1185 iacerent.
679 1135 692 1167 *
709 1131 853 1200 (tacerem
885 1131 1002 1203 Magnis
1016 1138 1077 1192 Cir.

58 1205 190 1253 censibus
214 1206 299 1264 actis,
328 1207 455 1271 magnis,
487 1211 620 1271 quantum
649 1201 683 1253 ad
713 1208 902 1270 paupertatem
933 1206 1075 1274 pristinam

36 1271 187 1339 ,pertinet
220 1271 293 1324 Nam
318 1272 345 1325 le
363 1274 448 1336 imus,
470 1279 583 1340 propter
606 1272 740 1337 equorum
764 1267 887 1336 inopiam
903 1268 1076 1345 dirersiseos

57 1345 126 1389 tunc
149 1354 211 1389 usos
235 1288 405 1392 animalilrus.
439 1339 545 1409 Raptae
568 1346 659 1390 autam
676 1336 792 1389 Sabinae
809 1338 999 1408 Consualibus,
1021 1343 1075 1395 hoc

56 1413 103 1458 est
118 1422 214 1458 manse
229 1408 338 1460 Martio.
374 1408 482 1460 Consus
499 1415 591 1459 autem
608 1413 649 1457 est
663 1405 934 1471 deusnonsiliorum,
950 1410 997 1477 qui
1011 1411 1074 1466 ideo

32 1476 36 1484 '
57 1475 196 1544 templum
213 1476 263 1526 snb
280 1484 353 1529 tecto
370 1475 421 1544 [in]
438 1476 518 1527 Circo
540 1473 639 1538 hahet,
661 1481 692 1524 ut
707 1474 876 1538 ostendatur,
897 1482 1000 1529 tectum
1012 1482 1076 1533 'esse
1104 1486 1107 1495 '

56 1541 162 1594 debere
184 1545 334 1597 consilium.
367 1545 433 1598 lnde
458 1550 511 1610 est,
534 1543 607 1610 quand
630 1549 658 1593 et
673 1541 748 1592 Fidei
770 1554 861 1611 panno
883 1544 969 1597 velata
989 1538 1075 1601 mltnu

56 1610 278 1677 sacrificabatur,
302 1613 366 1682 quia
382 1612 448 1664 tides
471 1619 543 1664 tecta
560 1627 617 1663 esse
633 1609 715 1683 debet
731 1617 759 1661 et
774 1609 868 1662 velata.
901 1611 965 1665 Ideo
981 1624 1075 1681 putem

55 1678 149 1730 dicato
167 1680 249 1730 Consi
270 1681 415 1739 simulacro
439 1697 469 1732 ra
489 1685 590 1731 uerunt
611 1677 740 1741 Sabinas,
762 1684 794 1727 ut
815 1686 953 1747 tegeretur
974 1682 1075 1735 initum

28 1800 40 1806 ,
55 1746 95 1798 de
111 1755 192 1813 raptu
209 1748 359 1800 consilium.
392 1749 444 1800 Iste
485 1763 565 1798 ansus
582 1754 610 1798 et
626 1761 708 1812 eques
725 1748 881 1824 (equestris,
906 1746 1076 1803 Gueli.1.et

57 1831 99 1880 eq.
117 1829 142 1864 es
155 1814 200 1875 Ν.)
216 1816 357 1882 Neptunus
374 1817 487 1868 dicitur:
503 1813 575 1868 unde
592 1813 676 1865 etiarn
692 1813 722 1863 in
740 1827 796 1864 erut
812 1813 946 1867 honorem
964 1817 1076 1872 Circen·

55 1900 102 1934 ses
126 1883 309 1936 celebrantur.
349 1885 450 1936 Errant
473 1899 540 1951 ergo
564 1882 611 1949 qni
633 1881 728 1932 dictust
752 1883 863 1946 magnis
888 1882 1075 1956 Circensibus,

34 1950 107 2002 'aut
123 1951 324 2018 Megalesiacis,
347 1961 395 2005 aut
407 1951 553 2017 Romanis,
575 1965 643 2017 qnos
665 1956 769 2000 constat
784 1949 845 2000 fieri
861 1958 923 2003 ante
940 1951 1075 2008 Kalendas

55 2021 208 2073 lanatarius.
242 2021 320 2071 Actis
337 2029 443 2080 atatem,
460 2037 523 2071 curn
540 2024 700 2084 agerentur:
718 2017 782 2083 quia
798 2033 855 2069 non
871 2028 930 2071 erat
946 2037 1076 2087 praesens

53 2106 74 2140 a
91 2088 194 2163 passivo
212 2088 396 2156 participium.
429 2089 466 2139 Ut
486 2086 630 2155 (1‚121.):
651 2084 687 2134 Et
709 2101 763 2150 qua
788 2097 880 2137 vectus
896 2088 979 2140 Abas.
1014 2090 1087 2145 Cir-1

55 2157 207 2221 censibus,
234 2155 377 2208 Circenses
394 2157 459 2208 dicti
476 2156 518 2207 vel
533 2173 549 2207 a
567 2155 702 2216 circuitu,
718 2152 760 2204 vel
776 2152 848 2221 quod
864 2154 913 2206 uhi
928 2173 1001 2209 nuno
1017 2176 1075 2212 me-
1147 2172 1153 2187 ⁸

55 2233 104 2276 tae
121 2230 198 2290 sunt,
215 2223 282 2275 alirn
299 2225 382 2293 gladii
398 2224 571 2292 ponebantur
588 2237 654 2289 quos
672 2222 867 2274 circumibant.
900 2222 973 2276 Dioti
989 2226 1076 2295 [inde]

56 2292 204 2343 Circenses
221 2292 256 2344 ab
274 2294 397 2358 ensibus,
420 2294 494 2344 circa
510 2307 578 2372 quas
601 2289 791 2341 circumibant.
823 2289 894 2343 Sana
916 2296 1076 2362 notandum,

53 2361 158 2432 positos
176 2360 333 2426 Circenses,
354 2363 414 2414 sine
430 2361 579 2414 adiectwne
595 2357 737 2422 ludorum,
760 2373 825 2409 cum
841 2359 881 2412 ita
896 2360 1018 2415 dicamus
1034 2363 1075 2417 lu-
1108 2407 1111 2411 .

55 2432 107 2483 dos
123 2429 283 2495 theatrales,
304 2429 382 2481 ludos
405 2429 591 2498 gladiatorios,
613 2426 689 2478 ludos
707 2426 856 2480 Circenses.
872 2455 908 2467 -
939 2434 1000 2488 638·
1017 2431 1075 2485 Ro.
1112 2458 1116 2463 -

56 2498 192 2558 mulidis3
208 2497 254 2549 hio
271 2498 374 2548 dativus
390 2498 501 2567 pluralis
516 2497 590 2548 venit
606 2495 641 2544 ab
658 2510 691 2546 eo
708 2495 781 2563 quod
798 2500 839 2548 est
854 2497 900 2548 iric
913 2496 1075 2552 Romulida.
1173 2544 1177 2549 ,

57 2565 236 2639 Curibusque
254 2558 372 2627 s'eoeris3
396 2566 468 2619 mire
491 2563 532 2630 [et
553 2560 665 2626 merito]
682 2561 748 2613 dixit
764 2567 874 2615 seueris.
912 2565 982 2621 Cum
999 2566 1075 2620 anim

52 2635 124 2686 filias
140 2633 310 2701 perdiderint
326 2634 521 2696 Caeninenses,
536 2634 726 2693 Antemnates,
743 2631 934 2697 Crrutuminii,
957 2642 985 2688 et
999 2635 1076 2688 Sabi·

53 2703 101 2765 ni,
127 2702 225 2753 ceteris
245 2700 461 2769 quiescentibus,
491 2698 585 2751 Sabini
606 2697 656 2749 soli
679 2697 751 2749 bella
773 2708 961 2768 sumpserunts
989 2703 1077 2771 [sicin

53 2771 162 2823 dictum
185 2768 256 2836 est,]
282 2769 333 2888 in
356 2767 423 2835 (sed)
452 2765 694 2825 intervenientibus
715 2773 808 2834 postea
830 2767 943 2837 triginta
965 2771 1076 2825 feminis

54 2840 115 2893 iam
133 2836 215 2889 enirit
231 2839 266 2890 de
285 2839 290 2851 '
311 2839 334 2888 is
350 2853 421 2904 quae
436 2844 530 2904 raptae
549 2840 652 2898 erant,¹
663 2848 716 2899 par
739 2834 812 2885 iacta
833 2843 886 2888 est:
909 2851 941 2887 er
958 2854 1076 2907 quarum

54 2905 216 2960 nominihus
229 2906 329 2959 Curiae
341 2904 491 2975 appellatae
503 2910 578 2963 stum
595 2901 623 2953 in
636 2915 815 2953 communem
829 2902 915 2959 suam.
925 2906 1076 2967 mulierum

49 2977 195 3028 'honorem
211 2973 349 3026 Kalendae
372 2973 410 3025 eis
434 2973 539 3023 dicatae
555 2976 618 3020 sunt
634 2966 760 3021 Martiae.
792 2970 919 3023 Horatius
936 2973 1077 3043 (Caena,

55 3043 109 3104 8):
134 3041 251 3103 Martiis
274 3043 380 3092 caelebs
403 3043 471 3109 quid
495 3056 578 3108 agam
600 3037 752 3102 Kalendis;
775 3038 906 3092 Iuvenalis
929 3046 979 3108 (9,
1002 3044 1074 3108 53.):

56 3109 180 3175 Munera
205 3111 342 3179 femineis
366 3121 466 3161 tractat
488 3118 590 3165 notata
615 3105 759 3157 Kalendis.
804 3107 862 3167 Nec
892 3109 968 3162 enim
997 3111 1076 3167 aliter

51 3179 201 3249 'congruit,
222 3179 336 3229 Martias
352 3177 483 3230 Kalendas
506 3193 564 3243 esse
585 3174 767 3238 feminarum,
788 3175 841 3227 nisi
858 3178 935 3246 quia,
957 3183 988 3229 ut
1010 3179 1076 3233 diri·

57 3264 135 3312 muts,
154 3246 277 3299 feminae
299 3247 374 3326 bella,
390 3247 527 3307 sedarunt.
572 3244 641 3295 Sane
664 3241 818 3324 serendum,
842 3259 935 3326 ornnes
958 3246 1077 3315 virgines

27 3324 280 3441 limitat
296 3312 1078 3451 ilitittrititt‘sslllittitia‘siritii

60 3453 147 3504 ditum
172 3450 253 3516 dixit,
277 3448 342 3519 quia
364 3450 456 3502 Sabini
480 3469 497 3504 a
514 3447 738 3501 Lacedaemoniis
755 3448 890 3516 originem
906 3449 1022 3516 ducunt,
1044 3459 1077 3505 ut

57 3521 180 3588 Hyginru
203 3520 242 3570 ait
258 3518 292 3570 de
308 3519 422 3587 Origine
440 3520 556 3571 Urbium
573 3517 743 3580 Italicarum,
765 3516 868 3570 aSaho
893 3518 939 3586 quui
962 3519 997 3573 de
1013 3522 1077 3574 Per·

18 3620 25 3627 ·
58 3589 118 3641 side
134 3587 365 3639 Lacedaemonios
381 3589 515 3641 transiens
526 3587 566 3643 ad
581 3586 687 3637 ltaliam
704 3584 792 3649 venit,
807 3594 836 3638 et
851 3587 964 3656 expulsis
980 3587 1077 3641 Siculis

58 3655 151 3709 tenuit
173 3655 232 3707 loca
250 3672 320 3723 quae
337 3655 429 3708 Sabini
445 3655 557 3709 habent.
589 3654 661 3708 Nam
684 3661 712 3706 et
735 3661 843 3720 partem
858 3654 1004 3711 Persarum
1025 3672 1077 3709 no-

57 3725 135 3778 mine
154 3723 287 3790 Caspiros
310 3723 447 3792 appellare
471 3724 603 3791 coepisse,
625 3721 673 3792 qui
695 3729 756 3791 post
777 3729 905 3791 corrupte
929 3722 1077 3793 Casperuli

57 3793 126 3846 dicti
142 3800 212 3844 sunt.
245 3792 313 3842 Cato
330 3800 423 3844 autem
440 3800 468 3845 et
484 3790 588 3845 Gellius
610 3808 627 3844 ι
643 3788 713 3841 Sabo
729 3789 946 3843 Lacedaemonio
963 3793 1076 3847 trahere

58 3877 105 3915 eos
129 3861 264 3927 originem
286 3861 424 3912 referunt:
455 3862 540 3912 Porro
562 3859 793 3913 Lacedaemonios
815 3859 970 3912 durissimos
993 3862 1075 3914 tuine

58 3930 148 3981 omnis
164 3927 244 3979 lectio
261 3926 354 3980 docet:
380 3927 544 3980 Sabinorum
561 3929 645 3981 etiam
661 3942 752 3980 mores
768 3926 899 3998 poprium
915 3927 1076 3981 Romanum

57 4005 183 4051 secanam
203 3993 279 4048 idem
295 3995 364 4050 Cato
388 3995 470 4069 disin
492 3995 592 4050 merito
616 4010 682 4066 argo
704 3997 824 4063 seueris,
845 3995 894 4064 qui
916 4004 945 4055 et
966 4013 985 4052 a
1000 3995 1076 4051 inis
