2454 4500
85 286 88 291 ·
154 278 217 341 sss
275 296 286 324 ι
405 271 550 334 sautu
574 267 927 362 conuentionis
961 344 1013 365 ..

157 446 230 510 Nam
246 452 448 527 posthabitam
464 457 667 525 quaestionem,
690 457 720 509 in
737 447 956 509 Tuuionom‘ast
980 451 1115 506 ultimum
1134 466 1189 521 sup·

156 526 271 597 plicium
288 524 477 576 mittebantur.
510 526 562 577 Alii
578 525 632 576 hoo
648 543 665 579 a
683 528 765 595 po'e'ta
781 525 886 577 dictum
904 524 1016 589 volunt,
1034 529 1081 585 ut,
1097 521 1144 572 illa
1156 520 1189 571 to

157 602 275 664 quente,
298 593 495 661 intelligamus,
518 601 630 663 portam
653 611 711 646 esse
734 595 909 663 patefactum.
950 591 1004 643 Alii
1031 590 1188 641 continuent

158 664 356 715 narrationem
390 661 508 724 Sacrae,
525 661 746 714 execrabiles-a
768 666 842 719 ,574
852 660 962 711 Cernis
975 660 1114 710 cristodia
1127 672 1187 724 quo·

160 729 213 794 lis3
231 732 358 782 custodia
374 737 415 787 est
430 745 502 797 quae
516 731 648 794 custodit,
664 747 719 781 non
738 747 810 799 qttse
826 730 988 779 custoditur.
1023 728 1188 793 Usrupatum

160 808 201 863 est
217 808 325 862 sutem,
346 797 415 857 sicut
431 798 558 864 hospita,
580 800 651 849 siout
674 806 771 863 stipsis.
808 797 881 847 Nam
899 797 946 847 hio
963 795 1082 847 ethaeo
1102 805 1187 847 eustos

162 867 236 921 iacit.
270 869 311 920 Eu
328 865 404 918 euim
429 882 499 933 quae
521 868 552 918 iu
576 886 593 919 o
618 878 730 927 exeunt,
755 874 786 916 ut
797 865 892 934 fullo:
915 866 946 916 in
970 882 1018 929 os,
1043 872 1077 913 ut
1099 880 1190 931 nepote

160 938 190 989 in
207 954 252 1001 es,
269 944 299 987 ut
315 935 426 999 hospes,
445 934 579 988 feminina
596 951 627 986 ex
645 952 673 986 se
691 951 748 989 nou
765 934 877 985 iaciunt.
913 932 991 1000 Quae
1008 940 1108 985 autem
1119 936 1189 983 'iure

160 1006 268 1069 nimus,
296 1012 426 1071 usurpata
450 1011 521 1054 sunt.
561 1002 639 1054 Unde
662 1011 689 1054 ct
719 1001 860 1055 dissimilia
885 1000 1077 1053 investiantur.
1123 999 1205 1053 Nom.

160 1073 415 1137 cossas‚aussoalta
433 1072 512 1122 facit:
535 1070 586 1139 [et]
603 1088 706 1138 nepos,
729 1072 835 1137 neptis.-
858 1067 987 1138 [hospes,
1010 1070 1065 1121 isos
1084 1066 1145 1133 ita]
1159 1091 1190 1105 -

94 1152 97 1157 '
161 1149 222 1200 575.
245 1140 384 1191 Vestibula
409 1141 518 1203 sedeat,-
544 1140 707 1207 Megaeram
729 1138 872 1207 siguificat.
888 1164 922 1175 ·-
958 1143 1020 1195 576.
1076 1140 1189 1203 uinqua-

95 1216 98 1223 '
160 1214 259 1277 ginta3
284 1209 336 1260 hoc
360 1207 543 1260 autemdicit.
578 1208 676 1260 Cernis
698 1210 769 1259 hano
787 1223 872 1276 quam
887 1222 968 1258 sueva
985 1205 1041 1256 sit?
1065 1214 1108 1258 est
1122 1206 1187 1257 intus

160 1279 222 1330 alis.
265 1278 402 1331 immanis
428 1278 499 1327 atris
522 1275 650 1328 hiatibus
673 1277 902 1344 quinquagiuto3
927 1291 1002 1343 quiue
1027 1282 1071 1327 est
1092 1273 1187 1325 saevior

162 1362 247 1415 quam
264 1347 356 1413 Hydra
373 1345 431 1395 luit.
465 1343 549 1394 Multi
565 1344 654 1412 ipsam
668 1346 790 1412 Hydram
807 1343 914 1395 volunt:
932 1342 1007 1410 quod
1026 1357 1085 1394 non
1100 1356 1185 1413 prooe-

161 1416 211 1468 dit.
252 1414 325 1465 Nam
349 1429 412 1464 eom
435 1413 465 1462 in
489 1413 566 1463 aditu
590 1413 707 1480 legimns
730 1414 902 1475 inferorum:
930 1410 981 1461 ubi
1002 1410 1076 1463 dixit
1098 1406 1185 1478 (mit

164 1486 202 1534 tic
227 1482 318 1534 helluo
343 1480 466 1540 Lernoe;
491 1497 576 1548 qurum
599 1482 647 1533 alii
670 1483 725 1531 triu
748 1481 842 1531 volunt
863 1477 993 1530 hausisse
1020 1480 1126 1549 capite:
1145 1474 1184 1529 sti

133 1550 139 1575 '¹
164 1567 277 1604 novem:
306 1548 458 1601 Simonides
484 1550 683 1618 quinquaginta
712 1550 785 1600 ‹ttcit
810 1574 843 1584 -
882 1552 946 1604 577.
971 1547 1128 1610 Tartarusf
1150 1541 1184 1595 tel

134 1630 142 1657 -’
160 1620 230 1689 quia
255 1618 349 1670 omnis
371 1617 426 1668 illic
449 1615 559 1668 turbata
583 1625 660 1684 stunt,
683 1613 739 1669 aiod
755 1614 804 1682 τῆς
825 1610 962 1684 sonantis:
986 1624 1039 1667 aut
1061 1614 1133 1683 quod
1151 1616 1184 1663 est

165 1689 280 1753 melius,
310 1681 364 1738 ἀπὸ
388 1681 438 1739 soi
459 1686 647 1755 ταρταρίζειν,
678 1687 697 1740 i.
722 1705 745 1739 e.
770 1693 934 1751 sirempse
964 1683 1088 1751 frigoris.
1131 1680 1182 1731 sus

164 1756 242 1809 enim
265 1765 348 1808 curet.
366 1782 400 1791 -
435 1762 495 1811 stu.
519 1754 570 1805 Bis
592 1766 667 1822 patet
691 1757 723 1806 in
746 1750 893 1822 praecepit,
916 1746 982 1804 id'e'o
1009 1750 1056 1803 isi‘
1066 1762 1184 1816 praeceps

163 1824 281 1877 addidit:
306 1824 371 1892 quia
393 1830 483 1892 potest
505 1823 571 1891 quid
595 1825 679 1876 etiam
701 1838 809 1874 sursum
831 1828 937 1892 patere.
973 1820 1089 1872 Videtur
1105 1824 1184 1871 suun

164 1895 218 1945 hoc
236 1892 458 1962 prudentioribus
473 1890 536 1943 ideo
553 1892 673 1944 dictum:
690 1893 754 1960 quia
770 1884 923 1944 secumdum
940 1890 1082 1941 rationem
1098 1887 1185 1955 Splsse
1207 1926 1211 1940 .

163 1980 214 2014 rae
230 1961 275 2013 Sol
291 1977 357 2011 cum
373 1961 403 2012 in
421 1975 506 2011 unam
523 1960 689 2013 concesserit
703 1968 828 2028 partera,
850 1959 921 2010 duae
950 1957 1031 2026 qtrasi
1048 1958 1185 2009 Tarutius

166 2031 286 2082 iaciunt:
310 2045 366 2081 tino
389 2046 406 2080 ι
423 2044 477 2097 qua
488 2027 628 2080 discessit:
652 2030 784 2081 etaltera
801 2029 836 2080 od
854 2041 938 2094 quatu
962 2041 1107 2094 nunquam
1121 2038 1186 2079 soet

93 2104 96 2109 '
132 2130 138 2135 -
167 2099 215 2150 dit.
250 2098 330 2165 Quod
347 2097 444 2148 melius
459 2095 594 2165 sphaerae
612 2098 717 2149 iudicat
731 2098 810 2148 ratio.
846 2097 905 2146 Hoc
922 2101 1019 2146 autent
1035 2094 1115 2145 dicit:
1130 2092 1187 2141 Ter·

167 2176 242 2217 tamus
266 2168 323 2234 ipse
347 2166 388 2216 bis
413 2173 521 2215 toruum
544 2165 573 2215 iu
591 2167 722 2235 praeceps
740 2174 829 2234 patet,
854 2171 881 2214 et
904 2162 993 2213 tendit
1011 2161 1062 2213 suls
1081 2160 1187 2219 susibus,

168 2234 301 2301 Quantus
320 2245 360 2283 est
376 2245 537 2300 suspectus,
553 2233 571 2284 i.
590 2253 612 2286 e.
631 2235 745 2286 altitudo
763 2236 797 2285 ad
815 2232 957 2300 olympum
975 2230 1142 2282 aetherium:
1158 2227 1187 2292 [et

165 2304 244 2355 deest
261 2314 307 2351 est.
343 2303 378 2351 Et
394 2302 432 2351 sic
450 2302 586 2351 Homerus
602 2303 636 2353 de
654 2305 770 2353 'saturo
789 2301 834 2368 (Il.
850 2302 888 2364 θ,
907 2298 971 2358 toi:
992 2295 1093 2350 Τόσσοι·
1110 2288 1186 2363 zteat'
1218 2352 1221 2357 ,

168 2366 267 2432 airhlai,
294 2362 490 2436 decimationum
515 2365 568 2420 ἐστ’
592 2366 646 2422 iad
672 2371 768 2439 padus]
786 2400 820 2410 -
855 2374 914 2426 580.
935 2366 991 2416 Hic
1010 2387 1101 2434 genus
1125 2366 1186 2416 anti·

168 2458 254 2506 quium
281 2452 386 2501 terrae5
416 2440 433 2489 i.
458 2457 481 2489 e.
513 2439 646 2504 primuni.
695 2441 807 2490 Titanas
830 2438 905 2488 euim
929 2445 1028 2486 conti-u
1053 2439 1187 2488 Saturnum
1216 2472 1222 2487 .

167 2507 277 2578 genuit:
294 2508 426 2575 Gigantas
443 2514 537 2576 postea
554 2516 650 2559 contra
667 2510 768 2560 Iouem.
802 2508 839 2556 Et
861 2506 956 2555 ferunt
977 2505 1104 2570 fabulae,
1126 2504 1187 2553 Tita-

169 2594 219 2629 nas
237 2574 273 2627 ab
296 2577 367 2627 irata
384 2583 482 2626 contra
500 2573 565 2627 deos
582 2576 671 2628 'l'erra
688 2577 718 2626 iu
737 2576 786 2641 (al.
805 2575 859 2632 ad)
884 2572 942 2622 eius
967 2573 1103 2624 ultionem
1125 2587 1186 2621 crea·

69 2653 77 2663 '
167 2644 219 2696 los.
250 2645 327 2696 Unde
346 2657 372 2695 et
391 2644 508 2693 Titanes
525 2643 591 2694 dicti
607 2653 670 2695 sunt
685 2640 741 2695 aad
759 2639 806 2709 τῆς
823 2647 929 2702 tiosos,
954 2640 971 2691 i.
991 2660 1016 2692 e.
1035 2644 1071 2693 ob
1090 2641 1186 2691 idtioue.

167 2715 211 2766 De
228 2713 380 2764 bisantem
397 2713 469 2764 solus
483 2711 528 2763 Sol
545 2712 706 2766 abstinuisse
723 2720 853 2764 narratur
870 2711 905 2760 ab
922 2709 1027 2760 iniuria
1042 2709 1187 2760 numinum:

170 2782 243 2833 unde
260 2790 288 2832 et
304 2781 412 2832 coelum
436 2782 546 2832 meruit.
563 2806 597 2816 -
632 2788 693 2839 582.
712 2782 829 2832 Aloidas
847 2780 987 2845 gahamon
1014 2778 1113 2830 Aloeus
1128 2774 1187 2843 lphi-

169 2850 295 2901 mediam
318 2849 401 2916 (Lips.
419 2849 609 2916 iphigeniom)
634 2866 748 2901 uxorem
771 2850 881 2900 habuit:
907 2863 978 2914 quiae
1002 2862 1154 2914 compressa
1174 2858 1186 2892 a
1223 2866 1226 2875 ·

170 2916 314 2987 Neptuno,
337 2918 404 2967 dtios
422 2917 544 2988 peperit,
569 2918 674 2969 Othum
692 2927 722 2969 et
737 2918 894 2988 Ephialten:
923 2915 969 2981 qui
994 2915 1088 2981 digitis
1104 2926 1186 2965 notem

170 3005 220 3057 per
237 2984 358 3053 singulos
375 3002 482 3038 menses
499 2987 668 3037 crescebant.
703 2987 777 3038 Freti
800 2987 892 3052 itaque
910 2983 1068 3047 altitudine,
1093 2981 1187 3033 coelunt

172 3054 283 3105 voluere
307 3054 480 3106 subvertere:
512 3055 560 3105 sed
590 3054 687 3106 corsiixi
711 3064 773 3104 ¹<unt
796 3055 902 3103 Dianae
926 3058 955 3102 et
978 3052 1110 3120 Apollinis
1131 3049 1186 3100 telis

173 3123 290 3174 Aloidas
307 3129 401 3173 autem
417 3123 456 3172 sic
473 3121 553 3187 dixit,
577 3123 647 3173 sicut
663 3123 697 3173 (le
713 3123 830 3174 Hercule
849 3120 1115 3185 Amphitryoniades
1136 3115 1188 3169 dici·

146 3202 149 3207 '
172 3208 242 3243 ustis.
275 3191 345 3258 [Hoc
361 3190 390 3241 in
408 3190 459 3242 Od.
478 3187 510 3255 (h,
527 3190 599 3252 304.)
616 3193 754 3241 Homerus
768 3191 877 3241 scribit:
898 3186 955 3255 Τήν
972 3184 1000 3239 δὲ
1018 3185 1078 3255 μετ’
1094 3184 1188 3254 'Ipsus'-

172 3261 247 3314 desov
264 3279 289 3312 u.
307 3277 332 3312 s.
349 3254 386 3322 λ.]
422 3259 573 3319 Geraistos,
596 3260 637 3310 sui
655 3260 764 3310 similes.
782 3287 816 3296 -
851 3263 911 3314 585.
931 3256 1065 3308 Crudeles
1082 3272 1188 3325 poenos,

174 3347 281 3394 saevas,
304 3329 413 3379 nimias.
447 3328 521 3379 Nam
538 3343 594 3379 non
612 3329 678 3378 dicit
702 3329 837 3394 indignas
849 3327 1005 3394 ferentem,
1030 3327 1077 3394 qui
1095 3324 1189 3377 sacrile

173 3414 223 3466 gns
241 3398 300 3448 suit.
335 3397 498 3455 Sulmonem
516 3395 675 3449 Salmoneus
692 3397 767 3446 Aeoli
784 3398 853 3447 lilius
870 3395 929 3457 fuit,
947 3410 1003 3444 non
1023 3396 1095 3462 ragis
1113 3401 1191 3446 vento

173 3483 252 3529 sitm,
280 3467 327 3517 sed
350 3465 493 3517 cuiusdam
517 3465 589 3531 apud
611 3465 734 3528 Elidem,
758 3465 804 3515 uhi
828 3463 967 3530 regnavit:
997 3465 1045 3530 qui
1070 3463 1191 3515 tetricas

174 3541 258 3602 ponto
283 3549 381 3599 oere0,
403 3549 485 3603 super
508 3549 573 3584 eum
597 3532 721 3601 agitabat
736 3548 832 3585 murus
849 3532 885 3583 ad
907 3530 1045 3582 imitanda
1068 3532 1192 3583 tonitrus:

176 3609 204 3653 et
225 3602 254 3650 in
279 3617 362 3669 quem
385 3600 479 3653 fuisset
500 3600 632 3652 iaculatus
655 3604 761 3666 lacem,
785 3619 851 3653 eum
874 3599 990 3650 iubebat
1013 3602 1110 3652 occidi.
1151 3599 1192 3649 llic

175 3676 269 3737 postea
285 3686 381 3720 verum
399 3679 522 3739 expertus
538 3677 578 3720 est
592 3670 705 3721 fulmen.
725 3699 759 3706 -
794 3676 853 3728 588.
873 3669 1041 3734 Mediaeque
1059 3678 1124 3728 ctc.;
1140 3668 1194 3718 ltine

176 3737 265 3800 (codd.
290 3733 350 3801 hic,
373 3755 392 3787 s.
417 3738 502 3798 haec)
527 3744 567 3787 est
589 3737 756 3804 indignatio,
780 3739 852 3804 qtiod
876 3738 907 3788 iu
932 3755 965 3788 ea
986 3738 1097 3790 civitate
1113 3740 1194 3787 lovem

175 3803 351 3868 imitabatur,
374 3807 400 3856 in
426 3824 479 3874 qua
503 3804 657 3872 specialiter
680 3808 802 3876 luppiter
826 3807 931 3856 colitur.
950 3833 985 3842 -
1028 3812 1089 3864 592.
1111 3806 1193 3856 Densa

175 3874 249 3921 inter
278 3874 393 3938 nuhila;
420 3876 538 3926 ostendit
563 3874 686 3925 fulminis
711 3891 822 3926 corisum
847 3875 892 3941 [et
915 3874 1065 3938 originem.
1108 3875 1195 3925 Telum

176 3945 335 4008 contorsit,
350 3943 467 4009 proiecit
489 3958 553 3993 cum
577 3942 704 4008 impetu]
720 3971 754 3980 ·-
789 3951 851 4000 593,
870 3943 975 3992 Futura
994 3944 1122 4008 intuitio,
1147 3943 1162 3994 i.
1177 3957 1195 3990 e.

174 4014 292 4062 terreno.
326 4009 399 4061 Nam
414 4012 560 4065 aethereus
583 4010 655 4079 iguis
671 4020 750 4064 caret
767 4013 860 4064 firmo:
883 4012 940 4064 solo
968 4013 1045 4065 enisu
1061 4012 1195 4083 splendore
