2454 4500
107 282 147 363 ng
165 208 326 328 nucu.
347 258 520 327 anunm.
543 258 624 325 na.
647 259 706 339 111,
732 264 930 334 sas-scs.
981 262 1047 333 aar

55 466 155 525 rarum
173 451 271 533 ignem
287 446 360 504 hene
379 452 468 519 ignes,
484 446 551 521 quia
567 448 602 503 de
618 448 706 511 Aetna
721 444 896 519 loquebatur,
912 454 943 499 ut
958 445 1048 519 magis

55 534 146 571 ramae
167 536 226 572 mut
243 521 408 572 manifestae
431 519 532 572 tierent
555 516 633 571 coelo
649 518 767 571 lucente.
801 518 837 568 ln
856 518 966 580 nimhc;
983 532 1048 639 pro·

55 606 68 641 t
87 588 206 639 nimbus
222 597 280 653 est,
296 588 344 656 qni
361 588 478 641 deorum
495 587 538 643 vel
553 587 752 655 imperantium
769 584 861 659 capita
878 587 955 655 quasi
971 604 1048 641 cera

55 656 111 711 tola
135 656 246 711 ambire
271 655 411 725 fingitur]
451 652 553 708 Aethra
578 656 686 707 siderea
711 657 809 723 polas;
838 673 889 727 per
919 654 1049 709 aethram

55 742 165 793 ercam,
192 725 247 779 hoc
271 732 321 779 est'
335 740 387 795 per
408 722 588 796 splendorem
619 725 746 777 aetheris.
787 722 857 777 Sane
884 719 977 775 aether
1006 728 1049 777 est

55 810 100 845 nm
117 794 307 860 elementum,
330 792 427 844 aethra
444 808 509 847 vero
526 794 658 865 splendor
674 791 801 851 aetherit.
836 790 982 844 Sciendum
999 798 1049 859 est,

55 880 167 916 mertun
185 871 215 917 et
231 862 366 915 aetherem
384 871 412 914 et
429 867 522 915 a'e'rem
539 860 695 913 communis
713 861 824 931 generis
840 861 948 921 dicem
972 863 1048 931 quod

61 938 129 984 a'e'rc
152 946 205 985 uos
227 947 286 985 non
309 944 451 1002 possumne
475 928 576 984 dicere.
610 930 652 982 De
678 930 800 995 aethere,
823 929 918 982 aethra
940 928 1048 983 iactum

55 1038 60 1053 .
98 1000 139 1052 Et
159 1000 311 1055 secuudum
333 1001 472 1054 rationem
498 996 581 1053 istam
604 1005 694 1081 potest
723 1007 751 1052 et
779 998 871 1051 aether
896 1006 925 1051 et
949 997 1046 1051 aethra
1137 1058 1140 1063 ¹

55 1084 98 1121 nn
115 1086 190 1137 esse,
205 1077 238 1120 ut
253 1084 327 1121 nnnc
344 1066 380 1119 sit'
394 1086 445 1140 pro
464 1069 576 1122 aethere
593 1068 716 1134 sidereo,
739 1070 815 1137 [curn
831 1068 902 1121 coeli
917 1067 1048 1136 splendor

55 1136 108 1189 hee
131 1138 222 1191 dimus
244 1132 305 1203 tit]
328 1160 364 1175 -
404 1144 464 1196 587.
487 1137 553 1189 Noa
579 1140 756 1205 intempesta3
787 1133 894 1201 media,
923 1138 976 1189 hoc
1007 1140 1048 1201 eet

55 1206 132 1259 nium
150 1198 277 1259 ohaeure.
310 1204 477 1274 Intempesta
504 1206 578 1259 dicta
601 1214 641 1259 est
657 1222 711 1257 nox
727 1206 834 1271 media,
858 1205 1049 1276 [intempesti-

55 1274 80 1341 ,1
100 1275 262 1341 innotuere,
286 1291 383 1327 carens
406 1271 526 1341 actibus,
548 1289 600 1353 per
617 1290 685 1343 qttos
707 1282 836 1343 tempora
852 1275 1046 1343 dignoscimus.

55 1359 58 1391 :
78 1336 158 1397 enim
174 1339 320 1396 Lucretius
343 1348 384 1411 (l,
400 1344 487 1407 460.);
529 1361 576 1395 unt
598 1356 648 1414 per
664 1360 693 1395 se
716 1351 828 1414 tempus
844 1359 901 1396 non
917 1344 1046 1412 intelligi-

55 1429 74 1481 ζ,
87 1408 145 1467 nisi
161 1425 213 1481 pet·
230 1416 307 1467 actus
323 1405 467 1464 humanos.
533 1411 628 1465 edium
644 1420 738 1465 autem
754 1413 841 1467 noctis
858 1414 966 1481 temp'us
983 1420 1047 1466 actu

55 1488 97 1534 ret.
131 1480 209 1551 Ergo
227 1480 410 1548 Intempesta,
425 1478 582 1546 inactuosa,
599 1481 676 1551 qnasi
692 1483 752 1536 sine
768 1492 911 1550 tempore:
935 1483 988 1534 hoc
1006 1490 1048 1539 est

56 1557 163 1617 eactu,
180 1567 231 1619 per
248 1566 333 1621 quem
351 1549 520 1620 dignoscitur
537 1559 656 1622 tempus.
690 1552 768 1605 Unde
788 1561 837 1618 est,
855 1554 1047 1620 intempestive

55 1620 133 1685 usti,
154 1618 174 1671 i.
191 1637 216 1672 e.
232 1614 357 1688 ἀκαίρως.
392 1621 468 1686 Ergo
486 1621 647 1688 intempesta
665 1619 781 1688 dicitur,
804 1620 868 1688 quia
885 1629 962 1673 caret
977 1629 1048 1672 tem·

55 1705 89 1741 ra.
138 1684 229 1757 [Sane
251 1689 340 1740 noctis
364 1696 471 1759 septem
502 1697 629 1759 tempora
652 1698 807 1759 ponuntur,
837 1688 1049 1756 crepusculum,

55 1758 86 1809 ud
101 1763 133 1809 et
152 1754 256 1824 Vesper
263 1756 365 1822 ,·,Far,
382 1772 436 1825 qno
453 1758 559 1810 ltnnine
575 1758 773 1820 incenduntur;
792 1757 976 1824 Contrebiam,
992 1773 1047 1826 quo

55 1841 62 1877 t
83 1824 176 1895 quieti
198 1825 308 1878 damus:
334 1826 513 1893 Intempesta,
536 1828 554 1878 i.
579 1845 602 1878 e.
626 1827 733 1887 media;
760 1818 964 1889 Gallicinium,
992 1842 1047 1895 qno

55 1894 76 1947 li
98 1901 231 1956 cannnn
256 1894 464 1958 conticinium,
491 1903 687 1965 postestatum
711 1894 862 1964 gallorum,
890 1894 1048 1957 silentium3

55 1980 124 2015 rara
147 1962 192 2015 vel
214 1965 408 2029 crepusculum
434 1966 620 2028 matutinum,
642 1972 751 2035 tempus
774 1965 848 2032 quod
871 1972 941 2025 ante¹
960 1964 1048 2016 solem

55 2069 57 2083 .
94 2018 236 2101 Tericiae,
255 2033 332 2100 quasi
349 2048 461 2083 cursum
479 2033 537 2086 eius
550 2033 684 2085 derisitate
694 2033 739 2083 'sni
753 2032 843 2084 nimbi
856 2032 1003 2085 inhiberet.
1013 2059 1048 2070 -

55 2105 71 2156 l.
89 2098 331 2168 Humanumque,-
355 2102 401 2152 hic
424 2102 602 2172 participium
626 2101 745 2171 positum
769 2109 811 2152 est
827 2103 910 2153 verbo
935 2118 1048 2164 curerat

55 2182 75 2227 {o
88 2168 251 2220 humentem
269 2186 319 2240 pro
336 2170 491 2235 humidam,
507 2172 639 2239 qnoniam
655 2178 739 2220 noctu
751 2185 797 2220 ros
810 2169 903 2236 cadit]
935 2170 1048 2224 Aurora

55 2238 253 2289 'ttdt'mavcrat
271 2241 413 2305 umbram;
437 2240 699 2312 hystercnproteron
716 2239 746 2290 in
763 2254 851 2290 sensu.
884 2242 954 2290 Ante
972 2240 1048 2292 enim

55 2318 113 2359 'ortt
129 2315 181 2371 est,
197 2306 236 2358 sic
253 2308 355 2367 (Guelf.
367 2309 387 2359 l.
408 2321 432 2359 et
450 2310 501 2371 sic,
517 2307 611 2358 Burin.
630 2323 713 2374 quam
733 2308 781 2367 sit]
799 2307 864 2359 dies.
900 2306 1048 2375 [Umbram

55 2390 88 2442 o,
105 2374 175 2444 quia
191 2390 245 2426 nox
261 2376 362 2429 umbra
379 2385 472 2428 terrae
490 2376 598 2428 dicitur.
616 2404 650 2412 —
685 2381 745 2433 590.
764 2375 833 2426 Cum
852 2376 945 2427 subito
965 2395 978 2427 e
996 2379 1051 2429 sil*

59 2464 69 2510 ς
91 2444 228 2514 arguitur
250 2443 281 2495 in
304 2446 356 2497 huc
372 2443 581 2497 Achaemenidis
604 2444 789 2514 descriptione
808 2445 938 2513 Virgilius
961 2446 1050 2518 negli-

55 2512 121 2565 1tiae
138 2512 306 2565 Homericae
328 2514 509 2565 narrationis:
535 2513 624 2566 Ulixes
648 2515 724 2565 enim
742 2513 816 2565 inter
839 2514 919 2565 initia
944 2514 1049 2567 erroris

72 2581 112 2635 ad
135 2580 269 2657 Cyclopas
294 2582 380 2647 venit,
405 2583 640 2650 quemadmodum
664 2597 730 2651 ergo
754 2582 859 2634 Aeneas
882 2591 945 2652 post
966 2584 1049 2653 septi·
1100 2640 1103 2647 ,

55 2668 91 2702 nn
109 2666 225 2714 annum,
241 2666 326 2718 quam
344 2670 360 2703 a
379 2650 464 2702 Troia
482 2652 622 2718 proiectus
640 2659 687 2714 est,
704 2650 810 2702 cocitum
826 2651 909 2702 Ulixis
926 2652 1049 2705 invenit?

55 2719 179 2772 tesertim
195 2735 260 2769 cum
278 2736 343 2770 euin
359 2718 448 2770 tribus
465 2720 605 2772 mensibus
627 2719 657 2770 in
674 2720 788 2786 regione
807 2719 957 2788 Cyclopum
973 2722 1050 2775 dicat

55 2797 168 2851 ratum,
194 2793 222 2837 et
239 2803 303 2836 mox
320 2790 425 2840 Aeneas
449 2789 483 2840 de
500 2788 590 2839 Sicilia
615 2787 650 2838 ad
667 2788 789 2841 Africam
813 2789 916 2841 venisse
932 2790 1049 2842 dicatur.

55 2874 169 2923 prema,
194 2872 245 2923 pro
263 2855 403 2925 plurima]
420 2885 455 2893 -
491 2861 551 2913 591.
569 2855 650 2906 Nova
671 2855 770 2922 formet
795 2859 869 2919 viri,-
893 2857 964 2909 bene
982 2857 1048 2926 for·

55 2944 87 2975 zm
106 2926 167 2976 viri
183 2925 266 2988 dixit,
289 2939 345 2976 non
368 2925 527 2984 hominen13
551 2925 590 2990 [et
608 2932 650 2975 est
665 2925 832 3003 periphrasis
855 2941 907 2993 pro
932 2929 1048 2994 ignatus

55 3012 65 3045 ·.
101 2991 186 3044 Notm
211 3000 319 3054 etitem,
341 2993 486 3062 fugienda,
506 2992 587 3043 aliter
608 2991 676 3055 elibt
701 2991 835 3058 (4,10.):
858 2992 932 3059 Quis
957 3013 1048 3055 navus

55 3080 58 3106 τ
76 3065 201 3126 nostris,
224 3060 242 3111 i.
260 3078 296 3122 e.,
314 3060 475 3131 insperatus.
512 3062 582 3112 Item
600 3065 646 3126 (ὅ,
664 3061 749 3120 637.)τ
772 3061 924 3129 δαρἰοᾳιιε
944 3082 1049 3116 novum

55 3148 183 3197 tsurgm
203 3130 321 3192 hellam,
337 3130 355 3180 i.
375 3149 399 3181 e.
421 3130 621 3182 detestandum.
655 3131 725 3179 Item
751 3131 797 3195 (E.
819 3137 866 3196 10,
883 3132 953 3195 74.):
982 3132 1049 3185 Vere

55 3216 101 3264 co,
118 3204 137 3250 i.
156 3217 179 3251 e.
196 3197 355 3264 incipierite.
379 3199 448 3249 Item
466 3202 507 3263 (5,
523 3198 591 3257 78.):
610 3199 665 3248 cluo
684 3198 754 3247 lacte
773 3216 860 3263 novo,
877 3199 895 3250 i.
913 3219 936 3252 e.
953 3218 1050 3255 recen·

55 3286 57 3291 ·
76 3268 149 3320 item
168 3271 211 3334 (2,
228 3265 314 3328 796.):
340 3265 480 3317 Comitum
499 3266 655 3334 adfluxisse
675 3283 826 3333 novarum,
843 3268 897 3318 hoc
915 3276 955 3320 est
970 3269 1050 3338 igno·

55 3352 127 3391 um..
149 3336 250 3398 Cultu,·
268 3350 319 3403 pro
336 3333 454 3398 habitu]
469 3360 501 3372 -
536 3340 597 3392 593.
617 3335 734 3386 illuvies
750 3337 831 3401 δίνας
848 3335 943 3388 sordes
960 3338 1049 3404 (codd.

55 3422 108 3456 rm.
131 3411 162 3457 et
184 3404 217 3455 al
243 3421 322 3468 sors,
347 3404 438 3456 Guelf.
462 3403 482 3453 1.
507 3403 604 3455 sordes
627 3404 713 3466 terre)
735 3413 816 3457 tetra.
851 3405 1049 3476 [immissaque

55 3474 118 3537 tha,
148 3473 263 3541 qnidam
292 3472 411 3525 barbam
442 3471 594 3534 maiorem,
622 3472 710 3524 luctus
733 3473 866 3525 indicium
891 3492 908 3526 a
932 3477 1048 3542 Virgilio

55 3542 135 3593 utum
149 3540 371 3610 reprehendunt,
388 3557 453 3590 cum
469 3540 554 3591 Erotis
571 3556 626 3592 non
644 3542 748 3592 suerint
763 3543 836 3594 soliti
852 3543 968 3597 tondere
985 3546 1051 3598 bar-
1127 3580 1130 3587 ·

55 3627 88 3661 m.
129 3612 173 3661 An
200 3611 374 3675 immissam,
404 3608 560 3676 neglectam
588 3617 617 3661 et
638 3610 779 3678 impexam
801 3609 859 3663 acci
880 3611 990 3679 imusl]
1013 3643 1048 3653 —

55 3683 76 3736 4.
104 3679 270 3730 consertum
295 3690 402 3744 tegmen
426 3679 534 3743 spinis;
565 3677 702 3744 illigatum
725 3679 817 3747 spinis.
859 3631 931 3731 ilinc
955 3691 995 3733 est
1017 3683 1048 3737 in

55 3748 146 3800 re'ntio
172 3748 260 3810 (Etm.
278 3755 311 3811 2,
328 3755 360 3812 2,
377 3747 425 3807 5.):
453 3746 537 3798 Video
563 3748 702 3814 quendam
726 3760 830 3798 sertum
855 3748 900 3813 (al.
918 3752 1049 3821 sentum),
1114 3786 1115 3790 ,

56 3817 205 3880 ualidum,
234 3817 340 3884 pannis
372 3817 511 3883 annisque
542 3815 690 3880 obsitum]
740 3817 774 3867 Ae
809 3828 896 3871 cetera
924 3818 1048 3884 Graius,

55 3894 96 3938 set
125 3885 204 3938 enim
236 3901 415 3951 urnaquneune
446 3901 513 3952 gens
541 3885 694 3949 incessum,
724 3894 752 3937 et
775 3900 872 3938 vocem
896 3892 1047 3957 propriam.

55 3974 93 4007 ne
118 3967 208 4005 cetera
236 3951 343 4002 Graius
362 3968 372 3994 t
389 3970 471 4004 reeca
491 3954 593 4004 locutio
618 3961 672 4016 est,
696 3960 726 4002 nt
747 3953 901 4005 Sallustius:
925 3956 1047 4008 Sanctus

55 4022 94 4091 a]
116 4050 153 4061 —
189 4025 250 4081 595.
275 4021 316 4072 Ac
343 4022 458 4073 Troiam
485 4025 605 4087 missus,·
630 4028 679 4072 ant
701 4037 733 4074 ex
756 4023 883 4104 sequenti
906 4025 963 4076 eius
980 4041 1047 4076 can·
