2454 4500
148 286 183 329 ru
207 266 364 329 VIRGIL.
389 266 559 329 nauum.
580 266 660 343 tra.
683 265 767 339 VIII,
788 268 992 373 547-557-ι
1021 266 1086 333 489

10 464 33 497 ἓ·
66 448 145 519 genti
161 452 269 505 Aeneae
284 451 383 503 dicitur
399 452 460 517 (10,
477 450 567 513 239.):
591 450 653 503 Iam
671 451 732 503 loeo
750 451 830 501 insse
845 447 1011 521 tenetforti
1025 466 1085 515 per-

10 536 32 567 .·.
66 521 174 571 mistus
198 519 334 571 Hetrusca
357 522 443 570 Areas
468 538 557 583 eques.
580 546 613 557 -
657 524 717 577 549.
741 514 855 587 Segnis,-
879 519 937 573 sine
960 518 1086 585 remigio,

10 622 32 635 ..
65 587 97 709 ς’.
115 604 138 638 e.
155 604 277 649 cessans,
289 589 368 649 ,nihil
391 586 604 653 administrans]
636 588 673 639 Et
694 588 813 653 respexit
834 586 1086 653 addere-audentes,

10 674 26 705 ,¹
85 674 101 705 e
119 655 217 721 quibus
234 656 273 707 ait
289 657 368 722 (94.):
387 657 515 723 Remigio
531 669 687 721 nossemque
701 656 826 721 diemque
837 654 975 723 fatigant.
1008 652 1087 703 Licet

26 722 30 727 '
63 724 152 775 luerit
166 724 319 775 leuissimus
342 724 446 775 fluvius.
479 725 637 793 [Epitheton
654 739 720 790 ergo
737 724 774 775 ad
792 730 915 793 ternpus,
936 738 992 775 non
1009 719 1086 772 enim

25 832 28 837 .
63 788 178 857 ignavos
194 792 274 843 dixit:
297 801 344 843 aut
360 795 456 859 segnis
473 792 630 859 certe-quia
652 793 780 843 meliores
797 792 923 857 elegerat.
958 786 1084 857 Defluitp

23 902 29 909 .
63 858 209 923 deiertur,]
226 885 258 897 -
293 868 352 917 550.
370 861 490 923 ilerum,
514 877 582 927 quas
599 868 727 929 gesserat.
761 856 869 923 Putris,
893 856 941 909 ubi
958 852 1033 909 esaei.
1050 881 1086 895 -·

21 948 29 981 r
53 932 127 987 552.
143 926 288 989 Exsortem
300 930 420 989 Aeneae,
436 945 486 997 per
504 928 533 979 id
545 928 625 995 quod¹
634 945 690 979 non
707 938 748 980 est
762 916 875 991 iactum,
891 926 964 1001 quod
979 924 1086 1003 isurun

10 994 37 1049 ;'
63 1001 107 1045 ert
120 993 272 1059 iudicatum
297 1008 497 1065 perreesortem
512 1004 622 1061 autem,
644 996 778 1065 optimum
800 1004 829 1048 et
869 994 1027 1065 raecipuum
1051 1008 1085 1043 sr-

10 1086 26 1117 2
61 1060 184 1183 gnificat.
217 1065 370 1131 [Emortern
383 1074 485 1129 autern,
502 1072 538 1121 ut.
547 1063 677 1131 exlegem.
712 1064 748 1115 Et
758 1056 838 1127 multi
849 1012 902 1123 Ios
918 1062 978 1113 loco
992 1077 1086 1127 repre·

19 1158 27 1188 2·
84 1130 190 1181 endunt
205 1132 365 1199 Virgilium,
388 1133 435 1201 qui
455 1149 521 1184 cunr
544 1133 665 1187 Aeneam
688 1132 790 1201 ubique
812 1130 973 1191 Pontificem
997 1138 1085 1181 osten-

18 1246 22 1253 .
63 1196 123 1261 dat,
145 1198 370 1257 etl’ontilicibus
393 1216 448 1251 non
471 1200 554 1265 liceat
570 1216 646 1267 -equo
669 1200 744 1265 vehi,
772 1198 821 1251 sed
843 1215 941 1263 curru,
963 1197 1032 1249 sicut
1054 1196 1085 1249 in

25 1312 28 1317 .
61 1268 183 1334 septimo
201 1270 284 1330 (280.)
302 1286 319 1320 a
335 1268 434 1319 Latino
457 1268 484 1319 ei
499 1282 613 1319 crurum
635 1268 749 1319 missum
765 1266 843 1331 dicit,
865 1283 915 1317 cur
932 1270 1004 1333 equo'
1018 1278 1085 1316 eunt

21 1370 26 1378 ·
61 1333 73 1385 i
94 1350 154 1383 sum
171 1334 185 1364 *
202 1337 299 1399 (usum)
323 1337 419 1397 faciat,
442 1336 548 1387 dicens:
573 1336 835 1402 eueuureesornm
860 1336 980 1397 Aeneae,
1003 1336 1084 1399 quem

17 1444 24 1459 .,
53 1352 146 1469 dium
164 1402 254 1453 leonis
272 1402 355 1455 Pollis
375 1406 433 1456 obit
450 1398 537 1454 totum
554 1402 734 1471 praefulgens
753 1398 896 1471 unguibus
914 1403 1015 1452 eureis.
1049 1400 1086 1451 Et

59 1468 159 1535 (585.):
190 1470 304 1538 Iamque
333 1474 399 1523 adeo
432 1474 546 1523 exierat.
566 1474 656 1536 portis
680 1468 953 1539 equitatus-'apertis
977 1470 1083 1519 Aeneas

10 1588 14 1597 ,
61 1538 138 1588 inter
153 1540 274 1603 primos:
292 1542 367 1590 cuius
381 1539 426 1595 rei
442 1540 511 1591 haec
526 1538 650 1591 redditur
666 1539 750 1591 ratio:
766 1542 885 1593 Aeneam
903 1555 960 1590 non
976 1544 1085 1587 tanturn

10 1614 37 1663 ;’
60 1602 198 1657 Pontificii
223 1608 302 1672 iuris,
331 1608 378 1659 sed
401 1609 528 1658 omniurn
553 1623 694 1659 sacrorum
717 1614 745 1659 et
766 1610 886 1677 peritum
910 1615 938 1659 et
961 1606 1084 1675 primunt

10 1703 12 1709 ·
56 1672 158 1724 fuisse:
188 1674 332 1741 Virgilium
363 1684 457 1727 autem
486 1675 595 1725 inventa
616 1674 758 1727 occasione
784 1675 871 1727 ritum
894 1674 1084 1726 Romanarum

59 1740 284 1797 ceremoniarum
308 1760 457 1810 exponere:
479 1759 558 1794 more
582 1740 694 1803 etenim]
709 1742 795 1795 veteri
816 1759 972 1806 sacrorum,
993 1757 1083 1809 neque

58 1806 212 1873 Martialis,
227 1828 317 1877 neque
335 1812 483 1879 Quirinalis
499 1810 611 1863 Flamen
629 1810 755 1863 omnibus
772 1810 936 1877 cereinoniis
953 1808 1084 1861 teneban-

58 1882 123 1942 ιω,
145 1876 243 1955 quibus
260 1879 372 1931 Flamen
390 1880 491 1943 Dialis,
513 1896 549 1930 ne
569 1895 603 1929 ue
628 1879 731 1937 diurnis
755 1878 893 1931 sacrificiis
910 1878 1083 1930 destinaban-

58 1948 108 1993 tur
124 1944 290 2011 (dutmala),
300 1956 328 1999 et
344 1948 438 1999 abesse
456 1947 495 1999 eis
512 1965 528 1997 a
545 1896 645 1997 linibus
661 1946 756 1998 Italiae
771 1947 887 2015 licebat,
904 1962 993 2025 neque
1011 1961 1084 1998 sem-

56 2028 113 2082 per
137 2021 324 2082 praetextam,
346 2032 436 2082 neque
460 2014 583 2083 apicem,
603 2012 656 2065 nisi
678 2023 804 2083 tempore
827 2014 954 2067 sacrificii
976 2022 1083 2081 gestare

56 2078 135 2129 soliti
151 2088 245 2131 erant:
269 2084 343 2149 Ergo
366 2084 389 2134 si
405 2083 447 2135 ire
464 2083 548 2135 eisin
563 2082 733 2150 provinciam
748 2082 866 2149 licebat,
888 2091 916 2135 ot
932 2098 1002 2149 equo
1025 2082 1084 2135 sine

56 2146 195 2215 religione
212 2150 273 2200 vehi
289 2150 381 2217 licuit,
399 2150 472 2219 quod
488 2150 534 2201 liic
551 2150 668 2203 ostendit
683 2150 800 2203 velutin
817 2149 984 2222 provinciam
1001 2150 1083 2201 misso

56 2216 186 2282 Musae,
208 2233 311 2285 equum
328 2219 430 2271 datum.
463 2218 536 2271 Nam
553 2214 690 2270 Euander¹
703 2220 757 2270 buc
780 2220 819 2270 ait
841 2218 936 2285 (475.):
961 2218 1012 2269 Sed
1030 2218 1083 2284 tibi

55 2300 73 2333 e
95 2301 110 2334 o
137 2284 269 2351 ingentes¹
285 2288 403 2353 populos
428 2288 611 2354 opulentaque
636 2286 731 2355 regnis
747 2286 866 2355 Iungere
891 2300 982 2339 cestre
1005 2306 1084 2356 paro.
1150 2336 1153 2341 .

55 2301 167 2403 lisinae
183 2352 257 2425 inira
273 2356 307 2407 de
324 2363 457 2424 potestate
475 2355 639 2407 obtinendae
656 2354 811 2423 provinciae
833 2354 968 2409 subtexuit
988 2354 1082 2423 (505.):

55 2418 124 2469 Ire
157 2432 280 2472 oratores
308 2425 345 2472 od
377 2442 418 2473 me
449 2428 581 2493 regnique
608 2440 740 2476 eoronam
765 2424 834 2474 Cum
866 2437 969 2490 seeptro
997 2426 1083 2478 misit.

86 2502 136 2537 um
151 2491 321 2547 exornatione
337 2490 498 2562 interposita
514 2493 642 2543 hortatur
652 2496 783 2557 Aeneam,
799 2501 829 2543 ut
843 2492 963 2543 Etruscis
977 2508 1084 2561 regern,

55 2560 88 2607 at
104 2554 209 2609 ducem.
221 2558 438 2611 desiderantibus
455 2560 572 2628 praesit,
594 2560 634 2611 ait
654 2562 730 2612 enim
754 2561 852 2624 (511.):
875 2558 933 2624 Tu,
957 2563 1040 2610 euius
1058 2574 1091 2610 er

57 2625 163 2689 annis,
187 2628 325 2694 regeneri
336 2628 434 2696 fatum
453 2629 588 2695 indulget.
620 2628 750 2681 Incedere
767 2643 833 2695 ergo
851 2634 880 2679 et
896 2643 965 2695 equo
983 2629 1081 2681 merito

47 2691 101 2742 nn·
123 2692 225 2762 potuit,
247 2694 271 2745 si
295 2695 321 2745 ei
343 2696 385 2747 ire
408 2696 438 2747 in
460 2695 632 2776 provinciam
655 2695 695 2747 fas
718 2703 786 2747 erat.
818 2694 965 2745 Sciendum
987 2704 1082 2765 tamen

53 2762 170 2827 poe'tam
186 2770 348 2828 contentum
365 2780 422 2815 esse
439 2765 577 2816 diversum
592 2764 636 2812 Ius
652 2762 824 2827 Pontificale,
847 2762 914 2813 dum
930 2762 1003 2814 aliud
1018 2780 1081 2814 nar·

54 2834 117 2894 rat,
145 2828 308 2897 attingere]
331 2859 365 2868 —
415 2839 476 2891 553.
502 2830 587 2883 Pellis
613 2830 670 2887 obit
694 2842 797 2896 totum,-
827 2830 903 2899 pellis
932 2830 1081 2885 ostenditur

54 2896 219 2963 magnitudo
237 2898 267 2949 in
285 2915 333 2963 eo,
356 2898 429 2967 quod
446 2899 513 2952 dicit
528 2911 615 2949 torum
635 2898 706 2963 obit,
723 2898 758 2966 [i.
775 2917 800 2951 e.
817 2897 988 2963 circumdat]
1024 2898 1080 2949 Un'-

52 2966 162 3033 guidus
180 2970 290 3026 eureis;
314 2975 362 3018 aut
379 2968 443 3033 quie
460 2983 564 3035 ungues
580 2965 634 3032 ipsi
651 2981 716 3017 cum
732 2966 871 3030 aruerint,
894 2968 956 3019 auri
971 2968 1081 3020 imitan-

51 3034 257 3097 turcolorem,
280 3043 329 3085 aut
345 3035 410 3103 quia
432 3034 521 3088 solent
543 3033 679 3086 deaurari.
713 3032 811 3086 Statius
829 3034 929 3100 (Theb.
945 3040 978 3100 6,
994 3036 1082 3100 721.):

51 3100 132 3153 Auro
151 3114 346 3153 mansueverat
364 3120 481 3171 ungues.
494 3131 529 3140 -
564 3104 626 3161 554.
641 3100 739 3156 Subito
757 3104 890 3173 vulgatu,-
908 3114 958 3155 eur
974 3102 1083 3155 subito?

51 3165 122 3239 ipse·
136 3168 216 3221 dicit:
239 3170 316 3239 quasi
340 3188 391 3241 per
412 3188 525 3242 perram
548 3170 657 3224 urbem.
674 3197 709 3208 ·-
749 3178 809 3231 555.
829 3172 934 3234 Ocius;
956 3171 1084 3241 positivus

52 3237 183 3305 antiquus
201 3244 255 3303 est,
278 3236 296 3290 i.
314 3257 338 3291 e.
355 3240 488 3292 celeriter.
521 3240 580 3293 Neo
604 3238 681 3290 enim
698 3246 860 3309 potestesse
876 3240 1084 3307 comparativus,

53 3303 105 3356 ubi
127 3304 202 3357 nulle
218 3313 262 3357 est
283 3310 471 3377 comparatio;
494 3310 628 3376 [tractum
645 3316 739 3359 autem
755 3317 797 3361 est
813 3325 844 3363 ex
861 3306 969 3359 Graeco
985 3300 1086 3373 duur,

52 3374 110 3425 Aut
133 3375 334 3440 comparativus
384 3392 416 3427 ro
439 3376 553 3447 positivo
583 3376 722 3444 ponium]
744 3402 779 3413 -
824 3382 886 3435 556.
913 3374 981 3428 Vota
1006 3391 1081 3429 metu

54 3440 206 3506 duplicem
231 3455 349 3506 mutres;
363 3395 441 3497 bene
461 3456 535 3495 metu
553 3444 714 3510 duplicant,¹
738 3461 806 3496 narn
827 3444 1030 3514 inesteemper
1052 3446 1083 3499 in

52 3509 193 3561 matribus
214 3518 317 3561 votnm.
355 3512 528 3580 Propiusque
544 3513 648 3581 periclo
666 3512 693 3562 It
710 3514 808 3575 timor;
834 3512 955 3578 periclo,
971 3514 989 3565 i.
1007 3532 1030 3568 e.
1047 3512 1083 3568 ad

52 3577 211 3649 periculum
222 3578 340 3631 vicinus:
356 3589 404 3631 aut
416 3590 491 3633 certe
504 3580 530 3631 It
542 3584 626 3632 timor
638 3583 756 3647 propius
770 3582 884 3649 periclo,
899 3584 1016 3649 propius
1030 3600 1082 3653 pro

53 3648 186 3715 propior.-
203 3662 271 3697 narn
283 3656 388 3700 matres
402 3649 475 3716 quod
489 3648 657 3713 timenthoc
669 3658 767 3719 putant
779 3648 873 3701 liberis
886 3664 965 3717 posse
977 3652 1083 3703 eontin-

51 3730 130 3783 gere.
164 3715 228 3781 [Aut
243 3724 319 3767 certe
336 3723 468 3783 aequatur
484 3716 608 3789 periculo
624 3717 718 3782 timor,
733 3724 763 3770 et
778 3736 828 3787 per
844 3719 965 3771 dativum
982 3719 1083 3785 extulit,

53 3790 87 3833 ut
103 3781 150 3847 (G.
168 3787 200 3845 1,
219 3784 303 3843 355.):
326 3782 446 3848 Propius
469 3780 591 3849 sedbulis
609 3798 736 3837 armento
754 3798 891 3851 tenerent,
913 3792 961 3838 aul
976 3788 1082 3857 podiice

51 3848 121 3901 dixit
133 3851 264 3901 timorem
276 3851 399 3917 periculo
413 3851 563 3918 cognitone]
575 3880 609 3891 ·-
639 3860 700 3913 557.
707 3854 767 3904 Iam
783 3868 910 3923 appeten
927 3854 1017 3907 adhuc
1028 3856 1083 3907 illie

52 3916 232 3984 pergentibus
249 3917 306 3968 iam
323 3919 460 3986 praelium
473 3922 646 3991 cogitabatur
663 3940 680 3972 e
696 3922 837 3974 matribus.
871 3924 958 3992 [Ergo
970 3930 1002 3973 ut
1012 3924 1082 3975 solet

53 3987 224 4054 imaginem,
250 3981 301 4052 τήν
318 3990 481 4057 φαντασίαν,
506 3997 537 4041 ut
554 3997 595 4043 eet
611 3990 758 4059 (2,369.):
787 3990 823 4041 Es
838 3990 963 4057 plurima
981 3994 1079 4044 moesis
