2454 4500
182 268 218 310 n
241 221 596 340 vinem-nausia.
618 228 697 314 iia.
719 253 788 331 vu,
811 260 1005 326 oss-710.
1045 218 1158 335 caes

67 432 136 505 ipsis
159 432 222 485 iura
244 433 497 504 fetialiauollegit,
527 443 555 490 et
584 430 727 491 nonnulla
745 439 937 510 supplementa
960 439 1107 494 duodecim

68 501 230 554 tabularum
247 519 312 554 acce
332 503 366 555 it:
382 520 449 555 nam
466 503 502 556 ab
515 505 724 559 Atheniensibtu
740 507 838 561 decem
855 509 1010 562 habuerant
1026 511 1105 562 tabu·

51 570 118 625 ‘lau
136 598 170 609 -
190 576 272 650 ⁸696.
289 521 331 622 lili
348 570 474 624 Soractis
497 572 599 625 deberit
622 592 717 645 arces3
741 575 868 642 Soracte,
891 578 938 646 qui
962 585 1003 630 est
1024 595 1104 633 mens

67 641 146 708 apud
161 640 291 707 Hirpinos
307 640 383 693 haud
405 641 489 710 longe
505 659 523 694 a
539 643 687 697 Flaminia:
711 645 757 714 [de
780 659 835 714 quo
851 647 980 698 Horatius
997 647 1103 713 (Carm.
1119 672 1129 685 ·
1175 682 1176 685 =

65 712 102 773 1,
119 710 173 771 9.):
195 709 278 760 Vides
297 721 328 761 ut
346 710 403 760 alta
422 710 476 762 Stet
494 713 558 762 nive
576 713 729 765 candidum
746 708 890 780 Soracte.]'
912 714 1103 782 Flaviniaque

67 795 158 843 arva5
180 778 257 830 locus
275 778 361 831 estin
377 777 456 831 Italia
472 779 638 832 Flavininm
655 783 778 835 nomine.
794 808 829 820 -
863 789 924 842 097.
941 784 976 835 Et
994 783 1104 837 Cimini
1183 792 1198 843 ,’

65 861 133 896 cum
150 858 241 898 monte
259 847 370 910 lacum,·
396 855 424 899 et
439 848 528 915 lacus,
552 856 580 901 et
601 866 682 902 mons
705 851 759 904 hoc
781 851 896 905 nomine
919 870 954 923 ap
974 851 1100 908 ellantur.

64 913 140 968 Sane
157 916 211 968 hoc
228 915 314 967 habet
328 914 437 968 fatua:
455 916 606 985 Aliquando
619 918 751 977 Heroides
768 919 804 972 ad
820 919 870 971 lios
887 936 943 990 pop
974 937 1003 971 oe
1020 921 1102 989 venit,

108 982 115 995 ’
140 1000 205 1035 cum
228 1001 245 1036 a
268 983 381 1053 singulis
403 994 610 1054 provocaretur,
622 987 658 1040 ad
675 987 872 1041 ostendendam
888 990 1032 1056 virtutem,
1056 991 1102 1043 de-

60 1103 65 1109 ,
105 1053 156 1104 'sse
180 1051 230 1119 (al.
253 1051 402 1115 deiecisse)
432 1053 532 1106 dicitur
556 1064 663 1108 vectem
686 1058 812 1110 ferreum
835 1072 891 1126 quo
914 1059 1106 1111 exercebatur:

64 1120 124 1190 Qui
140 1137 205 1172 cum
221 1129 313 1173 terrae
330 1129 400 1174 esset
417 1120 524 1186 affixus,
548 1131 575 1174 et
599 1140 616 1174 a
640 1124 715 1178 nullo
738 1125 871 1197 potuisset
894 1127 1013 1194 auferri,
1036 1143 1103 1179 eum

62 1197 180 1258 rogatus
198 1191 310 1242 ssutulit.
339 1190 423 1243 'Unde
447 1191 584 1244 immensa
600 1193 639 1243 vis
661 1209 749 1262 aqueae
771 1201 865 1247 secuta
888 1201 944 1260 est,
966 1194 1102 1264 01180θί·-

55 1260 177 1313 ‘minum
201 1259 302 1322 (Gueli.
318 1259 339 1309 I.
363 1258 551 1321 ciminicium)
573 1260 666 1312 lacum
687 1262 761 1315 fecit.
795 1260 939 1331 Locotque
958 1262 1100 1331 Capenos,·

62 1327 128 1397 [hos
146 1325 213 1377 dicit
229 1328 297 1378 Cato
315 1328 461 1379 Veientum
484 1328 635 1381 condidisse
658 1331 758 1382 asrxilio
780 1331 854 1399 regie
876 1332 1029 1402 Propertii,
1053 1333 1103 1402 qni

63 1412 115 1448 eos
134 1394 290 1463 Capenam,
307 1411 372 1446 cum
389 1396 581 1461 adolevissent,
605 1396 739 1463 miserat]
771 1399 852 1453 Unde
869 1407 897 1454 et
911 1412 995 1469 porta
1015 1400 1100 1468 Cape·
1122 1420 1124 1427 ’

64 1482 122 1531 na,
138 1480 208 1534 quae
225 1467 298 1516 iuxta
316 1465 451 1516 Camenas
468 1465 512 1532 (al.
534 1465 677 1531 Capenos3
701 1466 734 1518 L.
753 1465 896 1536 Carreum,-
921 1471 982 1520 Vos.
1004 1469 1100 1520 Came-

64 1533 133 1597 nas)
158 1541 213 1600 est,
235 1549 339 1585 nornen
363 1533 477 1599 accepit.
501 1559 535 1571 -
570 1539 630 1591 698.
649 1535 769 1604 Aequcti
794 1553 925 1600 numer03
950 1536 978 1588 di
998 1538 1047 1590 esti
1069 1537 1101 1591 iu

63 1601 202 1663 ordinem.
244 1602 332 1668 [Hinc
357 1619 555 1667 saepenumero
580 1605 691 1671 scripsi.
736 1602 796 1656 Hoc
820 1614 862 1657 est
885 1553 1011 1671 ordineff,
1034 1621 1100 1672 cqn·
1126 1645 1129 1649 .

101 1678 198 1723 uenter
222 1670 448 1738 (frequenteri),
469 1672 540 1722 sicut
563 1671 694 1739 decebat,
718 1670 950 1740 [rationabiliterJ.
969 1699 1003 1712 -
1036 1679 1099 1732 699.

61 1687 192 1861 icti
217 1740 291 1859 icc
304 1738 686 1874 ..trutinatione
701 1747 760 1861 ‘³¹2
776 1741 1099 1877 l..

62 1876 152 1941 525.):
168 1824 305 1942 iiiisuidis
323 1858 498 1941 innubilus
517 1877 590 1926 arsit
605 1875 700 1928 hacun
722 1895 745 1928 o.
782 1877 819 1928 Ut
834 1824 950 1929 diximus
966 1847 996 1928 s'u
1017 1849 1105 1930 ra.—’¹
1164 1932 1166 1937 .

61 1952 126 2004 700.
143 1943 178 1996 Et
195 1946 281 2011 longa
300 1960 420 1995 canoros
434 1944 514 1994 Dant
530 1961 580 2012 per
593 1946 666 1997 collo
682 1945 796 2010 modos5
813 1945 964 1998 secondum
977 1895 1098 1999 Plinium

62 2014 115 2084 qui
129 2013 170 2065 ait
185 2013 215 2064 in
232 2013 359 2064 Naturali
375 2012 510 2065 Historia:
536 2012 646 2078 Cycnus
664 2014 726 2066 ideo
751 2017 872 2065 suavius
890 2031 1003 2080 canere,
1028 2017 1097 2083 quia

62 2082 140 2136 colla
158 2083 244 2150 longa
262 2080 412 2150 et'inflexa
430 2080 546 2143 habent:
574 2093 599 2133 et
623 2098 733 2134 necesse
757 2094 799 2133 est
820 2082 986 2134 eluctantem
1004 2100 1098 2135 vocem

43 2170 112 2222 φιν
129 2152 247 2218 longum
269 2160 294 2200 et
305 2151 470 2219 flexuosum
488 2151 587 2201 carias
605 2151 716 2203 reddere
735 2151 948 2203 modulationes.
965 2177 1000 2189 ·-
1034 2157 1097 2210 701.

61 2221 152 2274 Sonat
176 2220 271 2270 amnis
296 2231 321 2270 et
337 2219 422 2284 Λεία,-
450 2219 595 2287 Caystrum
617 2219 666 2287 [in
682 2218 772 2287 Mysia
786 2217 924 2288 regione]
946 2219 1027 2287 dicit,
1050 2223 1105 2290 qui

10 2282 13 2287 ¹
60 2290 195 2344 cohaeret
206 2288 285 2340 Asiae
302 2287 407 2357 paludi:
425 2303 510 2356 quam
526 2303 592 2337 cum
607 2286 807 2356 significamus,
825 2307 843 2339 a
860 2288 942 2355 longa
961 2290 1014 2351 est3
1032 2303 1098 2340 cum

59 2361 98 2411 sit
113 2357 227 2420 brevis,
235 2357 257 2407 si
273 2356 445 2427 provinciam
460 2352 617 2425 significare
633 2356 813 2422 voluerimus,
837 2357 911 2426 quod
927 2357 1098 2426 significatur
1168 2414 1170 2419 ,

58 2427 92 2479 in
109 2425 268 2494 Georgicis,
285 2432 316 2475 ut
332 2431 375 2492 (1,
392 2424 478 2487 383.):
502 2424 588 2492 Aeque
605 2426 676 2475 Asin
695 2426 802 2476 circum
820 2425 963 2476 Dulcibus
982 2428 1014 2477 in
1031 2443 1097 2492 pra-

59 2497 101 2547 tis
120 2496 263 2547 rimantur
280 2506 361 2562 prata
380 2493 500 2560 Caystri.
537 2494 621 2561 [Nam
643 2508 709 2543 cum
725 2493 819 2545 Asiam
846 2494 880 2546 de
899 2492 1040 2562 provincia
1057 2495 1099 2547 di·
1150 2507 1153 2520 ·

60 2565 152 2617 cimtu
176 2581 195 2612 u
220 2563 309 2614 brevis
336 2568 391 2627 est,
416 2570 447 2612 ut
471 2567 504 2627 (3
513 2599 521 2626 ,
539 2560 587 2624 1¹.):
612 2559 761 2625 Postquam
781 2578 824 2612 res
842 2560 947 2627 Asine]
966 2588 1000 2600 -
1034 2567 1097 2621 705.
1171 2616 1176 2636 ¹

62 2633 219 2685 Volucrum
239 2647 389 2682 raucarum
397 2653 407 2695 ,·
433 2646 551 2682 raucum
568 2623 624 2682 eutr
640 2633 727 2694 μέσων
744 2637 799 2694 est,
823 2630 885 2697 (ἠοο
907 2637 961 2695 est,
985 2630 1096 2683 mediae

57 2700 293 2770 significationis)
310 2701 381 2751 sicut
396 2715 482 2766 grace
497 2698 583 2750 olens.
616 2698 689 2750 Nam
705 2697 823 2766 legimus
840 2697 918 2764 (6.4,
935 2697 1005 2762 31.):
1025 2695 1097 2749 Gra‘-

57 2774 136 2824 viter
152 2771 290 2837 spirantis
310 2770 391 2834 copia
410 2767 555 2834 Tymbrne.
589 2763 738 2818 Sciendum
753 2773 863 2831 tamen,
886 2767 1032 2834 Virgilium
1044 2783 1097 2831 ,se-

56 2838 186 2893 cundum
206 2853 317 2898 rnorem
333 2835 490 2904 provinciae
506 2849 570 2886 suae
593 2832 731 2885 locutum:
755 2833 787 2885 in
804 2849 859 2900 qua
875 2832 946 2886 bene
964 2841 1095 2887 canentes
1152 2864 1159 2874 .

56 2906 143 2976 cycni
159 2907 304 2958 rauciores
321 2905 421 2972 (Gueli.
437 2905 458 2954 Ι.
475 2903 536 2953 Vos.
556 2903 725 2964 rauciones,·
751 2903 832 2953 rauci
850 2901 979 2966 elensi)
996 2917 1097 2955 vocau-

28 3026 33 3039 ,
55 2986 116 3029 tur.
151 2975 219 3043 [Est
234 2981 330 3027 autem
345 2974 415 3025 haec
432 2969 547 3024 Homeri
564 2967 750 3039 comparatio,
774 2985 859 3039 quam
882 2971 940 3041 ipse
957 2970 1043 3023 etiam
1060 2971 1095 3024 de

40 3038 238 3113 'cycnisiacit
255 3043 299 3110 (Il
317 3046 352 3111 β,
368 3040 454 3104 459.);
482 3035 542 3092 Τῶν
565 3031 624 3090 ‹i'oic
641 3055 666 3091 κ.
683 3055 709 3091 e.
727 3034 765 3103 l..]
782 3063 816 3080 υ·
850 3045 911 3098 706.
928 3039 998 3090 Ecce
1014 3038 1095 3091 sati·
1195 3099 1201 3105 ,

57 3128 182 3176 norum,
206 3119 321 3178 usurpat
343 3111 405 3162 hoc.
438 3109 513 3160 Nam
530 3106 662 3173 Clausus,
684 3104 853 3158 Sabinorum
875 3108 943 3172 dux,
987 3115 1029 3157 ost
1052 3123 1096 3158 ex·
1135 3120 1138 3124 ·

55 3176 137 3236 actos
153 3195 233 3249 reges
247 3196 312 3230 cum
329 3176 450 3248 quinque
466 3175 587 3228 millibus
602 3175 736 3227 clientum
752 3182 784 3227 et
802 3176 958 3227 amicorum
1002 3191 1098 3229 omum

54 3249 150 3314 veuit,
179 3255 210 3301 et
231 3256 369 3317 susceptus
385 3245 573 3309 ,habitandam
596 3251 707 3314 partem
732 3243 808 3305 urbis
830 3244 951 3310 accepit:
982 3260 1015 3296 ex
1038 3259 1093 3312 quo

58 3318 186 3372 Claudia
204 3324 233 3369 et
247 3316 335 3368 tribus
353 3322 394 3368 est
409 3323 438 3367 et
459 3313 565 3366 familia
581 3312 733 3365 nominata.
770 3310 866 3365 Prisco
886 3313 917 3361 de
935 3313 1094 3379 sanguina

56 3389 97 3441 de
120 3387 240 3454 antiquis
256 3384 370 3436 Sabinis.
386 3410 421 3422 -
454 3391 516 3440 707.
535 3380 674 3449 Magnum
693 3397 809 3499 namen,-
833 3376 948 3462 ‘reptet
1013 3379 1019 3391 '
1040 3396 1095 3450 que

57 3455 151 3508 millia
173 3454 314 3507 clientum.
337 3481 374 3491 -
406 3455 469 3510 709.
492 3450 601 3501 Partem
626 3451 692 3501 data
737 3467 801 3501 ema
846 3450 956 3511 abinis3
1000 3464 1032 3500 oc
1057 3448 1093 3500 de

58 3525 118 3578 alia
136 3523 225 3577 traicit
246 3522 369 3575 historia.
408 3520 483 3572 Nam
505 3527 567 3590 post
588 3517 754 3571 Sabinarum
773 3512 902 3589 raptum,
930 3522 960 3569 et
988 3518 1094 3569 instram

52 3596 137 3647 'inter
152 3592 305 3644 Romulum
323 3600 351 3643 et
367 3588 463 3641 Titum
480 3587 593 3640 Tatium
608 3587 704 3640 foedus
721 3586 873 3656 receptiin
890 3585 989 3638 urbem
1000 3583 1095 3638 Sabini

57 3668 140 3715 sunt:
162 3661 209 3712 sed
225 3662 278 3712 hac
295 3660 372 3728 lege,
395 3657 472 3710 utin
489 3655 617 3708 omnibus
634 3664 725 3709 essent
740 3655 811 3707 cives
828 3653 966 3718 Romani,
982 3661 1095 3722 excepta

57 3729 188 3798 suffragii
209 3730 314 3781 latione
338 3724 439 3794 (Gueli.
455 3727 476 3778 1.
492 3724 525 3777 II.
550 3724 622 3786 rat).
656 3722 729 3776 Nam
751 3723 927 3792 magistratus
943 3737 1000 3774 non
1017 3736 1095 3775 crea·

56 3801 185 3853 bant-
218 3804 279 3856 710.
299 3796 444 3847 Amiterna
463 3795 579 3858 cohors5
596 3793 787 3848 deAmiterno
806 3792 914 3861 oppido.
948 3789 1095 3909 Priscizue

59 3867 207 3937 Quirites,
230 3867 251 3918 i.
268 3884 292 3918 e.
308 3863 411 3917 Sabini.
448 3862 539 3915 Prisci
556 3871 649 3915 autem
665 3862 743 3928 ideo,
766 3861 832 3929 quia
848 3867 910 3930 post
925 3859 1021 3911 foedus
1061 3858 1093 3910 iti

59 3936 157 4007 (Tatii)
174 3943 203 3989 et
214 3934 328 3985 Romuli
344 3930 455 4003 placuit,
473 3939 504 3982 ut
520 3931 598 3998 quasi
614 3947 683 3982 unus
700 3931 735 3982 de
750 3924 953 3981 duohtu'iieret
964 3927 1093 4047 {apulus

58 4007 142 4060 Unde
166 4013 195 4058 ct
212 4002 337 4070 ¹Romani
360 3999 488 4067 Quirites
512 3999 578 4052 dicti
602 4007 679 4065 sunt,
708 3998 782 4068 quod
804 4013 907 4050 noman
928 3995 1094 4048 semorum
