2454 4500
197 282 237 327 tu
257 258 416 327 tmoli„
435 258 610 327 suumn.
630 258 712 325 tut.
734 260 778 340 li,
799 262 994 337 tta-7⁵8.
1059 261 1124 329 173

81 448 283 519 distinguunt.)
298 474 334 487 ··
368 454 430 507 733.
454 448 665 517 Propinquaut3
689 461 746 497 non
770 443 837 497 dicit
858 448 923 511 qui,
946 460 998 513 pro
1018 454 1061 499 ter
1083 463 1124 501 so·

88 528 225 591 quentem
241 518 275 571 de
291 516 494 587 Corybantibus
519 517 718 569 oeconomiam.
757 510 864 576 Cerno5
887 464 1022 583 [nonnulii
1040 533 1126 585 qaue·

62 594 170 655 ¹,rurit,
194 603 227 639 ex
250 586 326 637 cuius
348 602 467 657 persona
491 602 576 639 cerno
600 585 705 635 dictum
729 581 771 631 sit
805 580 869 647 Sed]
891 582 969 633 altius
986 584 1125 638 intuentes

92 652 184 709 Cerno
201 658 313 709 Aeneae
329 654 397 707 dant
413 650 515 721 (Guelf.
530 656 552 707 Ι.
571 668 652 705 cerno
672 648 821 713 casatam
844 656 884 719 (ut
900 650 958 721 ipse
974 652 1048 704 hunc
1065 670 1125 707 ver·

91 740 154 777 tum
177 724 275 777 dixisse
297 724 430 775 videatur.
456 748 490 761 ···
531 728 593 781 735.
617 720 720 773 Nescio
745 720 820 787 puod
844 720 966 787 trepido;
989 724 1134 775 excusatio.

92 802 133 847 est
148 790 276 861 coniugis
298 788 408 859 longius
432 788 587 844 derelictae.
622 790 657 841 lit
674 790 747 841 beno
771 790 865 838 nescio
892 789 966 856 quod
984 792 1037 857 ait,
1060 790 1126 861 qnia

91 860 143 915 hoo
161 868 260 927 postea
276 878 294 913 a
310 859 458 912 simulacro
474 858 564 911 uxoris
579 857 720 924 agnoscit.)
755 856 832 907 Male
847 860 985 923 amioum,-
1003 859 1126 929 [iratnm,

93 936 123 981 ut
146 929 243 996 (23.):
276 928 365 979 Statio
391 930 463 979 mals
481 927 546 997 fida
572 922 707 989 aurinia]
748 924 812 975 Nun
835 942 899 977 cum
922 928 1039 979 utilitate
1062 946 1127 984 mea

92 996 185 1052 furens
202 996 294 1062 rixari,
338 1012 389 1047 uae
406 996 435 1047 in
452 1008 602 1049 numerum
619 994 808 1045 ministrarum
826 998 922 1046 matris
939 996 1021 1047 duim
1037 998 1126 1053 relata

91 1074 138 1126 est.
152 1090 189 1103 —
222 1071 285 1125 736.
301 1015 439 1128 dientem
456 1062 636 1117 memoriam:
655 1071 685 1113 ut
701 1058 782 1131 paulo
799 1070 860 1131 pont
875 1060 950 1131 [sit]:
967 1064 1025 1116 Neo
1042 1070 1126 1133 prius

93 1136 230 1187 emissam
250 1134 365 1200 respexi.
382 1158 417 1171 -
452 1138 512 1190 738.
529 1130 635 1182 Fatone
653 1144 743 1195 erepta
763 1130 884 1196 Creusa,
902 1134 970 1184 ordo
987 1142 1041 1185 est:
1058 1136 1126 1189 Fato
1160 1128 1165 1139 ¹
1218 1144 1221 1151 '

93 1212 191 1273 erepta
208 1204 312 1255 Creusa
330 1202 506 1263 Substititne,
528 1200 665 1253 erravitne
682 1200 732 1250 via.
766 1199 829 1251 Iton
847 1202 922 1253 enim
938 1202 1047 1253 nulum
1068 1208 1126 1257 sm,

94 1271 320 1325 esse'suirtatnm:
346 1286 412 1319 eum
436 1268 556 1322 audierit
573 1274 669 1333 (777.):
692 1268 760 1319 Nou
785 1266 851 1317 liaeo
869 1271 930 1320 sine
949 1274 1065 1322 numine
1083 1275 1127 1327 di.

94 1358 159 1395 oum
182 1340 333 1391 Eveniunt.
356 1364 392 1375 -
430 1342 493 1395 74οε
518 1336 576 1388 Noc
600 1350 663 1403 post
687 1338 779 1387 oculis
805 1349 844 1387 est
869 1339 976 1390 reddita
1004 1346 1125 1407 nostrin

93 1414 205 1461 oonstst
242 1406 315 1461 Nam
338 1405 470 1459 umbram
494 1405 552 1458 eius
570 1403 637 1457 vidit
658 1402 857 1457 tantummodo.
892 1408 1030 1475 (Alioquin
1048 1426 1127 1465 men·

92 1476 213 1531 uebatur
231 1476 364 1529 dicendo:
392 1493 449 1527 nou
467 1474 549 1537 uidi.)
566 1498 601 1513 —-
634 1478 696 1532 743.
714 1472 769 1524 Hic
788 1474 913 1541 domum
939 1475 984 1527 hic
1008 1494 1063 1531 una
1079 1480 1127 1533 de·

48 1552 54 1559 “
92 1546 158 1613 init,
182 1546 263 1599 aliter
286 1544 384 1595 vitium
408 1552 456 1597 est.
490 1540 571 1609 (Huc
595 1544 672 1595 enim
694 1543 786 1594 dicere
810 1543 915 1595 debuit.
960 1543 1039 1609 Una;
1062 1547 1081 1601 i,
1099 1567 1126 1603 e,

91 1616 163 1677 solu
195 1622 223 1667 et
247 1612 354 1665 videtur
377 1612 530 1683 improprie
555 1612 590 1663 de
619 1612 772 1663 neccssaria
795 1626 913 1679 persona
938 1630 995 1663 una
1019 1614 1126 1685 dixisse,

92 1700 163 1753 quus
179 1700 238 1735 non
255 1678 295 1732 sic
312 1680 396 1746 debet
413 1680 569 1743 numerari,
594 1680 670 1749 quasi
688 1696 806 1732 numero
824 1678 959 1747 defuerit,
982 1684 1029 1735 sed
1048 1686 1127 1753 quasi

91 1754 208 1805 effectus
225 1749 360 1811 dolentis;
384 1750 446 1801 sola
465 1766 543 1799 emm
560 1749 595 1801 de
618 1744 711 1798 multis
734 1747 905 1817 intelligitur.
922 1774 957 1787 ·-·
990 1756 1051 1810 744.
1073 1753 1125 1807 co.

93 1834 190 1885 mites,-
214 1827 311 1869 utrmn
335 1824 433 1869 natum
450 1824 479 1869 et
495 1818 601 1881 virum,
625 1834 661 1867 an
679 1815 828 1886 separatim
845 1816 927 1881 ulios,
949 1836 984 1871 an
1008 1822 1127 1877 famulos

91 1886 195 1951 diuiti)
230 1886 407 1953 Natumque,-
435 1886 482 1954 qui
505 1904 558 1956 per
574 1892 693 1937 aetatem
712 1892 833 1936 matrem
851 1884 1007 1940 desiderare
1023 1890 1128 1947 delue-

91 1966 141 2011 rst.
179 1952 347 2021 (Virumque
354 1977 364 2019 ,-
381 1955 487 2008 videtur
511 1972 650 2006 excusasse
668 1953 832 2005 oblivionem
855 1971 948 2021 suam,
971 1965 998 2010 et
1015 1958 1126 2029 culpam

93 2026 126 2081 td
150 2025 220 2079 deos
243 2024 388 2086 rettdisse.)
429 2018 624 2089 Deorumque3
648 2020 840 2093 hypermetrus
861 2040 951 2075 versus
974 2026 1039 2093 [est‚
1062 2029 1126 2083 ideo

92 2112 125 2149 us
151 2096 178 2147 si
202 2096 285 2145 dodra
303 2108 355 2160 per
373 2092 525 2162 genitivum
541 2092 677 2162 pluralem
694 2091 814 2156 diceret,
836 2086 1039 2161 ὅμοιοτέλευτον
1054 2098 1128 2153 iace·

92 2160 154 2231 ret]
188 2162 328 2230 (Dicendo
346 2171 440 2213 autem
458 2178 538 2228 quem
557 2172 699 2226 noireto,
722 2160 768 2211 dut
791 2160 843 2213 sibi
868 2166 1036 2229 amentiam,
1059 2168 1127 2235 quis

93 2232 121 2285 iu
137 2234 237 2285 furore
251 2231 386 2283 incusavit
401 2229 467 2281 deos
484 2230 583 2295 etiam,
607 2229 681 2298 quod
704 2245 860 2297 nunquam3
885 2248 949 2283 cum
967 2235 1042 2285 enim
1060 2238 1128 2291 dixit

111 2318 190 2365 uem,
212 2314 271 2351 non
294 2298 473 2367 intelligimus
496 2298 581 2350 etiam
604 2296 695 2359 deos.)
719 2322 753 2334 —
787 2304 848 2357 746.
876 2298 942 2352 Vidi
966 2305 1126 2371 crudelius,⁸

93 2318 165 2425 iens
189 2384 220 2421 se
244 2369 352 2421 futurus
376 2367 553 2419 commendat
576 2367 707 2430 maritus,
739 2368 804 2435 (qui
828 2368 900 2437 apud
929 2370 1064 2424 seminam
1087 2375 1127 2427 sio

93 2436 213 2492 ostendit
234 2436 359 2507 priorem
381 2454 411 2489 se
435 2446 542 2488 amasse
567 2434 704 2496 uxorem)
727 2462 763 2474 ·-
796 2440 858 2495 tis.
887 2438 964 2489 Valle
990 2444 1127 2507 recondo,-

93 2506 136 2562 hic
152 2507 215 2559 iam
233 2503 386 2557 ostenditur
402 2505 490 2559 nimia
507 2504 661 2556 multitudo.
679 2529 713 2541 -
746 2508 808 2562 749.
826 2504 938 2570 (Urbem
958 2523 1062 2577 κριτος
1080 2511 1129 2581 qui

93 2574 265 2643 ⁶(quidam)
284 2584 372 2637 repeto
391 2590 443 2639 pro
462 2586 578 2641 repetere
596 2586 689 2625 statuo
707 2574 864 2643 acuipiunt.)
898 2576 933 2626 Et
952 2580 1050 2645 cingor
1061 2582 1126 2649 sul.

92 2646 227 2713 gaeutilrus
244 2644 351 2703 ormis3
373 2642 397 2694 si
420 2651 541 2695 armatm
565 2650 639 2706 erat,
662 2657 746 2709 quare
772 2642 894 2709 cingor?
928 2644 1058 2699 Solvitur:
1081 2649 1128 2703 hio

92 2714 125 2767 sd
142 2712 415 2769 sauromatarum
455 2711 560 2762 idcirco
583 2719 691 2763 scutum
708 2728 765 2763 non
781 2710 896 2779 habeat,
927 2715 992 2783 quia
1015 2725 1128 2785 patrem

94 2791 120 2835 et
144 2782 239 2835 filium
268 2776 361 2847 [non]
389 2778 572 2831 continuerat.
612 2779 708 2844 (Licet
729 2780 919 2847 intempestive
943 2784 995 2852 ful
1015 2789 1128 2839 entibus

92 2850 208 2916 dixerit,
231 2856 326 2901 tamen
344 2854 433 2913 potest
454 2848 621 2916 significasse
638 2856 745 2897 scutum
763 2856 792 2899 et
807 2849 934 2916 galeam,
951 2804 1049 2919 quiin
1065 2856 1129 2909 solis

93 2926 239 2983 caruerat,
255 2924 365 2990 patrem
382 2924 494 2986 portans
512 2915 644 2968 etlilium
661 2914 783 2978 ducens.)
800 2944 834 2955 -
868 2926 930 2976 750.
947 2922 1007 2971 Stat
1025 2940 1127 2991 aasus3

92 2990 201 3057 placet,
225 2994 256 3037 ut
279 2990 342 3050 (12,
359 2985 445 3046 678.):
470 2984 530 3035 Stat
554 2985 693 3053 quidquid
710 2985 840 3035 acerbum
865 3000 919 3052 est,
941 2988 1033 3042 Morte
1056 2996 1127 3061 pati.

94 3084 126 3097 -·
160 3062 227 3115 752.
251 3054 381 3107 Obscura
399 3055 501 3105 limina
509 3077 518 3119 ,·
543 3061 592 3106 aut
613 3071 664 3123 per
687 3061 799 3113 noctem
822 3054 952 3109 obscura:
979 3068 1026 3110 aut
1052 3070 1129 3115 certo

93 3124 232 3199 posticum
256 3121 373 3173 Limina
396 3122 539 3191 significat.
562 3148 597 3159 -
638 3129 699 3181 753.
722 3121 814 3189 [Qua3
841 3139 892 3191 pro
917 3126 1008 3192 unde]
1041 3129 1127 3184 Retro

95 3198 244 3249 obseruata
268 3209 385 3258 aequm,-
408 3192 517 3259 relego,
540 3198 617 3243 retro
640 3206 741 3257 sequor
765 3208 829 3243 mea
851 3194 972 3263 vestigia.
988 3224 1024 3233 —
1063 3205 1125 3257 754.

95 3264 218 3315 Lumina
243 3260 350 3321 lustro;
374 3261 466 3311 oculos
482 3258 664 3320 circumfero,
690 3263 757 3324 (non
774 3260 852 3312 enim
867 3263 958 3314 facem
974 3265 1050 3318 serre
1067 3277 1129 3334 pot·

95 3342 169 3399 erat,
185 3328 253 3399 quia
270 3329 452 3401 proderetur.)
470 3354 503 3366 —
538 3334 598 3386 755.
616 3328 682 3392 Ipsa
701 3329 831 3393 silentiam
857 3330 916 3399 ipsa
933 3348 1002 3401 quae
1019 3342 1126 3393 terrere

95 3418 151 3457 uon
167 3398 288 3462 debent,
305 3398 453 3466 praecipue
471 3397 543 3448 inter
561 3397 659 3447 hostes.
694 3395 747 3448 Sed
764 3406 794 3448 ut
810 3398 941 3465 diximus,
957 3404 1127 3457 naturalibos

95 3478 206 3525 tantm
224 3468 304 3520 cedit.
321 3492 356 3504 -
390 3470 451 3523 756.
468 3465 499 3516 St
517 3466 589 3532 forte
606 3467 716 3533 pedem,
733 3468 761 3517 si
771 3466 866 3535 sarm
891 3468 1035 3525 iteratione
1053 3475 1128 3527 exixit

95 3538 309 3594 dubitationem.
342 3534 490 3585 irruerant
506 3522 607 3584 Danai
615 3552 622 3595 ;
647 3550 714 3601 quos
738 3536 827 3588 Venus
849 3544 913 3589 ante
937 3540 1128 3606 prohibuerat.

94 3608 173 3661 Unde
191 3613 248 3657 est:
273 3604 307 3654 Et
331 3605 364 3654 ni
388 3620 447 3652 mea
474 3620 543 3654 cura
570 3605 688 3653 resistat.
705 3631 740 3641 -
774 3609 835 3663 758.
852 3604 949 3673 llioct‚·
972 3610 1128 3679 confestim,

94 3676 138 3731 hic
155 3673 296 3745 significat
311 3680 339 3726 et
356 3672 442 3724 ilico:
468 3672 516 3724 sed
538 3673 621 3724 metri
642 3668 749 3725 ratione
774 3673 922 3728 variantur.
956 3677 1070 3731 Summa
1088 3682 1128 3733 od

91 3746 169 3817 justi
190 3746 222 3795 ia
239 3754 336 3805 uento,-
360 3740 408 3811 qui
425 3749 508 3809 auget
523 3740 666 3807 flammas,
688 3747 732 3791 ut:
755 3742 845 3793 Veluti
868 3761 933 3795 cum
950 3747 1066 3801 flamma
1081 3751 1126 3802 fu·

94 3762 223 3868 renaudus
246 3811 352 3863 aratris.
398 3809 528 3879 Fastr'gio
552 3818 646 3864 autem
668 3809 751 3860 modo
775 3809 809 3862 de
832 3815 989 3869 summitate
1012 3818 1128 3901 proprie

94 3884 174 3939 dixit:
191 3878 263 3935 alibi
277 3897 328 3951 per
345 3880 515 3932 contrarium
531 3880 565 3931 da
581 3879 654 3945 imo,
672 3884 701 3928 ut
718 3887 758 3929 ast
775 3879 820 3943 (G.
837 3888 869 3948 2,
885 3881 974 3948 2230:
991 3885 1126 3940 rmum,

95 3966 121 4005 et
144 3949 295 4009 scrobibus
320 3965 391 4017 quae
407 3952 468 3999 siut
484 3948 610 4017 fastigio
629 3964 756 4016 quaeras.
791 3946 858 4003 Indo
881 3960 923 4003 est
945 3955 988 4020 (E.
1006 3959 1039 4020 4,
1056 3954 1125 4019 513:

97 4020 268 4087 Costumque
290 4016 482 4091 profundum¹
504 4016 581 4089 quusi
603 4017 679 4070 cuim
704 4031 788 4087 porro
811 4016 847 4071 sit
868 4020 982 4075 iundtu:
1006 4040 1072 4077 oum
1088 4025 1124 4078 do
