2454 4500
74 312 78 321 ,
138 282 175 326 a
194 261 351 349 man.
366 231 545 329 samio.
567 221 649 326 iia
672 263 756 341 viu,
776 250 984 371 sia-sss.
1013 267 1078 341 473

39 445 156 515 aunei]
171 442 207 489 -ῑ
240 455 308 510 328.
321 449 401 502 Tune
420 464 522 503 manus
539 450 700 513 Ausoniam
722 460 818 504 omnes
833 456 926 505 terrae
942 368 1079 532 habitabi>

38 535 104 584 res,
128 527 176 571 aut
200 519 346 588 indigenae
364 520 409 586 (al.
427 522 555 586 incolas,
580 521 671 574 Gueli.
688 521 789 574 innc.
810 520 911 587 sunt),
933 528 981 572 aut
998 521 1078 573 adva-

39 604 113 655 nae,
134 596 183 640 aut
199 604 353 653 convenae,
375 592 434 656 [aut
450 589 557 642 incolae
581 588 675 654 sunt3}
700 588 852 656 indigenae
869 595 932 639 sunt
949 590 1014 639 inda
1027 605 1078 667 -ge-

40 660 116 720 niti,
137 659 229 725 [quos
246 665 345 709 vocant
367 657 530 724 Aborigines
552 658 660 724 Latini,
683 656 786 709 Graeci
808 645 1023 722 Αὖτόχθονασ,]
1047 664 1079 707 ut

27 724 141 793 [idem]
158 725 192 789 de
209 726 309 777 Faunis
326 725 408 778 dixit:
425 727 548 777 advenae
566 726 601 778 de
618 741 673 787 uno
690 726 752 777 loco
769 727 921 778 venientes:
939 734 970 778 ut
986 726 1090 778 setun.

37 809 108 845 niis:
124 811 264 845 convenae
282 795 316 846 de
334 794 455 860 diversis,
472 798 631 847 utAusones
648 803 676 846 et
693 793 796 856 Sicani,
814 795 948 864 [quamvis
985 796 1078 846 uidam

37 862 163 915 Ausones
188 863 397 930 cognominatas
422 862 458 914 ab
480 866 588 916 Ausone
611 863 695 915 Ulixis
718 870 746 915 et
769 858 942 923 Circealilio
965 811 1079 928 dicant]

38 928 134 982 Sicani
151 928 244 983 aute‘m
260 932 414 984 secundum
437 932 582 984 nonnullos
598 932 694 1003 populi
710 940 773 983 sunt
788 932 936 999 Hispaniae
960 949 977 984 a
993 929 1078 982 fluvio

37 997 130 1049 sicori
147 999 248 1066 (Guelf.
265 1002 287 1052 1.
304 1000 436 1062 sicorids)
459 1000 534 1052 dicti.
568 1001 697 1053 Lucanus
714 1003 756 1069 (4,
774 1001 841 1062 14.):
863 999 1016 1070 Hesperios
1035 1001 1079 1050 irs·
1157 1014 1160 1025 ¹

38 1080 84 1118 aar
101 1067 208 1119 Sicoris
236 1086 294 1120 nan
318 1070 437 1119 ultimus
463 1072 558 1135 amnis
583 1071 625 1137 (V.
642 1066 724 1122 Fab'r.
747 1066 781 1121 aL
798 1069 914 1132 amnes).
948 1069 1078 1121 Hi'duce
1167 1115 1169 1120 .

37 1136 131 1187 Siciilo
149 1146 283 1189 venerunt
300 1138 335 1190 ad
352 1138 476 1201 Italiam,
501 1146 529 1191 et
546 1154 611 1190 eam
626 1145 776 1190 tenuerunt
793 1139 903 1191 exclusis
921 1137 1079 1209 Aborigini-

38 1203 101 1256 bus.
134 1204 200 1256 Mox
216 1205 270 1274 ipsi
287 1206 357 1276 pulsi
374 1207 409 1259 ab
433 1206 486 1258 illis
503 1222 571 1276 quos
588 1214 652 1260 ante
676 1207 856 1277 pepulerant,
878 1207 998 1260 insulim
1015 1204 1079 1258 vici-
1107 1220 1113 1227 ·

36 1288 109 1326 nam
126 1274 221 1326 Italiae
241 1283 462 1346 occupaverunt:
492 1285 520 1328 et
543 1293 610 1340 eam,
631 1274 777 1327 Sicaniam
802 1292 819 1347 a
842 1276 932 1345 gentis
955 1275 1079 1342 nomine,

29 1342 172 1406 Siciliam
196 1359 260 1395 vero
285 1359 302 1393 a
326 1345 403 1396 ducis
425 1345 539 1397 nomine
563 1345 888 1425 dixeruntznuanquam
905 1343 1078 1414 Thucydides

37 1413 87 1477 (6,
103 1412 138 1471 2.)
156 1412 244 1481 dicat,
268 1411 302 1464 de
319 1412 410 1465 Sicilia
427 1413 527 1471 Italum
544 1429 642 1482 regem
659 1429 781 1480 venisse,
799 1423 827 1466 et
843 1413 879 1466 ab
897 1429 930 1467 eo
950 1431 1007 1466 esse
1024 1414 1077 1465 Ita·
1169 1450 1172 1461 .

36 1479 110 1532 liam
134 1481 309 1550 appellatam.
344 1482 407 1550 [Alii
430 1481 470 1533 sic
493 1482 664 1552 distinguunt
687 1482 822 1548 Sicanae,
844 1490 873 1535 et
895 1482 1093 1551 subiungsmts.

35 1548 161 1615 Saepius
172 1560 204 1599 ¹et
222 1566 323 1611 nomen
340 1553 436 1617 posuit
452 1550 588 1602 Satuinia
607 1551 698 1603 tellus.
732 1550 824 1609 Sarna]
841 1551 917 1606 enim
935 1550 1027 1615 Sicani
1044 1567 1077 1603 ex

37 1617 171 1683 Hispania
199 1618 229 1670 in
252 1619 362 1670 Italiam
385 1619 491 1672 venisse
514 1620 656 1681 dicuntur;
685 1626 715 1670 at
743 1618 823 1673 Italia
850 1620 933 1701 plura
962 1619 1078 1673 nomina

34 1683 155 1752 habuit,
178 1686 252 1737 dicta
270 1696 311 1739 est
327 1688 402 1739 enim
419 1689 566 1756 Hesperia,
590 1687 723 1754 Ausonia,
746 1686 1026 1755 saturmafvitalis]
1042 1710 1080 1728 -'

37 1762 104 1811 330.
121 1755 248 1814 immani
263 1773 376 1823 corpore
396 1756 523 1825 Tybris-3·
538 1756 591 1814 hic,
601 1757 757 1810 Tuscorum
779 1773 827 1810 rex
850 1755 917 1823 fuit,
939 1757 987 1826 qui
1004 1758 1079 1810 iuxta

36 1821 115 1875 hunc
137 1824 401 1895 iluvium.pugnans
425 1826 541 1891 cecidit,
568 1832 597 1878 et
620 1826 645 1877 ei
668 1841 773 1879 nomen
796 1825 941 1894 imposuit;
983 1822 1025 1879 rel
1047 1833 1079 1876 ut

36 1891 155 1960 quidam
182 1891 279 1963 solunt
309 1912 326 1946 a
349 1894 455 1947 Glauco
479 1894 582 1947 Minois
605 1893 678 1961 regis
701 1895 757 1946 filio
783 1896 887 1947 occisus
912 1901 960 1946 est.
1023 1893 1080 1946 Alii·

36 1960 147 2027 volunt,
169 1961 253 2012 istum
269 1962 361 2033 ipsum
377 1979 475 2031 regem
497 1963 692 2016 latrocinatum
709 1981 767 2017 esse
784 1963 859 2014 circa
881 1961 962 2014 huius
985 1962 1079 2014 flumi-

36 2028 83 2082 nis
98 2032 185 2100 ripas:
204 2038 233 2082 et
248 2032 453 2084 transeuntibus
466 2033 580 2085 crebras
596 2031 710 2094 iniurias
726 2031 865 2092 intulisse;
882 2031 956 2083 unde
972 2030 1077 2100 Tybris

36 2099 119 2166 missi
142 2091 220 2168 ὕβρις
243 2098 331 2151 dictus
349 2108 404 2166 est,
427 2097 483 2154 aiud
507 2094 557 2169 τῆς
580 2092 696 2170 idaeos,
721 2101 739 2153 i.
757 2119 780 2153 a.
805 2099 841 2153 ab
858 2098 969 2153 iniuria.
1003 2100 1078 2152 Nam

36 2166 174 2220 amabant
188 2166 325 2234 maiores,
342 2169 391 2221 ub'i
408 2172 539 2239 aspiratio
558 2177 625 2236 erat,
642 2189 657 2222 s
674 2187 787 2240 ponere,
804 2170 846 2239 [ut
862 2164 947 2234 sart,
967 2181 1068 2238 septem

35 2236 82 2288 vel
98 2235 130 2303 h,
147 2244 179 2287 ut
193 2230 304 2305 Ἑλένη,
322 2236 440 2293 Helena.
474 2239 527 2291 Alii
544 2237 671 2292 Tiberini
691 2239 922 2306 (Tiberinum,s.
936 2238 1065 2290 'Tiberim
1135 2234 1138 2239 ’
1206 2228 1208 2233 ’

32 2304 100 2359 tani
117 2313 146 2357 et
163 2305 336 2360 Camasenae
353 2307 483 2375 (Cames‘.)
505 2307 594 2360 filium
610 2308 651 2360 ibi
674 2309 705 2360 in
721 2307 794 2360 bello
812 2306 927 2377 periisse
948 2308 1078 2362 tradunt}

35 2373 127 2425 Varro
153 2373 271 2441 Tybrim
295 2394 311 2427 a
335 2377 476 2444 Tyberino
500 2377 623 2446 quodam
644 2393 712 2447 rege
733 2376 914 2442 Latinorum,
938 2376 1011 2445 quod
1035 2377 1077 2428 ibi

33 2440 177 2495 interierit
193 2443 298 2494 dictum
316 2446 422 2511 tradit]
454 2447 522 2505 Alii,
539 2454 570 2497 ut
586 2462 618 2496 su
637 2465 670 2499 ra
688 2453 728 2512 (3,
746 2448 818 2508 500.)
836 2444 966 2509 diximus,
984 2445 1078 2498 volunt
1150 2482 1153 2499 .

34 2526 85 2563 eos
102 2510 151 2580 qui
167 2512 201 2564 de
214 2504 310 2565 Sicilia
318 2522 461 2581 venerunt,
479 2515 589 2584 Tybrin
605 2465 701 2568 dixisse
715 2513 750 2566 ad
763 2511 974 2565 similitudinem
986 2514 1091 2568 fossae¹

33 2578 241 2648 Syracusanae,
265 2598 351 2650 qiiam
373 2584 500 2636 iecerunt
528 2600 579 2654 per
604 2583 745 2635 iniuriam
761 2583 821 2634 Afri
845 2589 873 2633 et
895 2581 1076 2636 Athenienses

31 2647 111 2701 iuxta
128 2649 243 2701 civitatis
265 2667 388 2702 murum.
422 2652 497 2704 Nam
514 2652 589 2719 quod
605 2651 697 2703 Livius
715 2650 794 2714 dicit,
816 2649 851 2703 ab
876 2649 983 2701 Albano
1007 2666 1075 2719 rege

37 2717 180 2783 Tyberina
201 2718 311 2785 Tybrin
335 2719 454 2784 dictum,
475 2735 533 2772 non
555 2720 696 2790 procedit;
717 2718 797 2781 ideo,
819 2717 884 2786 quia
909 2718 993 2772 etiam
1010 2728 1075 2772 ante
1117 2755 1118 2758 =

31 2786 136 2840 Albam
154 2787 258 2855 Tybris
282 2787 370 2839 dictus
393 2788 540 2839 invenitur.
579 2786 644 2855 [Sed
666 2787 712 2839 his
736 2785 921 2839 Alexandrum
943 2788 1076 2857 sequitur,
1153 2798 1157 2811 ¹

33 2855 85 2923 qui
102 2855 180 2923 dixit,
203 2857 376 2924 Tyberinum
394 2855 491 2925 Capeti
512 2854 602 2907 filium
625 2863 788 2919 venantem,
809 2854 839 2905 in
861 2854 936 2907 huno
959 2855 1075 2908 fluvium

33 2923 183 2987 cecidisse,
207 2933 236 2978 et
258 2924 343 2976 fluvio
365 2940 472 2977 nomen
487 2924 601 2977 dedisse.
635 2923 709 2976 Nam
733 2930 761 2976 et
778 2940 794 2975 a
811 2921 987 2975 Pontificibus
1004 2925 1074 2978 indi-

34 2993 121 3060 gitari
137 2992 214 3045 solet.¹
230 3019 266 3030 -
301 2997 363 3050 331.
383 2991 449 3044 Post
466 2993 556 3056 Itali,··
574 2991 661 3045 etiam
676 2992 807 3044 Euander
824 3008 854 3044 se
869 2991 971 3045 Italum
988 2992 1075 3061 dicit]

33 3069 152 3123 7:332.
171 3063 276 3113 Albula
295 3078 413 3125 namen,-
432 3063 577 3130 antiquum
594 3060 647 3113 hoc
664 3077 768 3114 nomen
786 3077 803 3112 a
818 3061 910 3127 colore
922 3060 1074 3114 habuit.-

32 3137 105 3188 333.·
116 3128 164 3180 Μι
181 3131 296 3198 pulsum
313 3133 424 3198 patria,
447 3138 509 3194 aut,
526 3138 557 3181 ut
573 3129 689 3182 discimus
705 3146 804 3201 supra,
827 3139 942 3201 propter
979 3131 1074 3184 errici·

30 3198 127 3257 ilium:
150 3208 199 3250 aut
222 3208 298 3252 certe
323 3199 500 3251 oraculorum
523 3198 686 3263 necessitate
704 3198 887 3270 compulsum.
922 3147 1075 3267 Padagiqua

33 3279 176 3332 extrem,-
194 3267 211 3320 i.
231 3287 269 3333 e.‚
286 3267 356 3336 [aut]
374 3285 424 3335 per
442 3275 566 3320 extrema
582 3267 675 3338 pelagi
691 3276 799 3320 actum:
816 3273 871 3331 aut,
888 3274 920 3318 ut
936 3267 1003 3320 dicit
1016 3268 1075 3320 Do-

32 3345 130 3401 natus,
153 3354 202 3406 per
219 3336 333 3404 pelagus
350 3344 473 3388 extrema
488 3344 665 3405 sequentem,
688 3343 720 3386 ut
742 3336 837 3404 pelagi
853 3334 1015 3388 adverbium
1032 3337 1076 3406 sit,

32 3407 94 3474 [aut
111 3405 209 3475 proin
226 3405 341 3476 pelago,
357 3413 406 3456 aut
421 3405 514 3474 pelagi
530 3403 676 3473 pericula]
689 3430 722 3443 -·
757 3408 819 3462 334.
837 3403 964 3456 Fortuna
983 3409 1075 3458 omni·

33 3486 149 3543 potens,
167 3487 191 3524 es
209 3475 390 3525 ineluctabile
402 3474 517 3542 fatum,-
540 3473 695 3526 secundum
711 3471 815 3525 Stoicos
832 3471 937 3524 locutus
954 3483 1009 3543 est,
1025 3475 1075 3544 qui

33 3542 112 3595 nasci
135 3550 163 3593 et
186 3543 259 3594 mori
283 3543 346 3595 fatis
370 3541 450 3594 danti
479 3543 573 3595 media
597 3541 704 3608 omnia,
726 3542 863 3594 fortunae.
905 3541 979 3595 Nam
1003 3544 1073 3613 vitae

30 3611 175 3664 humanae
190 3611 298 3663 incerta
315 3617 378 3662 sunt
395 3611 498 3663 omnia.
531 3611 610 3663 Unde
629 3619 659 3665 et
675 3608 799 3676 miscuit,
816 3617 847 3661 ut
864 3611 941 3679 quasi
959 3613 1073 3679 plenum

33 3680 194 3732 ostenderet
217 3679 328 3748 dogma.
369 3680 442 3731 Nam
467 3678 538 3732 nihil
562 3688 621 3731 tam
644 3679 817 3732 sonnatium
841 3685 883 3731 est
906 3680 964 3731 fato
988 3698 1073 3751 quam

30 3765 126 3800 casus:
157 3748 204 3800 sed
227 3749 379 3800 secundum
404 3748 509 3801 Stoicos
533 3748 607 3800 dixit.
650 3747 720 3816 [Alii
737 3747 862 3816 fortuna
871 3749 878 3805 ζ
887 3751 1073 3818 omnipotens,

30 3824 149 3887 propter
166 3819 263 3885 fugam
276 3826 305 3870 et
317 3816 444 3878 erilium3
461 3817 646 3868 ineluctabile
657 3817 756 3884 sarum
769 3812 864 3869 autem
877 3815 981 3869 idcirco
1000 3827 1032 3870 ut
1043 3837 1073 3885 se

29 3885 143 3938 sceleris
166 3893 194 3938 et
217 3885 361 3955 parricidii
383 3886 501 3938 crimine
524 3883 677 3955 pingeret]
693 3909 728 3922 -
769 3889 830 3943 535.
848 3883 950 3952 Egera5
975 3903 1074 3957 coege-

29 3962 113 4017 runt,
130 3963 161 4004 ut
178 3955 256 4022 quasi
269 3954 393 4006 ostendat
406 3954 456 4019 (se)
470 3953 595 4006 invitum.
609 3982 644 3992 -
679 3957 740 4011 336.
760 3952 917 4006 Carmentis
933 3955 1072 4025 nymphas

31 4025 158 4092 monita,
182 4023 280 4077 matris
305 4022 363 4091 eius
387 4023 439 4092 (ab
461 4017 613 4089 Euandri)
637 4024 720 4094 [quae
745 4022 901 4078 Nicostrate
924 4025 999 4079 dicta
1022 4032 1072 4080 est.
