2454 4500
161 278 226 361 sss
278 220 283 241 ἲ
349 203 353 227 ’
414 264 568 384 ¹saum
589 224 946 336 comminianus
1002 264 1056 319 ·.

159 458 197 536 (7,
213 459 283 527 52.):
301 457 410 509 Tantos
428 456 558 509 servabat
568 454 639 525 filia
657 457 750 523 sedes3
766 455 823 527 [vel
839 465 915 511 certe
932 471 1042 529 seruat,
1058 460 1154 516 hahet.
1168 491 1200 504 -

162 543 205 592 31.
224 530 338 583 Gremio
357 524 548 592 complectitur
565 542 646 593 assa,
671 528 749 594 quasi
771 527 808 579 de
831 535 922 581 matre
937 529 1020 597 dixit,
1045 540 1076 585 et
1093 535 1200 603 qaiaeri·

159 610 221 667 tur,
243 615 294 651 cur
309 598 364 649 hoc
380 597 537 659 Palimirns,
553 611 619 645 cum
635 595 671 646 ad
687 595 809 647 Siciliam
826 597 955 650 suaderet
971 599 1127 668 divertere,
1143 616 1197 655 noc

117 702 121 709 ·
159 669 276 734 dixerit,
296 664 352 717 nisi
374 666 447 717 forte
465 665 540 731 quod
562 663 649 715 luctus
665 665 778 716 Aenean
801 664 923 716 noluerit
937 668 1113 737 admonere,
1170 687 1197 721 o-

159 747 221 810 ptet
236 735 312 806 qnod
334 741 400 785 ante
425 737 468 799 (3,
485 731 570 796 702).
583 733 688 786 Aeneas
704 748 787 784 causa
804 734 903 795 mortis
919 745 1053 806 paternae
1072 738 1103 791 Si
1124 738 1130 751 '
1152 756 1197 791 am

161 822 240 861 oram
263 803 444 856 illaetabilem
461 799 581 865 dixerit]
598 827 633 839 -
666 809 710 858 32.
728 801 852 853 Secundi
868 803 1001 872 Zephyri
1007 827 1016 872 3
1035 808 1195 877 [quomoda

160 877 185 929 si
200 879 349 941 tempestas
371 877 428 929 est;
450 868 515 934 sed]
537 868 597 922 iarn
619 871 753 936 secundi,
775 879 839 941 post
860 873 1073 929 conversionem
1094 876 1195 946 navigii
1222 937 1224 943 Ι

104 958 110 974 ’
158 944 248 1013 (codd.
261 949 290 995 et
302 941 339 993 al.
355 939 458 1003 nanis.)
475 965 510 976 -
543 942 589 996 34.
604 939 641 990 Et
657 939 785 1003 tandem‚·
802 954 901 992 vacans
917 941 1119 1011 particulaest
1132 956 1194 997 ton.

100 1065 103 1074 ,
124 1012 128 1021 “
159 1016 235 1065 dem:
259 1017 291 1060 ut
306 1012 351 1076 (i,
367 1007 456 1072 331.):
477 1007 512 1057 Et
529 1024 583 1075 qno
601 1010 653 1059 sut
672 1009 748 1059 coelo
765 1011 892 1059 tandem:
915 1026 983 1063 nam
999 1028 1052 1066 cur
1075 1010 1194 1080 tandem,

157 1078 327 1134 oum'dicat:
349 1076 450 1130 Fertur
466 1078 523 1127 cita
538 1078 653 1144 gurgite
669 1076 796 1128 classis?
819 1077 879 1146 [ant
895 1081 1023 1147 andem,
1034 1081 1116 1145 ‚ideo
1131 1083 1194 1155 casia

158 1147 347 1217 navigantibus
364 1146 449 1199 etiem
466 1145 521 1197 cita
536 1145 674 1214 navigatio
690 1145 771 1196 tarda
786 1145 907 1214 videtur,
922 1157 973 1200 aut
987 1150 1107 1205 tandem
1121 1151 1192 1221 peri·

157 1219 226 1270 culis
252 1215 373 1270 liberati.
422 1214 520 1280 Laetis
550 1214 599 1283 qui
627 1213 658 1265 in
687 1223 814 1284 tempore
844 1223 1008 1288 tempestate
1032 1220 1190 1274 caruissent

145 1286 265 1350 .Notae,·
293 1292 376 1337 notae
400 1284 539 1348 harenae,
567 1282 605 1334 ad
625 1290 723 1345 notam
745 1285 904 1348 harenamr
926 1293 955 1338 et
978 1292 1080 1340 utrum
1105 1301 1190 1355 nome,

157 1354 249 1406 dulci?
273 1371 310 1406 an
332 1352 398 1421 quia
420 1353 479 1404 iam
500 1351 542 1402 ibi
564 1351 704 1421 fueramt
718 1360 758 1403 ut
773 1358 816 1420 (1,
832 1355 902 1418 34.);
929 1354 985 1406 Vir
1008 1360 1186 1426 econspictr

156 1423 270 1475 Siculae
294 1423 405 1473 telluris
429 1425 461 1473 in
484 1421 582 1472 cltum.
600 1448 636 1459 -
669 1424 713 1479 35.
731 1421 866 1486 Excels05
890 1428 986 1476 istrum
1012 1418 1130 1497 ἔνηφιν,
1154 1444 1186 1483 au

21 1552 26 1561 .
78 1538 80 1543 .
157 1509 191 1544 eo·
215 1492 288 1553 celso
312 1505 364 1561 pro
389 1487 530 1554 excelsol]
563 1488 707 1555 Miratus;
731 1490 755 1542 is
778 1492 826 1561 qui
850 1490 1020 1545 mirabatur:
1043 1504 1096 1549 aut
1116 1502 1185 1549 cette

15 1590 18 1597 ·
118 1593 126 1600 -
157 1561 280 1612 miratus
297 1561 429 1621 occurrit.
461 1560 510 1628 [Et
525 1558 597 1610 bene
618 1565 777 1626 temperato
799 1560 928 1612 usus'est
943 1561 1044 1631 verbo,
1067 1583 1106 1619 ne
1121 1565 1186 1618 vide·

155 1637 248 1696 retur,
277 1636 326 1681 etit
347 1627 426 1696 qnasi
447 1626 620 1697 inhospitalis
646 1628 756 1691 dolere,
786 1635 835 1679 aut
855 1628 977 1682 exultare
1000 1632 1061 1685 voti
1085 1634 1184 1686 nescim

154 1696 406 1762 Troianorumj-
441 1695 657 1758 37.Horridus;
673 1696 814 1749 terribilis.
849 1697 884 1747 In
899 1699 1021 1767 toruus,-
1040 1700 1083 1769 [in
1099 1701 1185 1766 hastis,

154 1766 268 1832 Ennius,
283 1763 594 1833 Levesqueseqnuntur
608 1763 765 1829 irritastis]
794 1764 955 1834 Libystidis
971 1785 1075 1835 ursae3
1091 1770 1184 1840 (Guelf.

153 1835 175 1886 Ι.
191 1851 243 1906 pro
258 1834 316 1887 his:
343 1836 415 1886 Cum
432 1834 527 1887 Africa
542 1850 622 1886 ursos
637 1849 696 1885 non
708 1835 837 1900 habeat,
861 1836 1008 1902 libystidis
1032 1839 1128 1894 civitas
1149 1846 1184 1891 est
1201 1886 1203 1891 ,

153 1901 276 1966 Siciliae,
292 1903 322 1955 in
340 1919 395 1972 qua
413 1903 469 1954 ursi
484 1903 599 1973 plurimi
615 1903 695 1965 sunt)
729 1904 784 1955 Aut
798 1920 831 1955 re
848 1920 912 1956 vera
930 1922 1030 1957 ursae.-
1049 1918 1101 1962 aut
1114 1910 1184 1962 ferae

152 1973 311 2038 Africanae,
327 1974 356 2042 [ι.
369 1991 392 2025 e.
408 1971 495 2033 leonis
512 1980 561 2023 aut
576 1971 664 2043 pardi.
681 1999 722 2041 ‘'.
750 1976 795 2028 39.
812 1970 880 2024 Non
898 1975 1063 2041 immemor5
1079 1978 1183 2046 liptotes

153 2039 252 2108 figure.
268 2066 304 2078 -
336 2045 381 2098 40.
401 2040 556 2106 Gratatur5
580 2040 694 2109 quidam
716 2050 847 2106 gratatur
870 2057 927 2093 non
950 2044 1121 2112 gratulatur,
1140 2045 1184 2097 ted

152 2109 271 2161 laetatur
289 2110 436 2179 accipiunt,
452 2116 483 2158 ut
498 2109 573 2177 qnod
590 2109 625 2161 ad
643 2107 830 2159 Troianorum
846 2117 941 2160 votum
957 2113 1084 2181 pertinet
1097 2115 1185 2167 iverit*

152 2178 188 2229 ad
201 2177 323 2230 Siciliam
339 2193 463 2229 reversus
477 2179 550 2245 quod
566 2179 602 2229 ad
618 2193 699 2227 suum
717 2177 843 2228 animum
859 2180 977 2246 gaudeat
995 2182 1105 2248 (Burm.
1118 2182 1182 2235 coni.

125 2300 126 2311 γ
173 2254 240 2312 ert,
264 2248 383 2298 noluerit
407 2245 528 2296 Siciliam
550 2263 674 2298 reversos
698 2251 744 2313 (sc.
763 2247 923 2314 Troianos),
947 2251 1021 2318 quod
1046 2252 1084 2303 ad
1106 2267 1126 2303 s.
1142 2269 1181 2303 an.

152 2262 198 2380 (σε.
215 2314 296 2382 pert.)
321 2316 364 2383 g.).
397 2315 528 2366 Pacuvius
551 2317 581 2366 in
604 2316 758 2366 Hermiona
780 2314 833 2365 hoc
856 2316 973 2368 verbum
998 2320 1106 2386 posuit:
1130 2321 1183 2384 llo,

151 2396 234 2450 atque
252 2387 360 2449 dicam,
376 2384 540 2452 frequentes
560 2397 590 2434 ut
606 2396 671 2434 eant
687 2396 829 2450 gratarum
848 2385 960 2452 hospiti.
997 2388 1097 2440 Accius
1114 2389 1184 2442 Pelo·

149 2452 234 2522 pislis:
262 2452 321 2504 Nec
339 2454 392 2503 tibi
411 2471 451 2503 me
477 2456 508 2503 in
526 2453 579 2502 hae
603 2471 631 2505 re
649 2456 761 2520 gratari
779 2453 868 2517 decet,
892 2455 1004 2522 quidam
1027 2464 1127 2510 tamen
1142 2476 1198 2510 rev

168 2520 326 2573 rehendnnt
354 2523 428 2590 qnod
458 2522 566 2590 penitus
595 2538 650 2573 non
676 2522 784 2574 dederit
806 2522 891 2574 verba
913 2524 1003 2576 Acesti
1026 2525 1182 2593 gratulanti.

177 2590 292 2656 educes,
315 2590 400 2642 salvos
418 2590 486 2641 alibi
510 2590 664 2658 (¹1,397.):
693 2590 729 2641 Ut
747 2592 860 2642 reduces
880 2593 925 2642 illi
943 2592 1069 2658 ludunt]
1107 2594 1181 2645 Gaza

148 2657 275 2724 Agresti,·
301 2658 398 2729 opibus
414 2660 568 2712 rusticanis.
601 2659 674 2710 Nam
689 2677 762 2727 gaza
781 2660 870 2712 omnis
887 2663 992 2712 fructus
1016 2671 1059 2714 est
1082 2663 1180 2731 (Burin.

148 2727 218 2777 coni.
232 2746 298 2778 nam
315 2743 413 2780 eorum
430 2744 504 2780 omn.
519 2745 595 2797 gaza,
610 2730 715 2779 fructus
732 2729 790 2789 est).
802 2755 838 2766 -·
870 2733 914 2786 42.
930 2730 1030 2781 Stellas
1043 2731 1179 2800 fugeram

147 2795 254 2864 poitice
271 2797 345 2848 dixit.
378 2797 453 2850 Nam
475 2798 497 2848 si
522 2799 618 2849 stellae
642 2798 677 2848 ab
696 2800 796 2850 stando
815 2797 904 2850 dictae
921 2807 999 2866 sunt,
1022 2800 1112 2869 [qnia]
1128 2817 1180 2853 noc

146 2867 286 2931 fugantur.
320 2866 435 2936 Semper
454 2867 530 2918 enim
547 2866 615 2919 fixae
633 2876 696 2919 sunt
720 2875 830 2934 praeter
855 2868 985 2936 planetas.
1020 2870 1069 2936 [Et
1087 2878 1128 2922 est
1142 2871 1180 2922 in·

146 2930 277 2984 dicativns
300 2936 398 2986 modus
422 2951 473 3006 pro
498 2934 669 2987 coniunctivo
701 2953 766 2993 cum
791 2937 912 3003 fugasset
939 2942 1126 3008 tempestates.
1148 2963 1180 2976 -

145 3007 189 3058 43.
217 3003 302 3054 Claro
327 3003 403 3070 dies,-
434 3005 469 3055 ad
493 3005 742 3072 comparationem.
766 3031 802 3043 -
842 3007 886 3062 44.
910 3003 1035 3056 Advocat
1059 3006 1180 3072 Aeneas,·

146 3071 282 3122 advocata
316 3075 392 3124 enim
422 3074 536 3143 proprie
566 3074 657 3126 contio
687 3071 814 3137 dicitur]
840 3101 875 3110 —
925 3077 969 3130 45.
992 3074 1180 3127 Dardanidae

147 3143 261 3207 magni,-
283 3141 461 3209 frequenter,
485 3148 517 3191 ut
539 3141 669 3207 diximus,
694 3143 729 3194 ad
752 3159 820 3210 opus
843 3157 925 3192 suum
941 3142 1074 3210 Virgilius
1092 3146 1179 3213 aliqua

144 3222 176 3259 eu
199 3206 316 3262 historia
338 3210 451 3263 derivat.
486 3210 559 3262 Nam
583 3209 623 3262 sic
641 3213 737 3263 omnia
753 3210 873 3276 inducit,
897 3210 974 3279 quasi
992 3210 1081 3265 divini
1096 3214 1179 3266 hono·

142 3290 187 3328 res
217 3279 355 3330 solvantur
384 3278 540 3341 Anchisae,
576 3295 645 3346 quos
675 3287 783 3331 constat
811 3278 881 3330 Iulio
912 3279 1024 3332 Caesari
1054 3282 1178 3335 tribuisse

142 3345 303 3412 Augustum.
337 3346 374 3398 Et
390 3348 462 3400 bene
480 3347 559 3399 dicit:
579 3345 675 3399 Gentes
694 3350 750 3400 alto
771 3366 788 3397 a
807 3351 949 3417 sanguine
964 3350 1073 3404 dicum.
1107 3352 1178 3402 Nam

162 3429 193 3464 er
215 3413 329 3466 tacitam
354 3414 547 3468 oeconomiam
565 3419 699 3483 ostendit,
722 3416 825 3469 debere
843 3418 979 3469 Anchisen
1003 3420 1116 3486 generis
1139 3420 1179 3472 sui

141 3428 281 3536 iionorem
298 3481 411 3537 mereri.
446 3484 524 3537 Unde
542 3492 583 3536 est
607 3490 659 3549 (9,
674 3487 762 3547 642.):
789 3485 858 3535 Diis
882 3488 975 3554 genite
1000 3499 1024 3536 et
1050 3491 1178 3556 geniture

143 3550 216 3601 deos.
252 3552 437 3620 Asanguine
454 3554 570 3619 divum
596 3552 693 3607 divum
719 3563 746 3606 et
771 3554 886 3605 deorum
910 3554 1105 3609 indifferenter
1122 3558 1178 3626 ple·

139 3632 259 3686 rumque
275 3621 355 3690 ponit
371 3627 468 3690 polito,
486 3639 656 3690 quamquam
673 3625 708 3676 sit
724 3622 869 3688 discretio,
893 3632 924 3673 ut
941 3623 1007 3674 deos
1025 3634 1176 3695 perpetuos

139 3685 282 3753 dicamus,
307 3689 387 3743 divos
414 3706 446 3744 ex
471 3688 630 3742 hominibus
653 3694 754 3755 factos,
779 3690 857 3760 quasi
883 3692 930 3759 qui
947 3692 1021 3742 diem
1049 3695 1178 3746 obierint.

138 3752 217 3805 Unde
241 3754 322 3808 dicos
346 3757 431 3811 etiam
455 3756 638 3829 imperatores
663 3777 797 3813 vocamus.
839 3758 990 3828 [Iuvenalis
1016 3765 1068 3828 (6,
1094 3763 1178 3825 115.)=

136 3819 255 3888 Respice
274 3826 385 3879 rivales·
398 3826 549 3893 divorum]
582 3827 636 3880 Sed
647 3829 734 3880 Varro
752 3835 780 3881 et
792 3828 896 3883 Atteius
914 3827 1016 3893 (Guell.
1028 3831 1049 3881 1.
1066 3831 1176 3896 Ateium

135 3888 169 3943 ll.
187 3889 344 3957 othateius)
369 3904 467 3948 contra
491 3895 626 3960 sentiunt,
649 3895 788 3961 dicentes,
810 3898 891 3948 dicos
915 3897 1080 3967 perpetuos,
1103 3901 1176 3965 deos,

136 3957 184 4027 qui
208 3968 326 4032 propter
350 3961 392 4016 sui
415 3964 652 4017 consecrationem
677 3967 826 4032 timentur,
854 3972 885 4015 ut
916 3972 980 4017 sunt
1002 3965 1041 4016 dii
1072 3983 1176 4031 manes,

135 4024 210 4097 qssod
232 4030 323 4100 mugit
344 4029 377 4087 iu
398 4029 562 4088 duodecimo
583 4032 677 4089 diceus
699 4034 809 4104 (139.):
849 4030 928 4087 Dira
952 4032 1034 4088 deam
1062 4038 1176 4106 stagnis
