<?xml version="1.0" encoding="UTF-8"?>
<!DOCTYPE html PUBLIC "-//W3C//DTD XHTML 1.0 Transitional//EN"
    "http://www.w3.org/TR/xhtml1/DTD/xhtml1-transitional.dtd">
<html xmlns="http://www.w3.org/1999/xhtml" xml:lang="en" lang="en">
 <head>
  <title>
</title>
<meta http-equiv="Content-Type" content="text/html;charset=utf-8" />
  <meta name='ocr-system' content='tesseract 3.04.00' />
  <meta name='ocr-capabilities' content='ocr_page ocr_carea ocr_par ocr_line ocrx_word'/>
</head>
<body>
  <div class='ocr_page' id='page_1' title='image "./commentariiinvi00liongoog_0519.png"; bbox 0 0 2454 4500; ppageno 0'>
   <div class='ocr_carea' id='block_1_1' title="bbox 162 274 1197 371">
    <p class='ocr_par' dir='ltr' id='par_1_1' title="bbox 162 274 1197 371">
     <span class='ocr_line' id='line_1_1' title="bbox 162 274 1197 371; baseline 0.02 -32"><span class='ocrx_word' id='word_1_1' title='bbox 162 294 199 340; x_wconf 69' lang='lat' dir='ltr'>a</span> <span class='ocrx_word' id='word_1_2' title='bbox 221 274 671 345; x_wconf 73' lang='lat' dir='ltr'>mammutium.</span> <span class='ocrx_word' id='word_1_3' title='bbox 696 284 781 358; x_wconf 76' lang='lat' dir='ltr'>vin,</span> <span class='ocrx_word' id='word_1_4' title='bbox 804 289 1000 358; x_wconf 73' lang='lat'><strong>677-681.</strong></span> <span class='ocrx_word' id='word_1_5' title='bbox 1043 276 1106 358; x_wconf 73' lang='lat' dir='ltr'>aaa</span> <span class='ocrx_word' id='word_1_6' title='bbox 1192 353 1197 371; x_wconf 88' lang='grc'><em>,</em></span> 
     </span>
    </p>
   </div>
   <div class='ocr_carea' id='block_1_2' title="bbox 10 448 1211 4109">
    <p class='ocr_par' dir='ltr' id='par_1_2' title="bbox 10 448 1211 4109">
     <span class='ocr_line' id='line_1_2' title="bbox 10 448 1106 581; baseline 0.012 -70"><span class='ocrx_word' id='word_1_7' title='bbox 10 448 31 498; x_wconf 63' lang='lat' dir='ltr'>b&#39;</span> <span class='ocrx_word' id='word_1_8' title='bbox 54 517 56 529; x_wconf 54' lang='lat'>,</span> <span class='ocrx_word' id='word_1_9' title='bbox 68 460 158 581; x_wconf 44' lang='lat' dir='ltr'>{quod</span> <span class='ocrx_word' id='word_1_10' title='bbox 180 462 248 532; x_wconf 83' lang='lat' dir='ltr'>quia</span> <span class='ocrx_word' id='word_1_11' title='bbox 264 462 331 525; x_wconf 63' lang='lat' dir='ltr'>saxa</span> <span class='ocrx_word' id='word_1_12' title='bbox 353 465 428 519; x_wconf 89' lang='lat' dir='ltr'>nuda</span> <span class='ocrx_word' id='word_1_13' title='bbox 450 466 479 518; x_wconf 89' lang='lat' dir='ltr'>in</span> <span class='ocrx_word' id='word_1_14' title='bbox 505 467 648 521; x_wconf 81' lang='lat' dir='ltr'><strong>cacumine</strong></span> <span class='ocrx_word' id='word_1_15' title='bbox 670 467 781 535; x_wconf 77' lang='lat' dir='ltr'><strong>habuit,</strong></span> <span class='ocrx_word' id='word_1_16' title='bbox 803 486 835 522; x_wconf 86' lang='lat' dir='ltr'>ex</span> <span class='ocrx_word' id='word_1_17' title='bbox 857 467 957 522; x_wconf 84' lang='lat' dir='ltr'>horum</span> <span class='ocrx_word' id='word_1_18' title='bbox 980 460 1106 526; x_wconf 80' lang='lat' dir='ltr'>candora&#39;</span> 
     </span>
     <span class='ocr_line' id='line_1_3' title="bbox 10 533 1099 609; baseline 0.01 -29"><span class='ocrx_word' id='word_1_19' title='bbox 10 535 31 566; x_wconf 90' lang='grc'><em>·-“-</em></span> <span class='ocrx_word' id='word_1_20' title='bbox 97 544 206 583; x_wconf 79' lang='lat' dir='ltr'>eucates</span> <span class='ocrx_word' id='word_1_21' title='bbox 230 533 381 603; x_wconf 81' lang='lat' dir='ltr'>appellatus</span> <span class='ocrx_word' id='word_1_22' title='bbox 404 541 452 587; x_wconf 88' lang='lat' dir='ltr'>est.</span> <span class='ocrx_word' id='word_1_23' title='bbox 492 537 621 605; x_wconf 80' lang='lat' dir='ltr'>Auroque</span> <span class='ocrx_word' id='word_1_24' title='bbox 643 537 777 606; x_wconf 65' lang='lat' dir='ltr'>effulgere</span> <span class='ocrx_word' id='word_1_25' title='bbox 792 538 921 607; x_wconf 66' lang='lat' dir='ltr'>fluctus,</span> <span class='ocrx_word' id='word_1_26' title='bbox 944 555 1002 592; x_wconf 85' lang='lat' dir='ltr'>uon</span> <span class='ocrx_word' id='word_1_27' title='bbox 1026 541 1099 609; x_wconf 85' lang='lat' dir='ltr'>quod</span> 
     </span>
     <span class='ocr_line' id='line_1_4' title="bbox 10 599 1164 677; baseline 0.01 -26"><span class='ocrx_word' id='word_1_28' title='bbox 10 604 37 659; x_wconf 75' lang='grc' dir='ltr'>Ι,</span> <span class='ocrx_word' id='word_1_29' title='bbox 69 599 117 652; x_wconf 82' lang='lat' dir='ltr'>hic</span> <span class='ocrx_word' id='word_1_30' title='bbox 134 616 166 651; x_wconf 82' lang='lat' dir='ltr'>er</span> <span class='ocrx_word' id='word_1_31' title='bbox 182 616 250 652; x_wconf 88' lang='lat' dir='ltr'>auro</span> <span class='ocrx_word' id='word_1_32' title='bbox 267 604 366 653; x_wconf 80' lang='lat' dir='ltr'>fluctus</span> <span class='ocrx_word' id='word_1_33' title='bbox 384 614 441 656; x_wconf 86' lang='lat' dir='ltr'>esse</span> <span class='ocrx_word' id='word_1_34' title='bbox 458 603 546 673; x_wconf 86' lang='lat' dir='ltr'>dicat,</span> <span class='ocrx_word' id='word_1_35' title='bbox 569 621 638 674; x_wconf 89' lang='lat' dir='ltr'>quos</span> <span class='ocrx_word' id='word_1_36' title='bbox 659 622 742 677; x_wconf 78' lang='lat' dir='ltr'>supra</span> <span class='ocrx_word' id='word_1_37' title='bbox 759 606 841 658; x_wconf 82' lang='lat' dir='ltr'>canos</span> <span class='ocrx_word' id='word_1_38' title='bbox 857 607 936 672; x_wconf 82' lang='lat' dir='ltr'>dixit,</span> <span class='ocrx_word' id='word_1_39' title='bbox 959 608 1008 660; x_wconf 81' lang='lat' dir='ltr'>aed</span> <span class='ocrx_word' id='word_1_40' title='bbox 1044 607 1097 661; x_wconf 87' lang='lat' dir='ltr'>uod</span> <span class='ocrx_word' id='word_1_41' title='bbox 1161 664 1164 669; x_wconf 75' lang='grc'><em>,</em></span> 
     </span>
     <span class='ocr_line' id='line_1_5' title="bbox 10 625 1097 746; baseline 0.006 -28"><span class='ocrx_word' id='word_1_42' title='bbox 10 694 28 704; x_wconf 95' lang='grc'><strong>-</strong></span> <span class='ocrx_word' id='word_1_43' title='bbox 69 683 150 721; x_wconf 84' lang='lat' dir='ltr'>mare</span> <span class='ocrx_word' id='word_1_44' title='bbox 173 685 205 720; x_wconf 84' lang='lat' dir='ltr'>ex</span> <span class='ocrx_word' id='word_1_45' title='bbox 228 685 296 720; x_wconf 88' lang='lat' dir='ltr'>auro</span> <span class='ocrx_word' id='word_1_46' title='bbox 321 687 478 738; x_wconf 83' lang='lat' dir='ltr'>expressum</span> <span class='ocrx_word' id='word_1_47' title='bbox 502 674 551 738; x_wconf 85' lang='lat' dir='ltr'>sit,</span> <span class='ocrx_word' id='word_1_48' title='bbox 571 675 670 725; x_wconf 81' lang='lat' dir='ltr'>fluctus</span> <span class='ocrx_word' id='word_1_49' title='bbox 693 693 744 746; x_wconf 88' lang='lat' dir='ltr'>per</span> <span class='ocrx_word' id='word_1_50' title='bbox 760 688 859 726; x_wconf 88' lang='lat' dir='ltr'>aurum</span> <span class='ocrx_word' id='word_1_51' title='bbox 876 625 1046 742; x_wconf 45' lang='lat' dir='ltr'>effulgeaut‘d</span> <span class='ocrx_word' id='word_1_52' title='bbox 1062 700 1097 724; x_wconf 56' lang='grc' dir='ltr'><strong>ψ</strong></span> 
     </span>
     <span class='ocr_line' id='line_1_6' title="bbox 10 730 1177 811; baseline 0.012 -27"><span class='ocrx_word' id='word_1_53' title='bbox 10 744 28 773; x_wconf 85' lang='grc'>-·-</span> <span class='ocrx_word' id='word_1_54' title='bbox 66 741 130 796; x_wconf 82' lang='lat'><strong>678.</strong></span> <span class='ocrx_word' id='word_1_55' title='bbox 146 730 224 787; x_wconf 80' lang='lat' dir='ltr'>Hinc</span> <span class='ocrx_word' id='word_1_56' title='bbox 238 739 384 807; x_wconf 67' lang='lat' dir='ltr'>Augustus</span> <span class='ocrx_word' id='word_1_57' title='bbox 402 759 489 808; x_wconf 80' lang='lat' dir='ltr'>agens</span> <span class='ocrx_word' id='word_1_58' title='bbox 501 743 604 806; x_wconf 64' lang='lat' dir='ltr'>Irata,-</span> <span class='ocrx_word' id='word_1_59' title='bbox 623 760 687 794; x_wconf 89' lang='lat' dir='ltr'>cum</span> <span class='ocrx_word' id='word_1_60' title='bbox 704 744 739 796; x_wconf 90' lang='lat' dir='ltr'>de</span> <span class='ocrx_word' id='word_1_61' title='bbox 755 750 827 795; x_wconf 86' lang='lat' dir='ltr'>statu</span> <span class='ocrx_word' id='word_1_62' title='bbox 842 744 1010 811; x_wconf 85' lang='lat' dir='ltr'>reipublicae</span> <span class='ocrx_word' id='word_1_63' title='bbox 1028 752 1100 803; x_wconf 78' lang='lat' dir='ltr'>esset</span> <span class='ocrx_word' id='word_1_64' title='bbox 1123 776 1125 784; x_wconf 70' lang='lat'><strong><em>‹</em></strong></span> <span class='ocrx_word' id='word_1_65' title='bbox 1176 774 1177 781; x_wconf 23' lang='grc' dir='ltr'><strong>κ</strong></span> 
     </span>
     <span class='ocr_line' id='line_1_7' title="bbox 10 803 1097 880; baseline 0.007 -24"><span class='ocrx_word' id='word_1_66' title='bbox 10 810 29 841; x_wconf 75' lang='lat'><strong>³</strong></span> <span class='ocrx_word' id='word_1_67' title='bbox 65 803 152 873; x_wconf 84' lang='lat' dir='ltr'>longa</span> <span class='ocrx_word' id='word_1_68' title='bbox 164 808 307 873; x_wconf 76' lang='lat' dir='ltr'>¹contentio</span> <span class='ocrx_word' id='word_1_69' title='bbox 324 809 397 860; x_wconf 86' lang='lat' dir='ltr'>inter</span> <span class='ocrx_word' id='word_1_70' title='bbox 412 811 565 878; x_wconf 83' lang='lat' dir='ltr'>Augustum</span> <span class='ocrx_word' id='word_1_71' title='bbox 589 814 623 863; x_wconf 71' lang='lat' dir='ltr'>et*</span> <span class='ocrx_word' id='word_1_72' title='bbox 633 812 783 863; x_wconf 88' lang='lat' dir='ltr'>Antonium</span> <span class='ocrx_word' id='word_1_73' title='bbox 807 819 836 865; x_wconf 86' lang='lat' dir='ltr'>et</span> <span class='ocrx_word' id='word_1_74' title='bbox 851 811 988 879; x_wconf 86' lang='lat' dir='ltr'>Lepidum</span> <span class='ocrx_word' id='word_1_75' title='bbox 1007 812 1097 880; x_wconf 73' lang='lat' dir='ltr'>(codd</span> 
     </span>
     <span class='ocr_line' id='line_1_8' title="bbox 10 871 1096 949; baseline 0.008 -25"><span class='ocrx_word' id='word_1_76' title='bbox 10 876 29 908; x_wconf 70' lang='grc' dir='ltr'>Ξ</span> <span class='ocrx_word' id='word_1_77' title='bbox 66 871 125 926; x_wconf 78' lang='lat' dir='ltr'>bis:</span> <span class='ocrx_word' id='word_1_78' title='bbox 144 873 301 941; x_wconf 84' lang='lat' dir='ltr'>Catullum,</span> <span class='ocrx_word' id='word_1_79' title='bbox 317 893 337 928; x_wconf 89' lang='lat' dir='ltr'>s.</span> <span class='ocrx_word' id='word_1_80' title='bbox 356 877 514 944; x_wconf 77' lang='lat' dir='ltr'><strong><em>Catulum),</em></strong></span> <span class='ocrx_word' id='word_1_81' title='bbox 531 880 648 949; x_wconf 82' lang='lat' dir='ltr'>placuit,</span> <span class='ocrx_word' id='word_1_82' title='bbox 673 887 704 930; x_wconf 89' lang='lat' dir='ltr'>ut</span> <span class='ocrx_word' id='word_1_83' title='bbox 714 878 810 931; x_wconf 66' lang='lat' dir='ltr'>‘totum</span> <span class='ocrx_word' id='word_1_84' title='bbox 827 879 971 933; x_wconf 86' lang='lat' dir='ltr'>Orientem</span> <span class='ocrx_word' id='word_1_85' title='bbox 987 888 1096 933; x_wconf 79' lang='lat' dir='ltr'>teneret</span> 
     </span>
     <span class='ocr_line' id='line_1_9' title="bbox 23 942 1094 1018; baseline 0.005 -23"><span class='ocrx_word' id='word_1_86' title='bbox 23 947 33 976; x_wconf 74' lang='lat'>⁵·</span> <span class='ocrx_word' id='word_1_87' title='bbox 64 942 213 995; x_wconf 81' lang='lat' dir='ltr'>Antonius:</span> <span class='ocrx_word' id='word_1_88' title='bbox 243 947 382 1013; x_wconf 82' lang='lat' dir='ltr'>Augustus</span> <span class='ocrx_word' id='word_1_89' title='bbox 414 945 517 1000; x_wconf 88' lang='lat' dir='ltr'>Gallias</span> <span class='ocrx_word' id='word_1_90' title='bbox 547 954 575 1001; x_wconf 90' lang='lat' dir='ltr'>et</span> <span class='ocrx_word' id='word_1_91' title='bbox 596 947 740 1018; x_wconf 77' lang='lat' dir='ltr'>Hispanias</span> <span class='ocrx_word' id='word_1_92' title='bbox 769 965 834 999; x_wconf 91' lang='lat' dir='ltr'>cum</span> <span class='ocrx_word' id='word_1_93' title='bbox 856 949 947 1000; x_wconf 85' lang='lat' dir='ltr'>ltalia:</span> <span class='ocrx_word' id='word_1_94' title='bbox 974 947 1094 1017; x_wconf 78' lang='lat' dir='ltr'>Lepidus</span> 
     </span>
     <span class='ocr_line' id='line_1_10' title="bbox 10 1010 1095 1086; baseline 0.007 -26"><span class='ocrx_word' id='word_1_95' title='bbox 10 1032 26 1073; x_wconf 90' lang='lat'>&#39;.&#39;</span> <span class='ocrx_word' id='word_1_96' title='bbox 65 1010 208 1076; x_wconf 81' lang='lat' dir='ltr'>Africam,</span> <span class='ocrx_word' id='word_1_97' title='bbox 229 1012 366 1080; x_wconf 85' lang='lat' dir='ltr'>Siciliam,</span> <span class='ocrx_word' id='word_1_98' title='bbox 388 1013 557 1069; x_wconf 76' lang='lat' dir='ltr'>Sardiniam:</span> <span class='ocrx_word' id='word_1_99' title='bbox 579 1016 629 1086; x_wconf 87' lang='lat' dir='ltr'>[et]</span> <span class='ocrx_word' id='word_1_100' title='bbox 653 1012 689 1069; x_wconf 82' lang='lat' dir='ltr'>aid</span> <span class='ocrx_word' id='word_1_101' title='bbox 704 1033 815 1070; x_wconf 83' lang='lat' dir='ltr'>causam</span> <span class='ocrx_word' id='word_1_102' title='bbox 831 1016 944 1069; x_wconf 85' lang='lat' dir='ltr'>maioris</span> <span class='ocrx_word' id='word_1_103' title='bbox 959 1015 1025 1069; x_wconf 85' lang='lat' dir='ltr'>fidei</span> <span class='ocrx_word' id='word_1_104' title='bbox 1041 1018 1095 1070; x_wconf 73' lang='lat' dir='ltr'>An·</span> 
     </span>
     <span class='ocr_line' id='line_1_11' title="bbox 12 1079 1195 1153; baseline 0.007 -24"><span class='ocrx_word' id='word_1_105' title='bbox 12 1084 25 1114; x_wconf 88' lang='lat'>-&#39;</span> <span class='ocrx_word' id='word_1_106' title='bbox 64 1079 158 1130; x_wconf 88' lang='lat' dir='ltr'>tonius</span> <span class='ocrx_word' id='word_1_107' title='bbox 180 1095 306 1134; x_wconf 83' lang='lat' dir='ltr'>sororem</span> <span class='ocrx_word' id='word_1_108' title='bbox 329 1084 443 1152; x_wconf 79' lang='lat' dir='ltr'>Augusti</span> <span class='ocrx_word' id='word_1_109' title='bbox 465 1085 540 1137; x_wconf 79' lang='lat' dir='ltr'>duxit</span> <span class='ocrx_word' id='word_1_110' title='bbox 564 1101 684 1138; x_wconf 85' lang='lat' dir='ltr'>uxorem.</span> <span class='ocrx_word' id='word_1_111' title='bbox 724 1084 844 1138; x_wconf 75' lang='lat' dir='ltr'>Profecti</span> <span class='ocrx_word' id='word_1_112' title='bbox 864 1085 957 1153; x_wconf 87' lang='lat' dir='ltr'>itaque</span> <span class='ocrx_word' id='word_1_113' title='bbox 980 1085 1094 1148; x_wconf 78' lang='lat' dir='ltr'>suntin</span> <span class='ocrx_word' id='word_1_114' title='bbox 1193 1120 1195 1127; x_wconf 68' lang='grc'><em>»</em></span> 
     </span>
     <span class='ocr_line' id='line_1_12' title="bbox 10 1147 1198 1225; baseline 0.008 -30"><span class='ocrx_word' id='word_1_115' title='bbox 10 1155 21 1183; x_wconf 74' lang='grc' dir='ltr'><strong><em>ῑ</em></strong></span> <span class='ocrx_word' id='word_1_116' title='bbox 63 1147 221 1219; x_wconf 77' lang='lat' dir='ltr'>provincias</span> <span class='ocrx_word' id='word_1_117' title='bbox 236 1167 305 1203; x_wconf 87' lang='lat' dir='ltr'>suas.</span> <span class='ocrx_word' id='word_1_118' title='bbox 337 1150 392 1205; x_wconf 78' lang='lat' dir='ltr'>Sed</span> <span class='ocrx_word' id='word_1_119' title='bbox 407 1154 541 1206; x_wconf 88' lang='lat' dir='ltr'>Antonius</span> <span class='ocrx_word' id='word_1_120' title='bbox 560 1155 600 1221; x_wconf 91' lang='lat' dir='ltr'>[in</span> <span class='ocrx_word' id='word_1_121' title='bbox 616 1154 709 1222; x_wconf 87' lang='lat' dir='ltr'>prima</span> <span class='ocrx_word' id='word_1_122' title='bbox 725 1161 815 1208; x_wconf 86' lang='lat' dir='ltr'>aetate</span> <span class='ocrx_word' id='word_1_123' title='bbox 831 1161 937 1206; x_wconf 85' lang='lat' dir='ltr'>oreatus</span> <span class='ocrx_word' id='word_1_124' title='bbox 954 1153 1093 1204; x_wconf 75' lang='lat' dir='ltr'>Tribunus</span> <span class='ocrx_word' id='word_1_125' title='bbox 1195 1211 1198 1225; x_wconf 43' lang='grc' dir='ltr'>Ι</span> 
     </span>
     <span class='ocr_line' id='line_1_13' title="bbox 16 1215 1185 1297; baseline 0.009 -32"><span class='ocrx_word' id='word_1_126' title='bbox 16 1232 20 1241; x_wconf 95' lang='grc'><em>·</em></span> <span class='ocrx_word' id='word_1_127' title='bbox 61 1215 167 1297; x_wconf 83' lang='lat' dir='ltr'>plebis,</span> <span class='ocrx_word' id='word_1_128' title='bbox 190 1217 368 1272; x_wconf 86' lang='lat' dir='ltr'>Caesarianas</span> <span class='ocrx_word' id='word_1_129' title='bbox 383 1229 478 1289; x_wconf 84' lang='lat' dir='ltr'>partes</span> <span class='ocrx_word' id='word_1_130' title='bbox 493 1239 559 1273; x_wconf 89' lang='lat' dir='ltr'>cum</span> <span class='ocrx_word' id='word_1_131' title='bbox 576 1222 698 1276; x_wconf 82' lang='lat' dir='ltr'>Curione</span> <span class='ocrx_word' id='word_1_132' title='bbox 714 1221 876 1287; x_wconf 85' lang='lat' dir='ltr'>defendens,</span> <span class='ocrx_word' id='word_1_133' title='bbox 897 1221 1001 1272; x_wconf 87' lang='lat' dir='ltr'>bellum</span> <span class='ocrx_word' id='word_1_134' title='bbox 1016 1220 1094 1273; x_wconf 80' lang='lat' dir='ltr'>civile</span> <span class='ocrx_word' id='word_1_135' title='bbox 1181 1270 1185 1275; x_wconf 93' lang='lat'>.</span> 
     </span>
     <span class='ocr_line' id='line_1_14' title="bbox 10 1285 1093 1360; baseline 0.005 -23"><span class='ocrx_word' id='word_1_136' title='bbox 10 1292 15 1318; x_wconf 75' lang='lat'><em>¹</em></span> <span class='ocrx_word' id='word_1_137' title='bbox 56 1285 300 1341; x_wconf 78' lang='lat' dir='ltr'>anterCaesarem</span> <span class='ocrx_word' id='word_1_138' title='bbox 314 1289 531 1360; x_wconf 86' lang='lat' dir='ltr'>Pompeiumque</span> <span class='ocrx_word' id='word_1_139' title='bbox 549 1292 705 1343; x_wconf 83' lang='lat' dir='ltr'>commovit.</span> <span class='ocrx_word' id='word_1_140' title='bbox 739 1292 874 1360; x_wconf 80' lang='lat' dir='ltr'>Quaestor</span> <span class='ocrx_word' id='word_1_141' title='bbox 890 1289 950 1354; x_wconf 79' lang='lat' dir='ltr'>tuit,</span> <span class='ocrx_word' id='word_1_142' title='bbox 964 1289 1093 1356; x_wconf 89' lang='lat' dir='ltr'>idemque</span> 
     </span>
     <span class='ocr_line' id='line_1_15' title="bbox 22 1353 1134 1423; baseline 0.002 -16"><span class='ocrx_word' id='word_1_143' title='bbox 22 1356 26 1365; x_wconf 91' lang='lat'><em>&#39;</em></span> <span class='ocrx_word' id='word_1_144' title='bbox 60 1353 174 1420; x_wconf 78' lang='lat' dir='ltr'>Augur,</span> <span class='ocrx_word' id='word_1_145' title='bbox 197 1371 252 1423; x_wconf 90' lang='lat' dir='ltr'>quo</span> <span class='ocrx_word' id='word_1_146' title='bbox 276 1357 394 1410; x_wconf 86' lang='lat' dir='ltr'>Consule</span> <span class='ocrx_word' id='word_1_147' title='bbox 417 1359 448 1409; x_wconf 91' lang='lat' dir='ltr'>in</span> <span class='ocrx_word' id='word_1_148' title='bbox 469 1368 565 1412; x_wconf 87' lang='lat' dir='ltr'>senatu</span> <span class='ocrx_word' id='word_1_149' title='bbox 589 1360 691 1411; x_wconf 87' lang='lat' dir='ltr'>Caesar</span> <span class='ocrx_word' id='word_1_150' title='bbox 715 1360 818 1412; x_wconf 84' lang='lat' dir='ltr'>occisus</span> <span class='ocrx_word' id='word_1_151' title='bbox 848 1364 889 1410; x_wconf 86' lang='lat' dir='ltr'>est</span> <span class='ocrx_word' id='word_1_152' title='bbox 933 1357 995 1423; x_wconf 84' lang='lat' dir='ltr'>hic,</span> <span class='ocrx_word' id='word_1_153' title='bbox 1022 1356 1094 1409; x_wconf 78' lang='lat' dir='ltr'>sicut</span> <span class='ocrx_word' id='word_1_154' title='bbox 1130 1378 1134 1398; x_wconf 85' lang='lat'><em>=</em></span> 
     </span>
     <span class='ocr_line' id='line_1_16' title="bbox 22 1420 1091 1498; baseline 0.005 -27"><span class='ocrx_word' id='word_1_155' title='bbox 22 1428 24 1432; x_wconf 87' lang='grc'><strong>’</strong></span> <span class='ocrx_word' id='word_1_156' title='bbox 59 1420 170 1472; x_wconf 87' lang='lat' dir='ltr'>dictum</span> <span class='ocrx_word' id='word_1_157' title='bbox 187 1431 236 1491; x_wconf 89' lang='lat' dir='ltr'>est,</span> <span class='ocrx_word' id='word_1_158' title='bbox 257 1442 324 1479; x_wconf 88' lang='lat' dir='ltr'>cum</span> <span class='ocrx_word' id='word_1_159' title='bbox 338 1426 422 1478; x_wconf 83' lang='lat' dir='ltr'>divisa</span> <span class='ocrx_word' id='word_1_160' title='bbox 437 1428 591 1498; x_wconf 83' lang='lat' dir='ltr'>Republica</span> <span class='ocrx_word' id='word_1_161' title='bbox 607 1429 643 1482; x_wconf 87' lang='lat' dir='ltr'>ad</span> <span class='ocrx_word' id='word_1_162' title='bbox 659 1428 795 1482; x_wconf 82' lang='lat' dir='ltr'>orientem</span> <span class='ocrx_word' id='word_1_163' title='bbox 810 1427 888 1490; x_wconf 81' lang='lat' dir='ltr'>isset3</span> <span class='ocrx_word' id='word_1_164' title='bbox 922 1424 952 1476; x_wconf 91' lang='lat' dir='ltr'>in</span> <span class='ocrx_word' id='word_1_165' title='bbox 970 1426 1091 1497; x_wconf 77' lang='lat' dir='ltr'>Aegypto</span> 
     </span>
     <span class='ocr_line' id='line_1_17' title="bbox 60 1495 1091 1576; baseline 0.008 -36"><span class='ocrx_word' id='word_1_166' title='bbox 60 1497 160 1559; x_wconf 88' lang='lat' dir='ltr'>captus</span> <span class='ocrx_word' id='word_1_167' title='bbox 184 1501 224 1544; x_wconf 88' lang='lat' dir='ltr'>est</span> <span class='ocrx_word' id='word_1_168' title='bbox 247 1510 344 1547; x_wconf 89' lang='lat' dir='ltr'>amore</span> <span class='ocrx_word' id='word_1_169' title='bbox 367 1495 545 1564; x_wconf 77' lang='lat' dir='ltr'>Cleopatrae,</span> <span class='ocrx_word' id='word_1_170' title='bbox 576 1514 633 1549; x_wconf 90' lang='lat' dir='ltr'>non</span> <span class='ocrx_word' id='word_1_171' title='bbox 657 1512 851 1576; x_wconf 71' lang='lat' dir='ltr'>usquequaque</span> <span class='ocrx_word' id='word_1_172' title='bbox 880 1495 965 1560; x_wconf 86' lang='lat' dir='ltr'>adeo,</span> <span class='ocrx_word' id='word_1_173' title='bbox 994 1501 1026 1546; x_wconf 92' lang='lat' dir='ltr'>ut</span> <span class='ocrx_word' id='word_1_174' title='bbox 1057 1511 1091 1548; x_wconf 81' lang='lat' dir='ltr'>ea</span> 
     </span>
     <span class='ocr_line' id='line_1_18' title="bbox 54 1557 1089 1637; baseline 0.001 -24"><span class='ocrx_word' id='word_1_175' title='bbox 54 1557 177 1614; x_wconf 82' lang='lat' dir='ltr'>dimissa</span> <span class='ocrx_word' id='word_1_176' title='bbox 201 1571 298 1615; x_wconf 85' lang='lat' dir='ltr'>contra</span> <span class='ocrx_word' id='word_1_177' title='bbox 310 1558 429 1616; x_wconf 84' lang='lat' dir='ltr'>Parthos</span> <span class='ocrx_word' id='word_1_178' title='bbox 452 1565 688 1635; x_wconf 79' lang='lat' dir='ltr'>proficisceretur,</span> <span class='ocrx_word' id='word_1_179' title='bbox 710 1565 809 1634; x_wconf 83' lang='lat' dir='ltr'>quibus</span> <span class='ocrx_word' id='word_1_180' title='bbox 832 1574 898 1615; x_wconf 83' lang='lat' dir='ltr'>cum</span> <span class='ocrx_word' id='word_1_181' title='bbox 921 1570 985 1614; x_wconf 88' lang='lat' dir='ltr'>ante</span> <span class='ocrx_word' id='word_1_182' title='bbox 1002 1561 1089 1637; x_wconf 83' lang='lat' dir='ltr'>victor</span> 
     </span>
     <span class='ocr_line' id='line_1_19' title="bbox 59 1630 1091 1710; baseline 0 -30"><span class='ocrx_word' id='word_1_183' title='bbox 59 1636 149 1694; x_wconf 84' lang='lat' dir='ltr'>esset,</span> <span class='ocrx_word' id='word_1_184' title='bbox 173 1638 235 1700; x_wconf 89' lang='lat' dir='ltr'>post</span> <span class='ocrx_word' id='word_1_185' title='bbox 249 1631 373 1702; x_wconf 84' lang='lat' dir='ltr'>repulsus</span> <span class='ocrx_word' id='word_1_186' title='bbox 391 1634 480 1698; x_wconf 87' lang='lat' dir='ltr'>(codd.</span> <span class='ocrx_word' id='word_1_187' title='bbox 503 1642 626 1688; x_wconf 83' lang='lat' dir='ltr'>tantum:</span> <span class='ocrx_word' id='word_1_188' title='bbox 652 1636 756 1700; x_wconf 82' lang='lat' dir='ltr'>quihus</span> <span class='ocrx_word' id='word_1_189' title='bbox 773 1632 867 1694; x_wconf 81' lang='lat' dir='ltr'>uictis)</span> <span class='ocrx_word' id='word_1_190' title='bbox 891 1631 957 1684; x_wconf 88' lang='lat' dir='ltr'>dum</span> <span class='ocrx_word' id='word_1_191' title='bbox 974 1630 1091 1710; x_wconf 72' lang='lat' dir='ltr'>Cleopa-</span> 
     </span>
     <span class='ocr_line' id='line_1_20' title="bbox 58 1698 1092 1777; baseline 0.002 -29"><span class='ocrx_word' id='word_1_192' title='bbox 58 1703 124 1749; x_wconf 85' lang='lat' dir='ltr'>trae</span> <span class='ocrx_word' id='word_1_193' title='bbox 148 1699 297 1768; x_wconf 88' lang='lat' dir='ltr'>cupiditate</span> <span class='ocrx_word' id='word_1_194' title='bbox 318 1701 443 1768; x_wconf 84' lang='lat' dir='ltr'>festinat,</span> <span class='ocrx_word' id='word_1_195' title='bbox 467 1703 617 1769; x_wconf 82' lang='lat' dir='ltr'>exercitum</span> <span class='ocrx_word' id='word_1_196' title='bbox 641 1717 756 1754; x_wconf 91' lang='lat' dir='ltr'>omnem</span> <span class='ocrx_word' id='word_1_197' title='bbox 776 1702 881 1769; x_wconf 81' lang='lat' dir='ltr'>frigore</span> <span class='ocrx_word' id='word_1_198' title='bbox 905 1698 936 1750; x_wconf 94' lang='lat' dir='ltr'>in</span> <span class='ocrx_word' id='word_1_199' title='bbox 960 1699 1092 1777; x_wconf 69' lang='lat' dir='ltr'>Armenqa</span> 
     </span>
     <span class='ocr_line' id='line_1_21' title="bbox 22 1765 1120 1841; baseline 0.001 -25"><span class='ocrx_word' id='word_1_200' title='bbox 22 1810 29 1817; x_wconf 82' lang='grc'>.</span> <span class='ocrx_word' id='word_1_201' title='bbox 57 1765 190 1836; x_wconf 84' lang='lat' dir='ltr'>perdidit</span> <span class='ocrx_word' id='word_1_202' title='bbox 224 1769 284 1838; x_wconf 85' lang='lat' dir='ltr'>Ipse</span> <span class='ocrx_word' id='word_1_203' title='bbox 307 1775 402 1822; x_wconf 87' lang='lat' dir='ltr'>tamen</span> <span class='ocrx_word' id='word_1_204' title='bbox 422 1766 586 1824; x_wconf 85' lang='lat' dir='ltr'>&#39;animalium</span> <span class='ocrx_word' id='word_1_205' title='bbox 608 1771 785 1841; x_wconf 80' lang='lat' dir='ltr'>cadaveribus</span> <span class='ocrx_word' id='word_1_206' title='bbox 807 1770 900 1837; x_wconf 81' lang='lat' dir='ltr'>pastus</span> <span class='ocrx_word' id='word_1_207' title='bbox 917 1783 981 1818; x_wconf 87' lang='lat' dir='ltr'>cum</span> <span class='ocrx_word' id='word_1_208' title='bbox 997 1781 1091 1834; x_wconf 78' lang='lat' dir='ltr'>paucis</span> <span class='ocrx_word' id='word_1_209' title='bbox 1116 1784 1120 1793; x_wconf 94' lang='lat'>·</span> 
     </span>
     <span class='ocr_line' id='line_1_22' title="bbox 58 1834 1091 1909; baseline -0.001 -24"><span class='ocrx_word' id='word_1_210' title='bbox 58 1834 99 1886; x_wconf 81' lang='lat' dir='ltr'>ad</span> <span class='ocrx_word' id='word_1_211' title='bbox 114 1836 269 1903; x_wconf 76' lang='lat' dir='ltr'>aegyptum</span> <span class='ocrx_word' id='word_1_212' title='bbox 287 1845 328 1891; x_wconf 89' lang='lat' dir='ltr'>est</span> <span class='ocrx_word' id='word_1_213' title='bbox 349 1854 486 1891; x_wconf 84' lang='lat' dir='ltr'>reversus:</span> <span class='ocrx_word' id='word_1_214' title='bbox 510 1841 559 1891; x_wconf 90' lang='lat' dir='ltr'>ubi</span> <span class='ocrx_word' id='word_1_215' title='bbox 582 1840 610 1892; x_wconf 88' lang='lat' dir='ltr'>ei</span> <span class='ocrx_word' id='word_1_216' title='bbox 626 1839 724 1909; x_wconf 34' lang='lat' dir='ltr'>,coepit</span> <span class='ocrx_word' id='word_1_217' title='bbox 740 1837 855 1890; x_wconf 87' lang='lat' dir='ltr'>suadere</span> <span class='ocrx_word' id='word_1_218' title='bbox 874 1837 1035 1903; x_wconf 85' lang='lat' dir='ltr'>Cleopatra,</span> <span class='ocrx_word' id='word_1_219' title='bbox 1059 1841 1091 1884; x_wconf 88' lang='lat' dir='ltr'>ut</span> 
     </span>
     <span class='ocr_line' id='line_1_23' title="bbox 14 1905 1090 1976; baseline -0.001 -23"><span class='ocrx_word' id='word_1_220' title='bbox 14 1917 19 1931; x_wconf 80' lang='lat'>¹</span> <span class='ocrx_word' id='word_1_221' title='bbox 35 1952 40 1960; x_wconf 83' lang='grc'><strong>,</strong></span> <span class='ocrx_word' id='word_1_222' title='bbox 55 1918 93 1958; x_wconf 66' lang='grc' dir='ltr'>,σε</span> <span class='ocrx_word' id='word_1_223' title='bbox 108 1905 254 1956; x_wconf 85' lang='lat' dir='ltr'>sortiretur</span> <span class='ocrx_word' id='word_1_224' title='bbox 271 1921 401 1972; x_wconf 80' lang='lat' dir='ltr'>uxorem,</span> <span class='ocrx_word' id='word_1_225' title='bbox 418 1908 552 1960; x_wconf 86' lang='lat' dir='ltr'>derelicta</span> <span class='ocrx_word' id='word_1_226' title='bbox 567 1924 662 1960; x_wconf 87' lang='lat' dir='ltr'>sorore</span> <span class='ocrx_word' id='word_1_227' title='bbox 678 1907 799 1976; x_wconf 81' lang='lat' dir='ltr'>Augusti.</span> <span class='ocrx_word' id='word_1_228' title='bbox 833 1905 894 1973; x_wconf 84' lang='lat' dir='ltr'>Quo</span> <span class='ocrx_word' id='word_1_229' title='bbox 910 1905 983 1956; x_wconf 86' lang='lat' dir='ltr'>iacto</span> <span class='ocrx_word' id='word_1_230' title='bbox 999 1905 1090 1970; x_wconf 79' lang='lat' dir='ltr'>Augu·</span> 
     </span>
     <span class='ocr_line' id='line_1_24' title="bbox 58 1971 1089 2044; baseline -0.002 -23"><span class='ocrx_word' id='word_1_231' title='bbox 58 1978 119 2022; x_wconf 78' lang='lat' dir='ltr'>stus</span> <span class='ocrx_word' id='word_1_232' title='bbox 136 1971 313 2026; x_wconf 85' lang='lat' dir='ltr'>vehementer</span> <span class='ocrx_word' id='word_1_233' title='bbox 329 1991 458 2026; x_wconf 87' lang='lat' dir='ltr'>accensus</span> <span class='ocrx_word' id='word_1_234' title='bbox 475 1985 570 2030; x_wconf 87' lang='lat' dir='ltr'>contra</span> <span class='ocrx_word' id='word_1_235' title='bbox 588 1994 653 2030; x_wconf 88' lang='lat' dir='ltr'>eum</span> <span class='ocrx_word' id='word_1_236' title='bbox 669 1976 762 2044; x_wconf 85' lang='lat' dir='ltr'>coepit</span> <span class='ocrx_word' id='word_1_237' title='bbox 783 1973 856 2025; x_wconf 89' lang='lat' dir='ltr'>bella</span> <span class='ocrx_word' id='word_1_238' title='bbox 872 1971 973 2024; x_wconf 88' lang='lat' dir='ltr'>moliri.</span> <span class='ocrx_word' id='word_1_239' title='bbox 1006 1972 1089 2022; x_wconf 87' lang='lat' dir='ltr'>Anto-</span> 
     </span>
     <span class='ocr_line' id='line_1_25' title="bbox 57 2037 1090 2118; baseline 0 -25"><span class='ocrx_word' id='word_1_240' title='bbox 57 2039 124 2093; x_wconf 79' lang='lat' dir='ltr'>nius</span> <span class='ocrx_word' id='word_1_241' title='bbox 140 2057 171 2092; x_wconf 88' lang='lat' dir='ltr'>re</span> <span class='ocrx_word' id='word_1_242' title='bbox 188 2050 331 2112; x_wconf 88' lang='lat' dir='ltr'>comperta</span> <span class='ocrx_word' id='word_1_243' title='bbox 347 2044 468 2095; x_wconf 86' lang='lat' dir='ltr'>collectis</span> <span class='ocrx_word' id='word_1_244' title='bbox 485 2044 607 2098; x_wconf 86' lang='lat' dir='ltr'>Orientis</span> <span class='ocrx_word' id='word_1_245' title='bbox 623 2043 724 2096; x_wconf 82' lang='lat' dir='ltr'>viribus</span> <span class='ocrx_word' id='word_1_246' title='bbox 741 2042 817 2113; x_wconf 86' lang='lat' dir='ltr'>prior</span> <span class='ocrx_word' id='word_1_247' title='bbox 834 2057 899 2092; x_wconf 91' lang='lat' dir='ltr'>cum</span> <span class='ocrx_word' id='word_1_248' title='bbox 916 2055 998 2092; x_wconf 84' lang='lat' dir='ltr'>uxore</span> <span class='ocrx_word' id='word_1_249' title='bbox 1011 2037 1090 2118; x_wconf 71' lang='lat' dir='ltr'>Cleo·</span> 
     </span>
     <span class='ocr_line' id='line_1_26' title="bbox 42 2109 1165 2166; baseline 0.004 -8"><span class='ocrx_word' id='word_1_250' title='bbox 42 2126 50 2132; x_wconf 86' lang='lat'>·</span> <span class='ocrx_word' id='word_1_251' title='bbox 80 2114 142 2160; x_wconf 84' lang='lat' dir='ltr'>atra</span> <span class='ocrx_word' id='word_1_252' title='bbox 165 2110 239 2163; x_wconf 88' lang='lat' dir='ltr'>veuit</span> <span class='ocrx_word' id='word_1_253' title='bbox 263 2110 300 2164; x_wconf 87' lang='lat' dir='ltr'>ad</span> <span class='ocrx_word' id='word_1_254' title='bbox 322 2110 434 2163; x_wconf 86' lang='lat' dir='ltr'>bellum.</span> <span class='ocrx_word' id='word_1_255' title='bbox 475 2113 643 2166; x_wconf 79' lang='lat' dir='ltr'>conflictum</span> <span class='ocrx_word' id='word_1_256' title='bbox 666 2119 705 2165; x_wconf 85' lang='lat' dir='ltr'>est</span> <span class='ocrx_word' id='word_1_257' title='bbox 728 2110 818 2164; x_wconf 87' lang='lat' dir='ltr'>navali</span> <span class='ocrx_word' id='word_1_258' title='bbox 841 2109 993 2162; x_wconf 84' lang='lat' dir='ltr'>certamine</span> <span class='ocrx_word' id='word_1_259' title='bbox 1016 2121 1091 2158; x_wconf 80' lang='lat' dir='ltr'>circa</span> <span class='ocrx_word' id='word_1_260' title='bbox 1164 2158 1165 2163; x_wconf 75' lang='grc'>,</span> 
     </span>
     <span class='ocr_line' id='line_1_27' title="bbox 84 2175 1091 2256; baseline 0 -30"><span class='ocrx_word' id='word_1_261' title='bbox 84 2175 170 2228; x_wconf 87' lang='lat' dir='ltr'>otium</span> <span class='ocrx_word' id='word_1_262' title='bbox 185 2177 265 2250; x_wconf 86' lang='lat' dir='ltr'>Epiri</span> <span class='ocrx_word' id='word_1_263' title='bbox 280 2179 518 2249; x_wconf 89' lang='lat' dir='ltr'>promontorium,</span> <span class='ocrx_word' id='word_1_264' title='bbox 541 2180 590 2234; x_wconf 90' lang='lat' dir='ltr'>ubi</span> <span class='ocrx_word' id='word_1_265' title='bbox 612 2180 676 2232; x_wconf 86' lang='lat' dir='ltr'>victi</span> <span class='ocrx_word' id='word_1_266' title='bbox 697 2186 761 2231; x_wconf 85' lang='lat' dir='ltr'>sunt</span> <span class='ocrx_word' id='word_1_267' title='bbox 777 2177 908 2232; x_wconf 84' lang='lat' dir='ltr'>Antonius</span> <span class='ocrx_word' id='word_1_268' title='bbox 926 2183 962 2256; x_wconf 28' lang='lat' dir='ltr'>&#39;et‘</span> <span class='ocrx_word' id='word_1_269' title='bbox 976 2175 1091 2241; x_wconf 81' lang='lat' dir='ltr'>Cleopa·</span> 
     </span>
     <span class='ocr_line' id='line_1_28' title="bbox 56 2244 1091 2324; baseline -0.003 -29"><span class='ocrx_word' id='word_1_270' title='bbox 56 2251 122 2311; x_wconf 78' lang='lat' dir='ltr'>tra,</span> <span class='ocrx_word' id='word_1_271' title='bbox 145 2247 217 2298; x_wconf 89' lang='lat' dir='ltr'>etin</span> <span class='ocrx_word' id='word_1_272' title='bbox 235 2248 332 2316; x_wconf 81' lang='lat' dir='ltr'>fugam</span> <span class='ocrx_word' id='word_1_273' title='bbox 348 2250 446 2302; x_wconf 90' lang='lat' dir='ltr'>coacti.</span> <span class='ocrx_word' id='word_1_274' title='bbox 482 2251 578 2303; x_wconf 86' lang='lat' dir='ltr'>Postea</span> <span class='ocrx_word' id='word_1_275' title='bbox 601 2249 691 2301; x_wconf 87' lang='lat' dir='ltr'>occiso</span> <span class='ocrx_word' id='word_1_276' title='bbox 707 2247 825 2300; x_wconf 91' lang='lat' dir='ltr'>Antonio</span> <span class='ocrx_word' id='word_1_277' title='bbox 848 2245 894 2297; x_wconf 86' lang='lat' dir='ltr'>illa</span> <span class='ocrx_word' id='word_1_278' title='bbox 910 2244 967 2324; x_wconf 69' lang='lat' dir='ltr'>salu¹</span> <span class='ocrx_word' id='word_1_279' title='bbox 979 2259 1091 2311; x_wconf 80' lang='lat' dir='ltr'>serpen·</span> 
     </span>
     <span class='ocr_line' id='line_1_29' title="bbox 56 2310 1091 2385; baseline 0.013 -20"><span class='ocrx_word' id='word_1_280' title='bbox 56 2310 103 2365; x_wconf 69' lang='lat' dir='ltr'>ies</span> <span class='ocrx_word' id='word_1_281' title='bbox 120 2314 252 2367; x_wconf 83' lang='lat' dir='ltr'>adhibuit.</span> <span class='ocrx_word' id='word_1_282' title='bbox 286 2316 350 2385; x_wconf 89' lang='lat' dir='ltr'>[Sed</span> <span class='ocrx_word' id='word_1_283' title='bbox 366 2319 498 2370; x_wconf 86' lang='lat' dir='ltr'>Antonius</span> <span class='ocrx_word' id='word_1_284' title='bbox 510 2335 579 2375; x_wconf 74' lang='lat' dir='ltr'>,cum</span> <span class='ocrx_word' id='word_1_285' title='bbox 596 2316 788 2375; x_wconf 72' lang='lat' dir='ltr'>Alexandiam</span> <span class='ocrx_word' id='word_1_286' title='bbox 810 2313 929 2366; x_wconf 56' lang='lat' dir='ltr'>‘’b-‘Adest</span> <span class='ocrx_word' id='word_1_287' title='bbox 944 2312 1046 2365; x_wconf 59' lang='lat' dir='ltr'>”desti</span> <span class='ocrx_word' id='word_1_288' title='bbox 1063 2316 1091 2362; x_wconf 71' lang='lat'>⁶⁸</span> 
     </span>
     <span class='ocr_line' id='line_1_30' title="bbox 55 2379 1147 2464; baseline 0.001 -30"><span class='ocrx_word' id='word_1_289' title='bbox 55 2379 92 2434; x_wconf 86' lang='lat' dir='ltr'>in</span> <span class='ocrx_word' id='word_1_290' title='bbox 109 2399 142 2434; x_wconf 91' lang='lat' dir='ltr'>eo</span> <span class='ocrx_word' id='word_1_291' title='bbox 159 2400 216 2437; x_wconf 82' lang='lat' dir='ltr'>esse</span> <span class='ocrx_word' id='word_1_292' title='bbox 233 2391 264 2434; x_wconf 89' lang='lat' dir='ltr'>ut</span> <span class='ocrx_word' id='word_1_293' title='bbox 280 2387 341 2456; x_wconf 85' lang='lat' dir='ltr'>oapi</span> <span class='ocrx_word' id='word_1_294' title='bbox 357 2396 463 2454; x_wconf 75' lang='lat' dir='ltr'>posset,</span> <span class='ocrx_word' id='word_1_295' title='bbox 483 2404 513 2440; x_wconf 86' lang='lat' dir='ltr'>se</span> <span class='ocrx_word' id='word_1_296' title='bbox 528 2387 620 2458; x_wconf 86' lang='lat' dir='ltr'>ipsum</span> <span class='ocrx_word' id='word_1_297' title='bbox 637 2385 750 2451; x_wconf 85' lang='lat' dir='ltr'>occidit,</span> <span class='ocrx_word' id='word_1_298' title='bbox 774 2384 920 2464; x_wconf 84' lang='lat' dir='ltr'>Cleopatra</span> <span class='ocrx_word' id='word_1_299' title='bbox 936 2397 1001 2433; x_wconf 84' lang='lat' dir='ltr'>vero</span> <span class='ocrx_word' id='word_1_300' title='bbox 1024 2392 1090 2430; x_wconf 81' lang='lat' dir='ltr'>cum</span> <span class='ocrx_word' id='word_1_301' title='bbox 1142 2418 1147 2430; x_wconf 86' lang='lat'>.</span> 
     </span>
     <span class='ocr_line' id='line_1_31' title="bbox 56 2445 1089 2526; baseline -0.002 -25"><span class='ocrx_word' id='word_1_302' title='bbox 56 2449 97 2502; x_wconf 80' lang='lat' dir='ltr'>ad</span> <span class='ocrx_word' id='word_1_303' title='bbox 113 2453 267 2520; x_wconf 77' lang='lat' dir='ltr'>Augustum</span> <span class='ocrx_word' id='word_1_304' title='bbox 290 2463 361 2506; x_wconf 86' lang='lat' dir='ltr'>esset</span> <span class='ocrx_word' id='word_1_305' title='bbox 376 2455 508 2522; x_wconf 86' lang='lat' dir='ltr'>adducta,</span> <span class='ocrx_word' id='word_1_306' title='bbox 533 2463 563 2508; x_wconf 87' lang='lat' dir='ltr'>et</span> <span class='ocrx_word' id='word_1_307' title='bbox 584 2455 614 2508; x_wconf 88' lang='lat' dir='ltr'>in</span> <span class='ocrx_word' id='word_1_308' title='bbox 631 2454 755 2506; x_wconf 85' lang='lat' dir='ltr'>custodia</span> <span class='ocrx_word' id='word_1_309' title='bbox 771 2469 829 2505; x_wconf 87' lang='lat' dir='ltr'>esse</span> <span class='ocrx_word' id='word_1_310' title='bbox 844 2469 916 2505; x_wconf 78' lang='lat' dir='ltr'>iussa</span> <span class='ocrx_word' id='word_1_311' title='bbox 934 2455 1017 2517; x_wconf 85' lang='lat' dir='ltr'>esset,</span> <span class='ocrx_word' id='word_1_312' title='bbox 1040 2445 1089 2526; x_wconf 59' lang='lat' dir='ltr'>ad:</span> 
     </span>
     <span class='ocr_line' id='line_1_32' title="bbox 55 2513 1088 2603; baseline 0.002 -32"><span class='ocrx_word' id='word_1_313' title='bbox 55 2520 219 2572; x_wconf 78' lang='lat' dir='ltr'>motia&#39;sibi</span> <span class='ocrx_word' id='word_1_314' title='bbox 241 2528 273 2572; x_wconf 88' lang='lat' dir='ltr'>ut</span> <span class='ocrx_word' id='word_1_315' title='bbox 295 2531 408 2589; x_wconf 89' lang='lat' dir='ltr'>putatur</span> <span class='ocrx_word' id='word_1_316' title='bbox 431 2525 603 2603; x_wconf 85' lang='lat' dir='ltr'>serpentibus</span> <span class='ocrx_word' id='word_1_317' title='bbox 625 2524 710 2576; x_wconf 81' lang='lat' dir='ltr'>vitam</span> <span class='ocrx_word' id='word_1_318' title='bbox 732 2517 839 2584; x_wconf 80' lang='lat' dir='ltr'>finivit]</span> <span class='ocrx_word' id='word_1_319' title='bbox 872 2518 924 2571; x_wconf 84' lang='lat' dir='ltr'>Sed</span> <span class='ocrx_word' id='word_1_320' title='bbox 941 2516 1005 2597; x_wconf 65' lang='lat' dir='ltr'>quia</span> <span class='ocrx_word' id='word_1_321' title='bbox 1021 2513 1088 2567; x_wconf 78' lang='lat' dir='ltr'>belh</span> 
     </span>
     <span class='ocr_line' id='line_1_33' title="bbox 54 2587 1088 2663; baseline 0.01 -23"><span class='ocrx_word' id='word_1_322' title='bbox 54 2587 144 2640; x_wconf 83' lang='lat' dir='ltr'>civilis</span> <span class='ocrx_word' id='word_1_323' title='bbox 159 2588 315 2659; x_wconf 89' lang='lat' dir='ltr'>triumphus</span> <span class='ocrx_word' id='word_1_324' title='bbox 333 2592 420 2663; x_wconf 89' lang='lat' dir='ltr'>turpis</span> <span class='ocrx_word' id='word_1_325' title='bbox 432 2594 553 2657; x_wconf 84' lang='lat' dir='ltr'>videtur,</span> <span class='ocrx_word' id='word_1_326' title='bbox 569 2591 679 2645; x_wconf 88' lang='lat' dir='ltr'>laborat</span> <span class='ocrx_word' id='word_1_327' title='bbox 694 2593 790 2660; x_wconf 69' lang='lat' dir='ltr'>poeta,</span> <span class='ocrx_word' id='word_1_328' title='bbox 807 2595 838 2638; x_wconf 82' lang='lat' dir='ltr'>ut</span> <span class='ocrx_word' id='word_1_329' title='bbox 854 2587 969 2653; x_wconf 69' lang='lat' dir='ltr'>pr⁰bet2</span> <span class='ocrx_word' id='word_1_330' title='bbox 984 2590 1088 2636; x_wconf 70' lang='lat' dir='ltr'>¹¹¹⁶tum</span> 
     </span>
     <span class='ocr_line' id='line_1_34' title="bbox 54 2653 1090 2736; baseline 0.006 -26"><span class='ocrx_word' id='word_1_331' title='bbox 54 2656 164 2710; x_wconf 81' lang='lat' dir='ltr'>bellum</span> <span class='ocrx_word' id='word_1_332' title='bbox 186 2658 284 2724; x_wconf 84' lang='lat' dir='ltr'>iuissa,</span> <span class='ocrx_word' id='word_1_333' title='bbox 308 2658 415 2726; x_wconf 84' lang='lat' dir='ltr'>dicens,</span> <span class='ocrx_word' id='word_1_334' title='bbox 438 2663 591 2733; x_wconf 76' lang='lat' dir='ltr'>Augustum</span> <span class='ocrx_word' id='word_1_335' title='bbox 614 2677 672 2713; x_wconf 84' lang='lat' dir='ltr'>ease</span> <span class='ocrx_word' id='word_1_336' title='bbox 696 2675 762 2710; x_wconf 87' lang='lat' dir='ltr'>cum</span> <span class='ocrx_word' id='word_1_337' title='bbox 783 2656 907 2736; x_wconf 83' lang='lat' dir='ltr'>patribus</span> <span class='ocrx_word' id='word_1_338' title='bbox 925 2653 1090 2730; x_wconf 58' lang='lat' dir='ltr'>popul0‘lu‘a</span> 
     </span>
     <span class='ocr_line' id='line_1_35' title="bbox 27 2722 1090 2799; baseline -0.003 -23"><span class='ocrx_word' id='word_1_339' title='bbox 27 2740 31 2746; x_wconf 89' lang='lat'>·</span> <span class='ocrx_word' id='word_1_340' title='bbox 54 2725 218 2798; x_wconf 82' lang='lat' dir='ltr'>penatibus,</span> <span class='ocrx_word' id='word_1_341' title='bbox 235 2733 263 2778; x_wconf 88' lang='lat' dir='ltr'>et</span> <span class='ocrx_word' id='word_1_342' title='bbox 280 2727 388 2797; x_wconf 81' lang='lat' dir='ltr'>magnis</span> <span class='ocrx_word' id='word_1_343' title='bbox 404 2728 469 2796; x_wconf 77' lang='lat' dir='ltr'>diis3</span> <span class='ocrx_word' id='word_1_344' title='bbox 493 2736 591 2780; x_wconf 83' lang='lat' dir='ltr'>contra</span> <span class='ocrx_word' id='word_1_345' title='bbox 608 2744 674 2779; x_wconf 89' lang='lat' dir='ltr'>cum</span> <span class='ocrx_word' id='word_1_346' title='bbox 690 2727 809 2778; x_wconf 83' lang='lat' dir='ltr'>Antonro</span> <span class='ocrx_word' id='word_1_347' title='bbox 826 2722 930 2799; x_wconf 69' lang='lat' dir='ltr'>aurilia¹</span> <span class='ocrx_word' id='word_1_348' title='bbox 941 2735 1090 2798; x_wconf 53' lang='lat' dir='ltr'>peregrum</span> 
     </span>
     <span class='ocr_line' id='line_1_36' title="bbox 55 2790 1131 2867; baseline 0.002 -20"><span class='ocrx_word' id='word_1_349' title='bbox 55 2800 89 2847; x_wconf 87' lang='lat' dir='ltr'>et</span> <span class='ocrx_word' id='word_1_350' title='bbox 111 2802 284 2849; x_wconf 82' lang='lat' dir='ltr'>monstruosa</span> <span class='ocrx_word' id='word_1_351' title='bbox 300 2797 417 2866; x_wconf 77' lang='lat' dir='ltr'>Aegypti</span> <span class='ocrx_word' id='word_1_352' title='bbox 440 2796 569 2848; x_wconf 89' lang='lat' dir='ltr'>numina:</span> <span class='ocrx_word' id='word_1_353' title='bbox 594 2803 622 2848; x_wconf 89' lang='lat' dir='ltr'>et</span> <span class='ocrx_word' id='word_1_354' title='bbox 644 2812 677 2848; x_wconf 89' lang='lat' dir='ltr'>re</span> <span class='ocrx_word' id='word_1_355' title='bbox 698 2810 764 2846; x_wconf 87' lang='lat' dir='ltr'>vera</span> <span class='ocrx_word' id='word_1_356' title='bbox 785 2791 816 2842; x_wconf 87' lang='lat' dir='ltr'>in</span> <span class='ocrx_word' id='word_1_357' title='bbox 840 2795 963 2842; x_wconf 80' lang='lat' dir='ltr'>exercitu</span> <span class='ocrx_word' id='word_1_358' title='bbox 978 2790 1090 2867; x_wconf 70' lang='lat' dir='ltr'>Antontt</span> <span class='ocrx_word' id='word_1_359' title='bbox 1127 2844 1131 2849; x_wconf 82' lang='grc'><em>.</em></span> 
     </span>
     <span class='ocr_line' id='line_1_37' title="bbox 57 2859 1093 2978; baseline -0.006 -64"><span class='ocrx_word' id='word_1_360' title='bbox 57 2876 158 2915; x_wconf 71' lang='lat' dir='ltr'>omnes</span> <span class='ocrx_word' id='word_1_361' title='bbox 173 2862 290 2929; x_wconf 78' lang='lat' dir='ltr'>Barbari</span> <span class='ocrx_word' id='word_1_362' title='bbox 313 2866 434 2917; x_wconf 71' lang='lat' dir='ltr'>ruerunt</span> <span class='ocrx_word' id='word_1_363' title='bbox 469 2863 549 2933; x_wconf 90' lang='lat' dir='ltr'>Quod</span> <span class='ocrx_word' id='word_1_364' title='bbox 573 2871 601 2914; x_wconf 90' lang='lat' dir='ltr'>et</span> <span class='ocrx_word' id='word_1_365' title='bbox 616 2862 746 2932; x_wconf 81' lang='lat' dir='ltr'>Virgilius</span> <span class='ocrx_word' id='word_1_366' title='bbox 768 2859 848 2924; x_wconf 83' lang='lat' dir='ltr'>dicit,</span> <span class='ocrx_word' id='word_1_367' title='bbox 871 2859 1093 2978; x_wconf 41' lang='lat' dir='ltr'>*dmm-&#39;&#39;²&#39;&#39;</span> 
     </span>
     <span class='ocr_line' id='line_1_38' title="bbox 57 2927 1158 3008; baseline -0.008 -24"><span class='ocrx_word' id='word_1_368' title='bbox 57 2948 158 2999; x_wconf 76' lang='lat' dir='ltr'>resque</span> <span class='ocrx_word' id='word_1_369' title='bbox 176 2933 307 2998; x_wconf 84' lang='lat' dir='ltr'>orientis,</span> <span class='ocrx_word' id='word_1_370' title='bbox 335 2946 415 3001; x_wconf 77' lang='lat' dir='ltr'>atque</span> <span class='ocrx_word' id='word_1_371' title='bbox 435 2934 535 2984; x_wconf 86' lang='lat' dir='ltr'>ultima</span> <span class='ocrx_word' id='word_1_372' title='bbox 560 2949 654 2996; x_wconf 80' lang='lat' dir='ltr'>secum</span> <span class='ocrx_word' id='word_1_373' title='bbox 671 2932 774 2995; x_wconf 75' lang='lat' dir='ltr'>Bactra</span> <span class='ocrx_word' id='word_1_374' title='bbox 792 2927 873 3008; x_wconf 69' lang='lat' dir='ltr'>qeltit.</span> <span class='ocrx_word' id='word_1_375' title='bbox 933 2927 986 2979; x_wconf 88' lang='lat' dir='ltr'>nde</span> <span class='ocrx_word' id='word_1_376' title='bbox 1003 2930 1089 2977; x_wconf 81' lang='lat' dir='ltr'>etiam</span> <span class='ocrx_word' id='word_1_377' title='bbox 1127 2955 1158 2971; x_wconf 79' lang='lat'>.-</span> 
     </span>
     <span class='ocr_line' id='line_1_39' title="bbox 55 2994 1092 3067; baseline -0.011 -14"><span class='ocrx_word' id='word_1_378' title='bbox 55 3000 95 3053; x_wconf 86' lang='lat' dir='ltr'>de</span> <span class='ocrx_word' id='word_1_379' title='bbox 121 3000 174 3053; x_wconf 89' lang='lat' dir='ltr'>hoo</span> <span class='ocrx_word' id='word_1_380' title='bbox 198 3000 271 3053; x_wconf 83' lang='lat' dir='ltr'>bello</span> <span class='ocrx_word' id='word_1_381' title='bbox 293 3020 309 3054; x_wconf 86' lang='lat' dir='ltr'>a</span> <span class='ocrx_word' id='word_1_382' title='bbox 331 3002 352 3052; x_wconf 89' lang='lat' dir='ltr'>&#39;t</span> <span class='ocrx_word' id='word_1_383' title='bbox 374 3001 460 3053; x_wconf 91' lang='lat' dir='ltr'>trium</span> <span class='ocrx_word' id='word_1_384' title='bbox 479 3001 557 3053; x_wconf 86' lang='lat' dir='ltr'>hum.</span> <span class='ocrx_word' id='word_1_385' title='bbox 604 3001 662 3053; x_wconf 90' lang='lat' dir='ltr'>Neo</span> <span class='ocrx_word' id='word_1_386' title='bbox 679 2998 762 3053; x_wconf 71' lang='lat' dir='ltr'>euim</span> <span class='ocrx_word' id='word_1_387' title='bbox 779 2994 862 3049; x_wconf 79' lang='lat' dir='ltr'>‘civile</span> <span class='ocrx_word' id='word_1_388' title='bbox 887 2998 1092 3067; x_wconf 73' lang='lat' dir='ltr'>putatum-su,</span> 
     </span>
     <span class='ocr_line' id='line_1_40' title="bbox 57 3016 1089 3186; baseline -0.007 -66"><span class='ocrx_word' id='word_1_389' title='bbox 57 3068 137 3138; x_wconf 83' lang='lat' dir='ltr'>quod</span> <span class='ocrx_word' id='word_1_390' title='bbox 150 3016 344 3133; x_wconf 67' lang='lat' dir='ltr'>tantummodi)</span> <span class='ocrx_word' id='word_1_391' title='bbox 360 3071 489 3122; x_wconf 83' lang='lat' dir='ltr'>Romano</span> <span class='ocrx_word' id='word_1_392' title='bbox 506 3070 575 3122; x_wconf 88' lang='lat' dir='ltr'>duce</span> <span class='ocrx_word' id='word_1_393' title='bbox 597 3077 708 3138; x_wconf 83' lang='lat' dir='ltr'>gestum</span> <span class='ocrx_word' id='word_1_394' title='bbox 724 3074 779 3132; x_wconf 88' lang='lat' dir='ltr'>est,</span> <span class='ocrx_word' id='word_1_395' title='bbox 803 3063 851 3135; x_wconf 91' lang='lat' dir='ltr'>qui</span> <span class='ocrx_word' id='word_1_396' title='bbox 868 3064 970 3186; x_wconf 74' lang='lat' dir='ltr'>etipse</span> <span class='ocrx_word' id='word_1_397' title='bbox 986 3058 1089 3115; x_wconf 83' lang='lat' dir='ltr'>Barba·</span> 
     </span>
     <span class='ocr_line' id='line_1_41' title="bbox 55 3135 1093 3208; baseline -0.007 -16"><span class='ocrx_word' id='word_1_398' title='bbox 55 3154 110 3192; x_wconf 82' lang='lat' dir='ltr'>rae</span> <span class='ocrx_word' id='word_1_399' title='bbox 125 3135 261 3190; x_wconf 83' lang='lat' dir='ltr'>serviebat</span> <span class='ocrx_word' id='word_1_400' title='bbox 276 3139 369 3190; x_wconf 86' lang='lat' dir='ltr'>uxori:</span> <span class='ocrx_word' id='word_1_401' title='bbox 386 3139 456 3192; x_wconf 88' lang='lat' dir='ltr'>adeo</span> <span class='ocrx_word' id='word_1_402' title='bbox 472 3145 505 3190; x_wconf 90' lang='lat' dir='ltr'>ut</span> <span class='ocrx_word' id='word_1_403' title='bbox 520 3137 660 3208; x_wconf 88' lang='lat' dir='ltr'>praetoria</span> <span class='ocrx_word' id='word_1_404' title='bbox 677 3136 705 3190; x_wconf 88' lang='lat' dir='ltr'>ei</span> <span class='ocrx_word' id='word_1_405' title='bbox 720 3141 811 3188; x_wconf 85' lang='lat' dir='ltr'>castra</span> <span class='ocrx_word' id='word_1_406' title='bbox 826 3148 913 3186; x_wconf 86' lang='lat' dir='ltr'>conoe</span> <span class='ocrx_word' id='word_1_407' title='bbox 933 3137 1006 3196; x_wconf 79' lang='lat' dir='ltr'>eret3</span> <span class='ocrx_word' id='word_1_408' title='bbox 1022 3141 1093 3198; x_wconf 72' lang='lat'>‹11²0-</span> 
     </span>
     <span class='ocr_line' id='line_1_42' title="bbox 37 3197 1092 3278; baseline 0 -22"><span class='ocrx_word' id='word_1_409' title='bbox 37 3221 126 3260; x_wconf 66' lang='lat' dir='ltr'>rum</span> <span class='ocrx_word' id='word_1_410' title='bbox 142 3205 191 3274; x_wconf 88' lang='lat' dir='ltr'>qui</span> <span class='ocrx_word' id='word_1_411' title='bbox 227 3206 365 3265; x_wconf 78' lang='lat' dir='ltr'>otiabatur</span> <span class='ocrx_word' id='word_1_412' title='bbox 387 3207 521 3278; x_wconf 83' lang='lat' dir='ltr'>imperio,</span> <span class='ocrx_word' id='word_1_413' title='bbox 542 3208 602 3277; x_wconf 84' lang='lat' dir='ltr'>ipse</span> <span class='ocrx_word' id='word_1_414' title='bbox 625 3204 741 3258; x_wconf 82' lang='lat' dir='ltr'>vocabat</span> <span class='ocrx_word' id='word_1_415' title='bbox 760 3200 922 3257; x_wconf 75' lang='lat' dir='ltr'>¹exercitum.</span> <span class='ocrx_word' id='word_1_416' title='bbox 955 3197 1034 3251; x_wconf 79' lang='lat' dir='ltr'>Unde</span> <span class='ocrx_word' id='word_1_417' title='bbox 1049 3201 1092 3250; x_wconf 64' lang='lat'>⁶⁸2</span> 
     </span>
     <span class='ocr_line' id='line_1_43' title="bbox 53 3266 1090 3351; baseline -0.003 -25"><span class='ocrx_word' id='word_1_418' title='bbox 53 3274 107 3329; x_wconf 89' lang='lat' dir='ltr'>illo</span> <span class='ocrx_word' id='word_1_419' title='bbox 123 3273 185 3324; x_wconf 89' lang='lat' dir='ltr'>loco</span> <span class='ocrx_word' id='word_1_420' title='bbox 254 3275 400 3346; x_wconf 84' lang='lat' dir='ltr'>Cleopatra</span> <span class='ocrx_word' id='word_1_421' title='bbox 417 3276 512 3344; x_wconf 82' lang='lat'><strong>(696.):</strong></span> <span class='ocrx_word' id='word_1_422' title='bbox 536 3275 631 3327; x_wconf 84' lang='lat' dir='ltr'>Patrio</span> <span class='ocrx_word' id='word_1_423' title='bbox 648 3286 729 3326; x_wconf 81' lang='lat' dir='ltr'>uocat</span> <span class='ocrx_word' id='word_1_424' title='bbox 753 3272 870 3351; x_wconf 72' lang='lat' dir='ltr'>agmina</span> <span class='ocrx_word' id='word_1_425' title='bbox 888 3273 982 3350; x_wconf 61' lang='lat' dir='ltr'>sirtrv·</span> <span class='ocrx_word' id='word_1_426' title='bbox 1015 3266 1090 3317; x_wconf 74' lang='lat' dir='ltr'>Nam</span> 
     </span>
     <span class='ocr_line' id='line_1_44' title="bbox 56 3332 1089 3417; baseline -0.008 -25"><span class='ocrx_word' id='word_1_427' title='bbox 56 3342 193 3400; x_wconf 75' lang='lat' dir='ltr'>Antonius</span> <span class='ocrx_word' id='word_1_428' title='bbox 217 3344 359 3397; x_wconf 86' lang='lat' dir='ltr'>consulare</span> <span class='ocrx_word' id='word_1_429' title='bbox 381 3345 434 3397; x_wconf 88' lang='lat' dir='ltr'>sibi</span> <span class='ocrx_word' id='word_1_430' title='bbox 456 3351 567 3413; x_wconf 84' lang='lat' dir='ltr'>tantum</span> <span class='ocrx_word' id='word_1_431' title='bbox 589 3341 705 3397; x_wconf 88' lang='lat' dir='ltr'>detinuit</span> <span class='ocrx_word' id='word_1_432' title='bbox 726 3341 891 3411; x_wconf 82' lang='lat' dir='ltr'>imperrum,</span> <span class='ocrx_word' id='word_1_433' title='bbox 913 3355 944 3417; x_wconf 79' lang='lat' dir='ltr'>an</span> <span class='ocrx_word' id='word_1_434' title='bbox 960 3349 1015 3404; x_wconf 93' lang='lat' dir='ltr'>quo</span> <span class='ocrx_word' id='word_1_435' title='bbox 1031 3332 1089 3414; x_wconf 76' lang='lat' dir='ltr'>sola</span> 
     </span>
     <span class='ocr_line' id='line_1_45' title="bbox 57 3402 1093 3485; baseline -0.005 -19"><span class='ocrx_word' id='word_1_436' title='bbox 57 3417 103 3466; x_wconf 83' lang='lat' dir='ltr'>est</span> <span class='ocrx_word' id='word_1_437' title='bbox 126 3417 244 3482; x_wconf 80' lang='lat' dir='ltr'>potestas</span> <span class='ocrx_word' id='word_1_438' title='bbox 265 3411 387 3465; x_wconf 83' lang='lat' dir='ltr'>iubendi</span> <span class='ocrx_word' id='word_1_439' title='bbox 427 3413 477 3467; x_wconf 91' lang='lat' dir='ltr'>Ille</span> <span class='ocrx_word' id='word_1_440' title='bbox 499 3412 580 3473; x_wconf 54' lang='lat' dir='ltr'>enirn¹</span> <span class='ocrx_word' id='word_1_441' title='bbox 598 3411 674 3465; x_wconf 89' lang='lat' dir='ltr'>ducit</span> <span class='ocrx_word' id='word_1_442' title='bbox 695 3410 861 3472; x_wconf 80' lang='lat' dir='ltr'>exercitum,</span> <span class='ocrx_word' id='word_1_443' title='bbox 883 3422 932 3475; x_wconf 85' lang='lat' dir='ltr'>qut</span> <span class='ocrx_word' id='word_1_444' title='bbox 954 3402 1093 3485; x_wconf 49' lang='lat' dir='ltr'>hebetum</span> 
     </span>
     <span class='ocr_line' id='line_1_46' title="bbox 45 3471 1091 3551; baseline -0.011 -19"><span class='ocrx_word' id='word_1_445' title='bbox 45 3487 197 3551; x_wconf 50' lang='lat' dir='ltr'>¹potestate</span> <span class='ocrx_word' id='word_1_446' title='bbox 218 3488 310 3533; x_wconf 76' lang='lat' dir='ltr'>cattra</span> <span class='ocrx_word' id='word_1_447' title='bbox 350 3481 478 3535; x_wconf 86' lang='lat' dir='ltr'>raetoria.</span> <span class='ocrx_word' id='word_1_448' title='bbox 494 3507 529 3520; x_wconf 91' lang='grc'>·-</span> <span class='ocrx_word' id='word_1_449' title='bbox 569 3485 631 3540; x_wconf 82' lang='grc'>679.</span> <span class='ocrx_word' id='word_1_450' title='bbox 656 3478 808 3530; x_wconf 77' lang='lat' dir='ltr'>Penatibus</span> <span class='ocrx_word' id='word_1_451' title='bbox 833 3487 858 3526; x_wconf 80' lang='lat' dir='ltr'>ct</span> <span class='ocrx_word' id='word_1_452' title='bbox 881 3474 994 3539; x_wconf 82' lang='lat' dir='ltr'>magnis</span> <span class='ocrx_word' id='word_1_453' title='bbox 1017 3471 1091 3550; x_wconf 64' lang='lat' dir='ltr'>dns,-</span> 
     </span>
     <span class='ocr_line' id='line_1_47' title="bbox 56 3497 1091 3618; baseline -0.011 -16"><span class='ocrx_word' id='word_1_454' title='bbox 56 3548 110 3602; x_wconf 77' lang='lat' dir='ltr'>alii</span> <span class='ocrx_word' id='word_1_455' title='bbox 125 3548 176 3618; x_wconf 88' lang='lat' dir='ltr'>[id]</span> <span class='ocrx_word' id='word_1_456' title='bbox 194 3565 282 3601; x_wconf 91' lang='lat' dir='ltr'>unum</span> <span class='ocrx_word' id='word_1_457' title='bbox 299 3497 393 3602; x_wconf 70' lang='lat' dir='ltr'>uniunt</span> <span class='ocrx_word' id='word_1_458' title='bbox 409 3567 482 3603; x_wconf 85' lang='lat' dir='ltr'>esse:</span> <span class='ocrx_word' id='word_1_459' title='bbox 506 3551 553 3603; x_wconf 87' lang='lat' dir='ltr'>alii</span> <span class='ocrx_word' id='word_1_460' title='bbox 569 3555 713 3616; x_wconf 78' lang='lat' dir='ltr'>separant3</span> <span class='ocrx_word' id='word_1_461' title='bbox 737 3554 771 3599; x_wconf 92' lang='lat' dir='ltr'>ut</span> <span class='ocrx_word' id='word_1_462' title='bbox 793 3560 917 3611; x_wconf 72' lang='lat' dir='ltr'>magnae</span> <span class='ocrx_word' id='word_1_463' title='bbox 929 3542 996 3592; x_wconf 82' lang='lat' dir='ltr'>deos</span> <span class='ocrx_word' id='word_1_464' title='bbox 1019 3554 1091 3618; x_wconf 67' lang='lat' dir='ltr'>asor-</span> 
     </span>
     <span class='ocr_line' id='line_1_48' title="bbox 57 3607 1092 3690; baseline -0.009 -21"><span class='ocrx_word' id='word_1_465' title='bbox 57 3619 120 3690; x_wconf 77' lang='lat' dir='ltr'>piaa</span> <span class='ocrx_word' id='word_1_466' title='bbox 137 3617 245 3685; x_wconf 82' lang='lat' dir='ltr'>Iovem,</span> <span class='ocrx_word' id='word_1_467' title='bbox 259 3618 430 3684; x_wconf 87' lang='lat' dir='ltr'>Minervam,</span> <span class='ocrx_word' id='word_1_468' title='bbox 446 3617 635 3683; x_wconf 86' lang='lat' dir='ltr'>Mercurium,</span> <span class='ocrx_word' id='word_1_469' title='bbox 689 3631 718 3666; x_wconf 87' lang='lat' dir='ltr'>os</span> <span class='ocrx_word' id='word_1_470' title='bbox 730 3616 836 3668; x_wconf 83' lang='lat' dir='ltr'>Aeneas</span> <span class='ocrx_word' id='word_1_471' title='bbox 851 3612 887 3665; x_wconf 89' lang='lat' dir='ltr'>de</span> <span class='ocrx_word' id='word_1_472' title='bbox 903 3607 1092 3688; x_wconf 76' lang='lat' dir='ltr'>Samothrqma</span> 
     </span>
     <span class='ocr_line' id='line_1_49' title="bbox 57 3676 1092 3756; baseline -0.006 -18"><span class='ocrx_word' id='word_1_473' title='bbox 57 3685 176 3739; x_wconf 74' lang='lat' dir='ltr'>sustulit.</span> <span class='ocrx_word' id='word_1_474' title='bbox 193 3694 228 3724; x_wconf 57' lang='grc' dir='ltr'>-ὲ</span> <span class='ocrx_word' id='word_1_475' title='bbox 261 3693 323 3745; x_wconf 79' lang='grc'><strong>680.</strong></span> <span class='ocrx_word' id='word_1_476' title='bbox 343 3686 480 3756; x_wconf 75' lang='lat' dir='ltr'>Tempora</span> <span class='ocrx_word' id='word_1_477' title='bbox 498 3687 637 3756; x_wconf 74' lang='lat' dir='ltr'>flammae</span> <span class='ocrx_word' id='word_1_478' title='bbox 687 3695 749 3735; x_wconf 84' lang='lat' dir='ltr'>aeta</span> <span class='ocrx_word' id='word_1_479' title='bbox 773 3692 905 3746; x_wconf 79' lang='lat' dir='ltr'>vomunt3</span> <span class='ocrx_word' id='word_1_480' title='bbox 929 3676 1092 3730; x_wconf 70' lang='lat' dir='ltr'>annualiter</span> 
     </span>
     <span class='ocr_line' id='line_1_50' title="bbox 34 3745 1211 3829; baseline -0.011 -20"><span class='ocrx_word' id='word_1_481' title='bbox 34 3758 36 3763; x_wconf 86' lang='lat'>&#39;</span> <span class='ocrx_word' id='word_1_482' title='bbox 60 3753 140 3809; x_wconf 78' lang='lat' dir='ltr'>euim</span> <span class='ocrx_word' id='word_1_483' title='bbox 155 3755 291 3826; x_wconf 76' lang='lat' dir='ltr'>Augustus</span> <span class='ocrx_word' id='word_1_484' title='bbox 307 3756 401 3824; x_wconf 82' lang='lat' dir='ltr'>igneos</span> <span class='ocrx_word' id='word_1_485' title='bbox 418 3756 511 3807; x_wconf 82' lang='lat' dir='ltr'>oculos</span> <span class='ocrx_word' id='word_1_486' title='bbox 527 3754 656 3808; x_wconf 77' lang='lat' dir='ltr'>habuisse</span> <span class='ocrx_word' id='word_1_487' title='bbox 671 3752 785 3817; x_wconf 87' lang='lat' dir='ltr'>dicitur,</span> <span class='ocrx_word' id='word_1_488' title='bbox 807 3749 876 3829; x_wconf 70' lang='lat' dir='ltr'>adpo</span> <span class='ocrx_word' id='word_1_489' title='bbox 900 3754 932 3798; x_wconf 89' lang='lat' dir='ltr'>ut</span> <span class='ocrx_word' id='word_1_490' title='bbox 952 3745 1093 3816; x_wconf 85' lang='lat' dir='ltr'>[obtutum</span> <span class='ocrx_word' id='word_1_491' title='bbox 1146 3758 1148 3763; x_wconf 57' lang='lat'><strong><em>⁴</em></strong></span> <span class='ocrx_word' id='word_1_492' title='bbox 1208 3818 1211 3827; x_wconf 31' lang='grc' dir='ltr'>Ι</span> 
     </span>
     <span class='ocr_line' id='line_1_51' title="bbox 58 3812 1097 3896; baseline -0.001 -20"><span class='ocrx_word' id='word_1_493' title='bbox 58 3822 120 3876; x_wconf 81' lang='lat' dir='ltr'>aius</span> <span class='ocrx_word' id='word_1_494' title='bbox 132 3825 228 3875; x_wconf 69' lang='lat' dir='ltr'>“nemo</span> <span class='ocrx_word' id='word_1_495' title='bbox 251 3832 349 3877; x_wconf 85' lang='lat' dir='ltr'>contra</span> <span class='ocrx_word' id='word_1_496' title='bbox 366 3841 396 3877; x_wconf 85' lang='lat' dir='ltr'>aa</span> <span class='ocrx_word' id='word_1_497' title='bbox 416 3832 509 3878; x_wconf 85' lang='lat' dir='ltr'>actare</span> <span class='ocrx_word' id='word_1_498' title='bbox 532 3828 636 3894; x_wconf 83' lang='lat' dir='ltr'>posset:</span> <span class='ocrx_word' id='word_1_499' title='bbox 658 3817 789 3888; x_wconf 87' lang='lat' dir='ltr'>denique]</span> <span class='ocrx_word' id='word_1_500' title='bbox 807 3817 922 3896; x_wconf 77' lang='lat' dir='ltr'>quidam</span> <span class='ocrx_word' id='word_1_501' title='bbox 937 3829 1020 3894; x_wconf 63' lang='lat' dir='ltr'>equqt</span> <span class='ocrx_word' id='word_1_502' title='bbox 1036 3812 1097 3894; x_wconf 48' lang='grc' dir='ltr'>ΡΨ.</span> 
     </span>
     <span class='ocr_line' id='line_1_52' title="bbox 60 3842 1092 3964; baseline -0.011 -19"><span class='ocrx_word' id='word_1_503' title='bbox 60 3905 162 3945; x_wconf 72' lang='lat' dir='ltr'>manua</span> <span class='ocrx_word' id='word_1_504' title='bbox 177 3891 363 3961; x_wconf 82' lang='lat' dir='ltr'>interrogatus</span> <span class='ocrx_word' id='word_1_505' title='bbox 380 3842 416 3945; x_wconf 67' lang='lat' dir='ltr'>ai</span> <span class='ocrx_word' id='word_1_506' title='bbox 434 3907 483 3956; x_wconf 88' lang='lat' dir='ltr'>eo,</span> <span class='ocrx_word' id='word_1_507' title='bbox 499 3907 564 3958; x_wconf 85' lang='lat' dir='ltr'>cur,</span> <span class='ocrx_word' id='word_1_508' title='bbox 580 3909 609 3943; x_wconf 85' lang='lat' dir='ltr'>se</span> <span class='ocrx_word' id='word_1_509' title='bbox 626 3891 697 3954; x_wconf 89' lang='lat' dir='ltr'>viso,</span> <span class='ocrx_word' id='word_1_510' title='bbox 714 3894 835 3951; x_wconf 75' lang='lat' dir='ltr'>verteret</span> <span class='ocrx_word' id='word_1_511' title='bbox 849 3886 965 3964; x_wconf 73' lang='lat' dir='ltr'>fatrem:</span> <span class='ocrx_word' id='word_1_512' title='bbox 982 3882 1092 3962; x_wconf 73' lang='lat' dir='ltr'>dixerit:</span> 
     </span>
     <span class='ocr_line' id='line_1_53' title="bbox 50 3948 1093 4030; baseline -0.008 -21"><span class='ocrx_word' id='word_1_513' title='bbox 50 3960 132 4026; x_wconf 80' lang='lat' dir='ltr'>&#39;quia</span> <span class='ocrx_word' id='word_1_514' title='bbox 143 3958 259 4028; x_wconf 71' lang='lat' dir='ltr'>fulmen</span> <span class='ocrx_word' id='word_1_515' title='bbox 277 3961 423 4013; x_wconf 82' lang='lat' dir='ltr'>oculorum</span> <span class='ocrx_word' id='word_1_516' title='bbox 441 3973 555 4013; x_wconf 83' lang='lat' dir='ltr'>tuorum</span> <span class='ocrx_word' id='word_1_517' title='bbox 566 3960 646 4030; x_wconf 76' lang='lat' dir='ltr'>sarra</span> <span class='ocrx_word' id='word_1_518' title='bbox 664 3973 721 4009; x_wconf 84' lang='lat' dir='ltr'>non</span> <span class='ocrx_word' id='word_1_519' title='bbox 738 3948 1093 4028; x_wconf 76' lang='lat' dir='ltr'>possum3stcuta1t8ue·</span> 
     </span>
     <span class='ocr_line' id='line_1_54' title="bbox 61 4015 1092 4109; baseline -0.008 -29"><span class='ocrx_word' id='word_1_520' title='bbox 61 4027 155 4084; x_wconf 84' lang='lat' dir='ltr'>tonius</span> <span class='ocrx_word' id='word_1_521' title='bbox 173 4030 251 4098; x_wconf 78' lang='lat' dir='ltr'>(Aug.</span> <span class='ocrx_word' id='word_1_522' title='bbox 268 4030 333 4094; x_wconf 82' lang='grc'><strong>79.).</strong></span> <span class='ocrx_word' id='word_1_523' title='bbox 350 4054 386 4068; x_wconf 93' lang='lat'><em>-</em></span> <span class='ocrx_word' id='word_1_524' title='bbox 419 4035 482 4094; x_wconf 79' lang='lat'><strong>581.</strong></span> <span class='ocrx_word' id='word_1_525' title='bbox 499 4029 630 4096; x_wconf 73' lang='lat' dir='ltr'>Aperitur</span> <span class='ocrx_word' id='word_1_526' title='bbox 651 4028 752 4081; x_wconf 73' lang='lat' dir='ltr'>uertice</span> <span class='ocrx_word' id='word_1_527' title='bbox 775 4025 874 4090; x_wconf 68' lang='lat' dir='ltr'>sidus,</span> <span class='ocrx_word' id='word_1_528' title='bbox 898 4015 1037 4109; x_wconf 80' lang='lat' dir='ltr'>[apparet]</span> <span class='ocrx_word' id='word_1_529' title='bbox 1059 4033 1092 4068; x_wconf 81' lang='lat' dir='ltr'>u·</span> 
     </span>
    </p>
   </div>
   <div class='ocr_carea' id='block_1_3' title="bbox 0 0 1232 4500">
    <p class='ocr_par' dir='ltr' id='par_1_3' title="bbox 0 0 1232 4500">
     <span class='ocr_line' id='line_1_55' title="bbox 0 0 1232 4500; baseline 0 1"><span class='ocrx_word' id='word_1_530' title='bbox 0 0 1232 4500; x_wconf 95' lang='lat' dir='ltr'> </span> 
     </span>
    </p>
   </div>
  </div>
 </body>
</html>
