2454 4500
100 261 142 330 10
362 252 501 317 suurn
524 245 883 322 COMMENTARIUS

100 442 243 505 volutans,
260 438 325 492 talla
342 436 496 493 revolutam
510 435 668 507 accipiunt.)
685 458 720 474 -·
754 438 798 496 51.
814 432 1006 504 Nimborum
1023 434 1138 491 nimiu

100 527 174 569 nunc
191 517 284 561 ventos
300 508 451 578 significet:
467 506 631 576 plerumque
647 503 736 569 nubes
751 504 794 556 vel
811 504 924 573 pluvias.
957 506 1036 576 Ergo
1054 500 1152 579 prout'

101 578 177 634 loeus
212 578 319 644 fuerit,
352 576 548 643 intelligamus.
587 572 714 643 ‚Proprie
742 579 837 624 tumen
880 573 972 625 nimbi
1002 584 1134 629 vocantu!

100 645 261 717 repentinae
279 653 307 698 et
326 646 490 715 praecipites
514 639 634 712 pluviae3
657 640 724 709 njlm
749 641 853 711 pluvias
869 640 987 694 dicimus
1003 644 1091 699 lenus
1104 650 1135 697 ιθ

98 717 183 784 iuges.
225 717 278 784 (Et
301 710 418 781 ligurut'e
443 715 585 780 patriam,
613 713 691 777 loca,
722 725 810 760 unum
834 711 911 762 enim
934 713 1055 766 varietas
1077 712 1088 765 i

98 783 253 853 significat«)
289 780 365 833 Loca
377 782 450 851 feta,-
474 796 548 832 nunc
564 780 660 850 plene,
685 785 716 828 ut
733 778 786 829 ulio
811 777 873 830 loco
891 783 936 848 (2,
952 782 1046 845 2380:
1090 788 1129 833 ιιι·

101 855 199 905 armis.
235 850 381 904 Sciendum
406 859 447 902 est
469 858 563 901 eutem
586 850 673 901 fetam
697 847 804 900 dici'et
821 849 983 915 gravidum,
1007 859 1038 903 ct
1053 856 1129 921 part!

98 922 253 976 liberatam.
293 920 330 969 Ut
354 921 396 986 (8,
413 919 500 981 030.):
524 917 637 967 Fecerat
659 928 686 967 et
708 917 798 968 viridi
816 917 909 986 fetam
932 917 1080 971 Mavortis
1101 920 1129 971 iu

101 1003 191 1042 antro.
227 986 344 1040 Enixem
361 986 454 1039 entem
471 1002 536 1039 eum
552 986 636 1038 fuisse
652 985 711 1050 luc,
736 986 810 1053 quod
826 987 920 1055 pueris
937 988 1129 1056 praebebatur,

99 1059 148 1111 illo
172 1059 233 1111 loco
259 1055 384 1109 ostendit.
418 1057 490 1108 Item
509 1054 618 1123 setam,
648 1054 804 1122 gravidum,
828 1061 859 1104 ut
883 1062 924 1107 est
947 1056 999 1121 (E.
1018 1064 1051 1121 1,
1067 1052 1130 1119 'wls

99 1126 167 1180 Non
193 1128 303 1177 insueta
328 1141 429 1191 graves
455 1123 602 1174 tentabunt
625 1123 730 1191 pabula
756 1123 843 1191 fetus.
886 1124 962 1192 Ergo
988 1125 1056 1193 quia
1079 1125 1130 1181 Md

99 1195 207 1248 medius
223 1208 314 1247 sermo
332 1200 387 1258 est,
410 1192 481 1245 bene
497 1192 551 1243 hoc
573 1189 635 1241 loco
653 1191 775 1262 epitheto
792 1191 935 1257 discrevit,
957 1192 1056 1247 dicens
1072 1210 1130 1263 gro·

100 1282 147 1317 ves
160 1264 256 1334 fetosi¹
280 1269 311 1312 ut
333 1260 439 1313 bonum
462 1261 582 1326 focinus,
604 1259 655 1330 [et]
679 1260 783 1311 irralum
799 1261 906 1312 fucinus
929 1256 1131 1330 [dicimur,etl

99 1332 205 1386 bonum
227 1346 379 1394 venenum,
409 1327 458 1397 [et]
488 1329 595 1381 malum
624 1345 769 1382 venenum.
801 1330 949 1396 'Austris3
980 1330 1074 1399 figura
1095 1334 1136 1389 αἱ

98 1401 240 1455 celebrata
262 1399 336 1469 apud
359 1397 521 1465 Virgilium:
546 1405 575 1450 et
598 1406 641 1451 est
664 1398 769 1466 speeies
792 1414 844 1469 pro
866 1414 981 1466 genere.
1016 1394 1133 1469 Legunt

100 1471 174 1540 opud
191 1468 326 1521 Ennium:
350 1464 375 1517 F
376 1468 521 1517 urentibus
539 1469 638 1518 ventis.
675 1467 728 1518 sed
746 1468 824 1535 quusi
842 1480 973 1538 asperum
997 1468 1087 1537 sugit,
1106 1472 1132 1521 ΙΙ

99 1538 190 1610 posuit
201 1538 313 1587 Austris
327 1550 378 1605 pro
392 1535 527 1587 ventis-
561 1543 604 1593 52.
621 1536 747 1586 Aeoliam
766 1536 857 1600 venit3
876 1539 887 1606 [
906 1550 938 1587 ro
954 1535 987 1587 in
1003 1538 1132 1605 Aeoliam,

99 1616 131 1659 ut
154 1610 188 1674 (v.
212 1606 263 1668 2.):
288 1604 404 1655 Italiam
422 1601 510 1672 sato]
550 1603 656 1656 Novem
679 1604 796 1675 [autem]
826 1554 946 1670 insolite,
976 1621 1050 1673 quae
1073 1610 1132 1659 tum

99 1683 162 1747 post
177 1678 281 1727 fretum
298 1672 423 1737 Siciliae,
440 1670 613 1742 appellantur
630 1674 754 1738 Aeoliae,
779 1673 815 1725 ub
831 1673 915 1727 Aeolo
932 1689 1017 1741 rege,
1032 1674 1131 1797 Hippo·
1148 1712 1152 1721 .

5 1786 7 1793 ,
100 1752 146 1797 tue
169 1742 242 1810 filio,
265 1743 329 1794 licet
353 1749 381 1793 et
404 1741 525 1793 habeant
548 1742 662 1811 propria
686 1745 808 1795 nomina.
849 1741 928 1795 Unde
952 1749 981 1794 et
1004 1745 1055 1794 Vir

98 1814 138 1866 nit
154 1818 197 1878 (8,
214 1815 302 1869 ml:
326 1810 450 1861 Aeoliam
476 1808 617 1875 Liparum.
652 1811 752 1863 Poetae
775 1810 889 1879 quidem
911 1810 1037 1878 fingunt,
1080 1820 1131 1865 uno

98 1898 197 1946 segem
215 1897 273 1933 esse
289 1890 449 1935 ventorum,
467 1879 511 1944 (Hi
532 1887 628 1948 potue,
644 1880 698 1932 sive
718 1878 803 1943 Iovis,
825 1879 880 1930 sive
897 1879 1022 1948 Neptuni
1037 1879 1135 1949 filium,

118 1950 163 2015 ni,
192 1964 256 1999 oum
285 1945 447 1999 immineret
469 1896 590 2011 bellurn,
620 1963 674 2016 quo
699 1946 873 2016 Tyrrhenus,
901 1945 1006 2017 Lypari
1036 1949 1144 2017 frate..

99 1968 316 2089 leloponnesum
334 2021 439 2066 vastare
464 2017 662 2095 proposuisset,
685 2019 782 2069 missus
800 2016 836 2068 ub
853 2018 1081 2084 Agamemnone,
1102 2022 1132 2069 ιιΙ

97 2091 171 2145 freta
194 2089 335 2145 tueretur,
365 2090 489 2151 pervenit
511 2083 546 2133 od
569 2083 724 2154 Lyparum‚
754 2077 805 2153 qui
832 2085 1003 2155 supradictas
1032 2084 1132 2139 insola

98 2155 216 2223 repebat
227 2149 361 2222 imperim
382 2151 509 2219 factuque
523 2152 654 2218 amicitia,
675 2155 798 2221 Cyanam
813 2154 902 2205 lilium
916 2154 974 2205 eius
990 2154 1022 2205 in
1038 2152 1152 2207 matri-''

100 2224 228 2278 monium
241 2220 364 2289 sumpsit,
382 2226 409 2269 et
422 2218 597 2288 Strongulam
612 2220 739 2287 insulam,
756 2223 786 2273 in
804 2218 1004 2290 qua'maneret
1020 2222 1132 2295 accepit

98 2297 187 2347 Vurro
211 2297 305 2340 autem
329 2285 409 2352 dicit,
432 2286 506 2339 huno
530 2286 683 2345 insularum
698 2307 797 2359 regern
813 2290 896 2343 suis'se
914 2289 976 2352 etc.)
1013 2290 1132 2358 sen-us

98 2365 186 2414 Varro
211 2357 292 2422 dicit,
320 2370 368 2406 rer
391 2355 445 2407 suit
467 2356 635 2422 insulosum,
666 2375 697 2410 er
721 2375 841 2428 piarum
864 2359 973 2412 nebulis
997 2366 1026 2411 et
1042 2362 1131 2413 durno

98 2429 246 2482 volvamus
262 2421 366 2476 insulae
384 2422 544 2495 praedicens
561 2426 655 2479 lutura
671 2426 763 2480 flabra
779 2437 942 2492 ventorum,
965 2427 1002 2479 ab
1020 2422 1132 2499 imperi·

98 2496 132 2551 tls
149 2496 219 2549 visus
237 2501 278 2549 est
293 2506 386 2545 ventos
412 2507 460 2544 sun
483 2499 617 2564 potestate
639 2496 769 2550 retinere.
804 2494 878 2562 Hic3
901 2496 974 2562 illic,
1001 2506 1033 2548 ιιι
1056 2502 1147 2581 σῳ·

97 2567 168 2623 rim:
199 2562 260 2633 [Hic
283 2556 355 2614 illius
378 2559 482 2627 arrum]
507 2561 553 2616 hic
570 2576 667 2615 currus
691 2564 753 2616 fuit.
792 2565 875 2616 Vasto
895 2576 995 2633 antro,·
1021 2565 1132 2637 physica

99 2633 208 2692 ratione
231 2631 285 2683 hoo
307 2628 388 2711 fingit
429 2635 498 2683 oe‘ta.
519 2630 670 2685 ·Naturale
692 2633 767 2685 enim
792 2641 848 2699 est,
871 2639 903 2683 ut
926 2633 988 2687 loca
1013 2648 1131 2691 eonem

118 2704 181 2759 lena
204 2700 260 2753 sint
283 2705 377 2751 ventre.
428 2697 499 2751 Sans
522 2712 603 2752 vasto
627 2717 679 2771 pro
697 2702 818 2755 desoluto
844 2709 950 2755 veteres
972 2698 1132 2775 ponebam]

98 2725 214 2839 luuntur
237 2766 366 2835 Ifigenia:
427 2784 479 2822 uae
503 2783 576 2821 nunc
600 2769 649 2822 abs
675 2782 702 2822 te
726 2771 824 2824 vidrrae
848 2779 877 2825 et
896 2779 989 2825 vastae
1014 2771 1150 2842 virgines·

98 2848 167 2894 sunt
203 2835 345 2891 Ponebent
362 2841 390 2887 et
405 2851 456 2907 pro
473 2851 591 2905 magno,
608 2838 718 2890 Clodius
732 2840 1021 2893 Commentariorum:
1039 2854 1130 2909 vam,

99 2910 213 2972 inania,
232 2902 398 2972 meguod·—
433 2904 651 2966 53.Luetuntes;
668 2906 840 2960 elaborantes
854 2908 1132 2981 egredi(cupientet>3

98 2979 153 3048 [vel
174 2977 248 3030 inter
272 2989 300 3026 se
331 2972 495 3039 saevientes,
524 2976 663 3028 venientes
680 2974 712 3042 *J
752 2977 893 3039 sonoram
931 2993 1030 3046 graves
1059 2978 1131 3031 sonis

110 3048 204 3099 Burm.
234 3042 325 3096 Gueli.
349 3040 369 3095 1.
400 3045 572 3110 gravisonas
582 3045 599 3101 l.
640 3042 678 3095 Et
709 3054 750 3096 est
780 3047 950 3118 tempestatis
977 3045 1129 3117 epitheton

140 3115 175 3169 do
191 3119 287 3167 austun
303 3111 364 3165 talis
381 3118 434 3163 est:
458 3111 556 3163 Aeolus
572 3118 666 3163 ventos
683 3122 711 3165 et
727 3121 903 3185 tempestates
923 3130 1037 3169 sonores
1056 3124 1141 3197 vasto,

98 3193 179 3238 antro
202 3180 312 3255 premit.
347 3176 479 3249 [Quidam
497 3196 617 3232 sonoras
641 3196 752 3253 semper
774 3191 928 3254 strepentes
949 3184 1078 3251 trudunt,
1099 3190 1131 3237 ur

7 3300 10 3307 ,
99 3248 259 3320 (12‚139.):
275 3248 507 3330 fluminibusque
531 3252 659 3311 sonoris3
683 3267 750 3302 nam
767 3268 899 3304 sonorum
916 3258 972 3317 est,
996 3250 1130 3321 quidquid

97 3321 155 3373 sine
178 3318 380 3373 intermissione
398 3332 499 3369 sonum
521 3328 626 3384 servat,
648 3334 747 3371 sonans
769 3336 848 3386 vero,
871 3321 947 3390 quod
963 3319 998 3373 ad
1020 3328 1130 3393 tempus

97 3385 226 3453 auditur]
261 3387 346 3451 (Male
364 3394 458 3439 autem
475 3385 589 3455 quidm
611 3387 751 3459 accipiunt
767 3406 888 3442 sonoros
910 3404 963 3459 pro
980 3400 1129 3441 sonantes·

98 3472 164 3509 cum
188 3456 223 3508 sit
245 3456 391 3527 proprium
414 3472 549 3519 sonoras,
574 3463 606 3509 ut
621 3458 758 3510 Homerus
776 3459 817 3525 (Il.
836 3479 868 3523 a,
892 3456 979 3520 157.):
1005 3454 1081 3513 Θᾰλα

95 3544 128 3581 «ι
145 3518 268 3591 η’κὴισσα.
304 3520 385 3579 Aliud
407 3522 482 3575 enim
499 3532 541 3575 est
556 3518 672 3591 ἠχοῦσι,
695 3543 802 3577 sonans
827 3526 898 3596 (cod.
915 3519 1020 3596 ἤχόγκα
1045 3536 1073 3582 et
1086 3542 1128 3581 so·

97 3603 195 3650 nantes
209 3593 253 3658 *).t
270 3617 305 3631 ·—
340 3597 382 3651 54.
400 3592 438 3642 Aa
456 3594 561 3643 vinclis
579 3606 619 3656 ιιι
642 3594 787 3646 translatio
811 3604 852 3649 est
873 3612 924 3667 per
940 3595 1082 3667 poeticam
1096 3594 1128 3651 ll·

96 3664 218 3716 centiam
233 3663 315 3714 ferta.
351 3659 453 3712 carcer
469 3668 561 3713 autem
586 3671 626 3715 est
643 3663 825 3732 undecunque
843 3663 1028 3738 prohibemur
1045 3664 1129 3733 exire,

96 3732 184 3785 dictm
201 3729 280 3801 quasi
296 3744 376 3781 arcer
399 3728 434 3782 ab
452 3730 582 3781 arcendo.
617 3730 724 3783 Locum
741 3741 850 3799 autem,
864 3734 895 3785 in
912 3748 968 3802 quo
984 3740 1129 3789 servanus

95 3799 186 3866 noxii,
207 3813 349 3853 carcerem
372 3796 488 3851 dicimus
510 3813 628 3852 numero
651 3808 760 3854 tantum
783 3802 928 3872 singulari:
950 3803 1024 3857 unde
1042 3798 1142 3873 [verol'

96 3876 247 3940 enimpunt
268 3866 315 3932 (ul.
331 3866 509 3931 emittuntur)
531 3865 697 3938 mudrigae,
721 3887 845 3924 caream
868 3868 985 3924 dicimus
1006 3882 1128 3927 nutriero

95 3945 204 3992 murm
219 3935 333 4010 pluruli:
356 3935 421 3990 licet
443 3935 607 4008 plerumque
623 3952 690 3990 usur
710 3947 739 3991 et
753 3945 850 4011 poete,
871 3946 904 3992 ut
919 3947 961 3993 est
979 3944 1022 4010 (5,
1040 3940 1129 4005 unte

92 4006 260 4078 &austeres
282 4003 370 4079 effuse·
385 4019 495 4058 sarem
512 4017 624 4059 cornu.
668 4007 680 4076 [
712 4005 733 4059 ti
749 4006 844 4063 vinclis
859 4007 979 4063 eueni·
994 4004 1133 4079 uadum]
1143 4060 1148 4067 .
