2454 4500
183 266 228 357 ω’
247 291 408 356 vman.
429 290 601 355 nanno.
622 290 702 389 na.
723 293 752 367 1,
773 297 970 366 art-427.
1055 303 1097 367 ss

67 481 220 551 Mustius,
239 478 346 549 Lyciae
365 478 545 548 Pisidiaeque
563 497 648 547 agros
665 479 874 546 despectantem.
909 478 1018 548 [Aracs3
1036 480 1099 533 cisi·

67 562 137 619 tes,
164 569 184 604 a
210 547 419 619 parternum]
435 576 469 587 -
502 553 565 606 421.
582 548 709 599 Miratur
727 549 825 599 molem
844 549 965 614 Arum,-
988 549 1041 601 hoo
1065 549 1100 602 ad
1196 606 1199 615 Ι

67 638 145 675 uum
163 622 303 673 refertur.
337 616 468 684 Megalia
487 619 645 684 quondam,·
669 617 722 669 hoc
745 616 780 668 ad
796 621 916 687 poiitam.
950 617 1007 669 Nec
1024 618 1100 669 enirn

67 708 103 742 nc
122 690 213 741 novit
229 691 344 740 Aeneas.
378 686 510 754 Megalia
535 701 600 738 vero
618 686 808 737 asstistoechon
832 694 880 738 eat,
915 686 987 736 Nam
1004 687 1101 738 debuit

67 760 197 827 tuguria
224 758 332 808 dicere:
363 755 428 823 quia
458 773 572 822 magar,
601 772 657 807 non
684 756 794 821 magui,
822 756 980 807 Poenorum
1007 755 1100 824 lingua

67 826 153 889 illam
172 826 321 895 significat.
356 824 437 891 [Cato
453 823 592 892 originum
609 824 708 894 primo,
725 823 855 891 Magalia
870 823 1001 891 aedificia
1017 825 1102 891 quasi

67 910 169 965 sortes
190 895 330 949 rotundas
348 894 455 944 dicunt.
488 893 542 944 uhi
555 894 680 959 magalia
694 908 768 943 erasas
781 892 937 943 Poenorum
955 893 1101 964 pastorales

67 966 167 1019 tauns.
206 965 260 1031 (De
278 963 320 1013 his
336 961 489 1014 Sallustius:
508 960 586 1028 Quae
605 962 730 1028 magalia
749 973 816 1010 sunt
834 965 1012 1013 circumiecta
1031 964 1100 1012 civi-

67 1036 111 1087 uti
137 1034 312 1085 suburbana
336 1030 486 1098 aedificia,
515 1032 649 1098 magalia.
693 1031 728 1081 Et
761 1028 827 1081 alibi
852 1031 959 1081 Cassius
981 1031 1099 1083 Hemina

67 1102 144 1165 locet
175 1103 235 1153 ita:
271 1100 421 1167 Sinuegiae
451 1099 465 1130 *
495 1099 602 1165 (Burin.
627 1098 783 1163 Sinuessae)
816 1099 940 1167 magalia
966 1100 1102 1166 addenda,

67 1164 237 1239 uturumirue
261 1171 367 1220 circum
392 1165 472 1231 eam.)
491 1195 523 1205 —
559 1173 621 1230 422.
648 1166 792 1235 (Miratur
810 1176 876 1231 atc.;
901 1170 1023 1219 miratur
1044 1185 1102 1221 non

84 1239 91 1254 ’
115 1240 234 1309 pliciter
257 1238 363 1291 dictum
379 1237 487 1301 volunt,
512 1237 643 1305 quoniam
667 1237 814 1307 prudentes
831 1238 963 1289 Etruscae
986 1238 1103 1306 discipli·

134 1308 232 1373 aiunt,
249 1307 322 1378 apud
339 1305 494 1357 conditores
506 1306 685 1357 Etruscarum
702 1306 815 1357 urbium
827 1321 884 1356 non
897 1314 1004 1376 putatas
1019 1309 1102 1359 iustas

80 1377 164 1450 ntes,
187 1376 338 1445 inquibus
355 1392 412 1426 non
428 1382 486 1425 tres
502 1381 599 1443 portae
624 1382 713 1426 essent
729 1374 871 1427 dedicatae
889 1383 917 1426 et
933 1376 1050 1442 votivae,
1075 1384 1103 1430 et

82 1450 111 1496 tot
122 1445 238 1516 templa,
254 1444 333 1509 Iovis,
348 1442 475 1507 Iunonis,
492 1442 643 1499 Minervam.
679 1442 753 1494 Bene
772 1458 838 1511 ergo
856 1445 972 1496 miratur
989 1449 1102 1512 Aeneas,

85 1513 118 1566 sti
133 1517 250 1567 fuerunt
266 1512 402 1581 magalia,
425 1511 482 1563 ilh'c
500 1527 559 1562 esse
576 1509 732 1580 legitimam
749 1512 901 1576 civitatem3
925 1531 991 1566 nam
1010 1525 1102 1584 portas

86 1584 169 1637 avias
184 1582 313 1647 videbat,
337 1587 365 1633 et
388 1596 453 1631 mox
476 1581 614 1651 templinn
636 1579 735 1632 Iunoni
757 1581 874 1649 ingens.)
915 1582 1019 1649 [Strata
1044 1587 1103 1635 via-

86 1666 132 1703 um
139 1673 149 1719 3
180 1651 270 1721 primi
294 1651 370 1702 anim
393 1648 478 1700 Poeni
503 1648 559 1703 rias
581 1647 718 1720 lapidibus
743 1649 868 1700 stravisse
892 1650 1045 1718 dalmtun]
1067 1681 1103 1691 -

85 1724 131 1780 423.
152 1721 269 1772 Instant
292 1719 421 1773 ardentes
445 1716 547 1786 Tyrii,-
577 1717 697 1779 multum
719 1706 894 1782 festinantes,
918 1721 966 1787 [ut
989 1725 1037 1789 (6,
1056 1721 1104 1784 5.):

85 1788 206 1842 iuuenum
225 1806 329 1839 manus
347 1790 447 1838 emicat
464 1787 585 1854 ardens,-
604 1794 632 1838 at
650 1788 694 1853 (4,
712 1785 797 1849 281.);
821 1786 904 1836 Ardet
921 1791 998 1840 adire
1010 1788 1105 1859 fuga,-

85 1864 157 1927 et(2,
172 1858 243 1922 41.):
260 1855 394 1915 Laocoon
413 1857 523 1913 ardens,
557 1853 601 1905 Sic
619 1855 696 1905 euim
713 1854 793 1919 dicit,
812 1855 937 1922 quotiens
954 1874 1105 1928 properan-

85 1932 129 1979 tem
149 1927 207 1978 vult
231 1923 403 1989 ostendere]
442 1924 495 1977 Alii
518 1923 645 1977 ardentes
673 1924 819 1989 ingeniosi
843 1924 983 1995 accipiunt
1030 1927 1104 1981 Nam

84 1999 311 2065 percontrarium
328 2010 356 2047 se
398 2009 458 2058 em,
482 1993 500 2044 i.
518 2010 557 2058 e,
574 1991 633 2042 sine,
649 1990 723 2059 igni,
746 1991 860 2070 ingenio
880 2003 1022 2047 carentem
1039 1997 1106 2050 dici·

84 2078 144 2124 mus:
166 2064 242 2125 unde
268 2071 297 2115 et
319 2080 336 2115 a
368 2064 461 2113 ‘raeco
486 2060 560 2121 venit
583 2073 678 2125 catus,
700 2060 718 2111 i.
737 2079 759 2112 e.
782 2061 954 2130 ingeniosus,
978 2059 1032 2117 ἀπό
1056 2059 1107 2118 roi

68 2134 204 2191 ‚udedan
241 2132 351 2185 Ducere
371 2147 484 2197 muros5
508 2128 699 2195 exaedificare,
717 2126 786 2197 (hoe
804 2138 860 2195 est,
877 2141 1053 2201 construere,
1075 2135 1106 2187 in

67 2196 273 2283 {lougiusdinem
295 2199 467 2273 producere;
490 2197 603 2278 proprie
631 2198 707 2251 eninr
730 2214 795 2250 cum
818 2198 999 2254 aedificantur
1023 2204 1107 2269 muri,
1139 2194 1141 2199 ’
1206 2234 1209 2239 -

67 2268 134 2323 'itm
148 2270 287 2323 dicunda.
320 2266 459 2323 Sallustius
476 2266 614 2325 historiar,
630 2267 677 2317 u:
700 2266 816 2317 Murum
839 2266 875 2323 ab
899 2270 1000 2335 arigulo
1017 2272 1105 2325 dextri

84 2335 163 2393 lateris
179 2338 217 2391 ad
234 2336 363 2405 paludem
378 2335 454 2388 haud
472 2334 568 2404 procul
583 2342 725 2386 remotam
740 2335 830 2397 duxit.)
840 2346 878 2374 '-
911 2341 974 2397 424.
992 2338 1106 2393 Moliri·

85 2423 126 2475 aaa
147 2424 256 2475 arcem,-
286 2404 405 2459 molibus
427 2402 506 2454 factis
530 2402 670 2454 extollere:
701 2403 787 2471 [quod
810 2411 851 2455 ost
874 2412 1017 2477 extruere,
1041 2409 1105 2461 huic

67 2475 242 2541 ,sesumam
259 2481 300 2527 est
316 2470 464 2537 demoliri]
498 2472 550 2538 (Et
576 2473 708 2522 manitus
727 2479 794 2533 etc.;
817 2490 867 2529 cur
890 2476 1038 2529 manibus?
1061 2494 1106 2544 an,

67 2604 69 2609 ,
87 2545 138 2613 qua
152 2544 244 2596 adhue
260 2542 407 2595 machinae
423 2556 481 2591 non
500 2547 587 2605 erant,
603 2540 808 2593 festinationem
824 2543 932 2595 referre
949 2546 1061 2609 voluiti)
1072 2572 1105 2583 -

87 2616 135 2672 us
152 2614 275 2687 Optare,-
292 2611 411 2681 eligere:
427 2616 459 2658 ut
476 2607 556 2675 (76.):
575 2608 654 2658 Tuas
673 2627 688 2661 o
708 2610 806 2676 regina
825 2612 895 2678 quid
912 2626 987 2682 optes
1003 2614 1106 2687 Explo-

89 2683 242 2743 rarelabor.
279 2680 326 2748 [Et
343 2676 488 2747 (3,109.):
514 2676 682 2744 Optavitque
700 2679 792 2731 lorum
812 2678 917 2747 regnu]
953 2682 1053 2748 Tecto,-
1070 2685 1107 2737 ad

87 2746 197 2816 tectum,
218 2755 285 2805 nota
305 2748 404 2815 figura.
438 2745 538 2809 Salso,⁸
562 2747 643 2799 fossa.
679 2747 779 2805 Civitas
805 2749 896 2814 enim,
919 2766 977 2805 non
1001 2752 1108 2818 domur,

67 2858 70 2865 .
88 2818 261 2877 circumdatur
277 2816 367 2869 sulco:
394 2818 477 2881 (ergo
495 2814 573 2865 sulco
598 2815 671 2867 fossa
686 2815 963 2883 fundamentorrms,)
986 2828 1018 2870 nt
1040 2821 1108 2879 alibi

88 2886 121 2951 (G.
136 2897 169 2955 2,
185 2885 272 2948 289.):
295 2885 394 2941 Ausim
419 2884 462 2933 val
487 2883 566 2939 tenui
584 2887 667 2935 vitem
685 2886 852 2938 committere
871 2887 959 2955 salop.
977 2912 1011 2927 —-
1045 2894 1108 2948 426,

87 2953 144 3007 Im
161 2958 276 3023 ιρμῃιῑ
299 2953 335 3016 gli
373 2959 418 3017 nt,
441 2951 495 3018 [vel
509 2950 571 3005 lora
587 2950 636 3001 uhi
652 2951 715 3003 iura
731 2953 884 3023 dicantur,
897 2965 945 3007 aut
963 2950 1108 3031 magistra-

87 3029 120 3079 tus
135 3020 286 3088 cenenum]
320 3026 330 3094 (
349 3023 372 3069 ‘t
388 3020 460 3071 bene
476 3025 537 3088 post
552 3019 694 3077 conditam
716 3021 857 3074 civitatem
874 3024 979 3087 addidit
997 3029 1061 3087 iura
1080 3035 1109 3081 at

88 3096 279 3163 magistratus,
309 3100 490 3154 sanctumque
522 3099 659 3146 senarum.
707 3089 825 3161 Legitur
855 3093 930 3167 apud
960 3095 1109 3162 quosdam:

86 3156 193 3223 linitum
210 3177 272 3225 eos,
288 3158 380 3227 quise
397 3156 426 3207 in
444 3154 585 3213 eliciendis
601 3157 713 3224 regibus
730 3158 884 3226 iuvissent,
896 3161 980 3219 laotos
996 3163 1026 3213 in
1043 3179 1108 3223 con-

86 3228 181 3296 silium,
205 3244 272 3291 eum
288 3226 414 3285 ordinem
432 3237 560 3275 sanatum
577 3225 760 3296 appellatum,
785 3228 859 3311 tpuod
875 3245 932 3287 nna
948 3231 1109 3292 sensissent:

85 3299 148 3364 quod
163 3297 276 3379 patricii
292 3302 395 3358 essent,
420 3291 514 3347 Patres
534 3295 716 3359 conscriptos.
753 3295 806 3347 Alis
822 3309 916 3367 patres
940 3316 956 3360 a
981 3299 1062 3368 plebe
1078 3302 1109 3353 in

86 3368 224 3421 consihnm
248 3371 357 3417 senatus
380 3361 663 3432 separatostradunt,
679 3372 720 3414 tac
739 3367 928 3439 conscriptos,
951 3368 998 3435 qni
1034 3377 1076 3428 ost
1092 3388 1111 3423 a

85 3431 168 3495 Servio
185 3433 278 3493 Tullio
304 3450 320 3484 e
345 3431 426 3499 plebe
450 3429 530 3489 electi
553 3437 623 3490 sunt,
656 3431 708 3489 Alii
727 3446 854 3494 senarum
872 3452 888 3495 a
905 3443 1017 3496 senecta
1061 3439 1112 3497 ho·

67 3502 200 3568 ¹ruinario,
214 3501 317 3571 'quibus
333 3502 347 3535 t
362 3500 468 3566 (Burm,
485 3497 549 3566 qut)
567 3498 657 3553 allecti
674 3510 769 3567 erant,
793 3503 899 3561 dictum
915 3505 1022 3571 volrmt,
1045 3508 1114 3577 quia

84 3566 638 3700 assuritanaristun
655 3569 1020 3712 staurus
1046 3578 1115 3656 n,

84 3655 360 3774 cothonalouetfft.
379 3690 695 3770 cartennasGuetf.11²
714 3659 1117 3779 ehoiina)fadi1mt⁰(ldariiii

82 3787 171 3845 portus
188 3775 294 3828 scilicet
309 3772 431 3839 iaciant.)
467 3773 520 3841 (Et
542 3788 611 3828 vere
636 3775 690 3838 ait;
714 3795 781 3829 nam
800 3779 1041 3848 Carthaginienses
1059 3783 1116 3835 Gt·-

83 3846 160 3898 thone
177 3847 252 3903 fossa
267 3850 396 3907 uuinton,
418 3856 476 3903 non
499 3842 619 3902 naturali
642 3845 742 3914 portu)
776 3846 914 3917 [Catippa
938 3857 1002 3910 eunt
1017 3860 1117 3927 portes

82 3913 108 3967 in
123 3915 198 3967 mari
216 3927 273 3967 non
297 3911 449 3977 naturales,
472 3911 520 3962 sed
542 3919 603 3967 arte
627 3921 655 3965 et
678 3916 862 3975 manufacti.
896 3918 945 3979 Est
968 3927 1062 3979 autem
1086 3928 1117 3981 et

82 3982 222 4035 mascidini
247 3987 276 4034 et
298 3979 390 4035 neutri
414 3978 537 4047 generis;
569 3996 636 4038 nam
660 3980 776 4050 oothon,
805 3984 892 4038 huius
918 3987 1063 4054 asthonis,
1088 3996 1118 4040 et

83 4052 246 4118 rothonum,
270 4047 358 4099 tuias
383 4046 514 4112 corioni]
548 4048 612 4100 Alta
636 4049 738 4111 theatri
756 4051 909 4121 fundam„-
932 4056 998 4108 hino
1022 4057 1117 4117 futura
