2454 4500
116 286 182 351 378
372 277 517 345 sanun
538 277 897 347 COMMENTARIUS
1003 282 1010 317 ¹

116 464 148 523 di
163 460 263 533 linies·
283 458 362 527 rahe
378 457 504 521 eterno.
522 489 558 504 -
592 471 655 525 363.
672 465 751 527 Coeli
768 466 929 517 iucundum
948 466 1066 533 lumen}
1087 467 1146 521 bene

118 536 277 591 incudum
295 533 407 586 addidit.
439 536 488 587 Est
504 536 581 587 enim
598 535 684 586 etiam
701 535 775 603 apud
789 534 904 603 inferos,
921 536 971 588 sed
987 552 1049 597 non
1064 537 1147 589 incru-

115 608 193 659 dnm.
216 632 251 641 -
291 610 353 661 355.
376 600 433 653 His
457 606 561 655 invicte
585 605 686 666 molis3
711 604 764 672 qui
782 604 886 656 inferos
912 604 1012 657 subire
1036 606 1146 679 ponam

117 674 176 727 ilis
198 682 309 735 antam,
328 689 362 723 ac
384 673 408 723 si
424 670 529 724 diceret
544 688 615 741 quae
638 673 739 729 cernis.
754 699 790 710 -
823 676 884 730 366
905 671 1030 725 Terram
1057 676 1146 739 iniiee;

115 746 190 797 boue
213 750 278 793 aute
302 740 391 792 maisss
411 741 506 811 petiit,
531 749 564 790 ut
586 740 630 795 rel
650 742 706 792 hoc
726 741 898 812 impetraret
934 741 1050 796 Terrae
1066 750 1147 795 autem

116 814 231 868 iniectio
247 810 400 862 sermidam
415 808 601 879 pontificalem
617 810 705 862 ritum
721 816 832 878 poterat
852 809 916 861 fieri
934 818 963 863 et
982 810 1064 863 circa
1079 812 1147 863 cada·

115 898 197 944 sera,
221 888 250 930 et
265 880 341 930 circa
363 880 518 931 absentium
540 894 659 948 corpora
675 878 841 947 qmbusdam
856 878 1044 931 sollemnibus
1066 880 1148 932 sacru.

117 948 257 1022 [Eundem
279 962 438 1000 sermonem
463 947 549 998 habet
569 947 643 1016 apud
664 949 768 1000 inferos
791 963 858 997 omn
880 946 1026 1016 Elpenore
1052 948 1147 1016 Ulysses

135 1018 188 1071 Od.
213 1014 242 1081 λ,
265 1016 342 1078 75.):
371 1015 456 1083 Σῆμα
477 1012 502 1069 e'
524 1014 585 1087 ἐμοὶ
608 1013 686 1079 χεῦαι
711 1012 808 1083 πολιῆς
830 1014 876 1069 ἐπὶ
898 1020 961 1079 θινὶ
995 1012 1147 1083 delirant]

116 1030 245 1153 ls'amqne
262 1100 353 1151 pmcn
376 1089 441 1153 quia
464 1086 567 1154 ubique
589 1102 655 1136 eum
669 1102 766 1137 rerum
782 1084 941 1138 divinarum
957 1086 1069 1139 inducit
1084 1084 1148 1157 peri·

115 1165 184 1210 tarni.
203 1181 236 1191 -
271 1161 332 1211 357.
349 1152 382 1205 Si
398 1172 454 1221 qna
471 1157 518 1204 via
538 1166 594 1218 est‚·
617 1156 641 1206 si
663 1163 704 1206 est
725 1154 782 1205 ulla
797 1154 878 1205 ratio.
913 1154 996 1205 Diua
1016 1157 1146 1214 areanis,-

115 1238 212 1279 rarum
234 1224 361 1275 onmium
384 1222 559 1289 generaliter.
584 1249 617 1259 -
657 1228 718 1281 369.
743 1223 863 1283 Innare3
892 1224 1043 1291 navigare:
1074 1238 1145 1273 more

113 1308 172 1349 suo.
187 1316 221 1329 -
255 1296 316 1347 370.
334 1289 382 1341 Da
400 1292 542 1354 dexerim,-
558 1298 668 1360 praesta
683 1291 822 1343 auxilium.
856 1291 966 1343 Umbra
985 1292 1067 1343 enim
1083 1306 1145 1343 nun·

113 1376 200 1432 qsrsnr
217 1367 339 1410 tenetur:
356 1365 387 1408 ut
404 1364 445 1425 (2,
462 1359 546 1421 793.);
565 1360 619 1411 Ter
630 1360 747 1428 frustra
763 1376 929 1426 comprensa
948 1360 996 1428 (al
1016 1377 1075 1412 com
1087 1375 1141 1425 ‚res-

114 1431 161 1493 ω)
179 1444 282 1478 innisus
300 1428 401 1497 effugit
418 1428 513 1494 (Fabr.
531 1427 565 1479 al.
582 1442 623 1480 ter
641 1429 735 1496 fugit)
752 1431 857 1496 imago.
876 1454 912 1465 -
947 1435 1013 1487 371.
1032 1429 1065 1479 Se
1085 1430 1140 1480 r'ius

115 1512 147 1550 ut
164 1497 277 1559 salsam·
301 1505 332 1547 ut
352 1497 451 1549 saltem
473 1494 503 1546 in
521 1506 613 1549 morte
638 1498 811 1566 requiescam
827 1496 938 1548 sedibus
956 1497 1082 1566 placidis.
1111 1495 1141 1547 n

112 1566 197 1621 benc:
220 1565 285 1632 quis
302 1573 401 1617 nautae
418 1581 528 1633 semper
544 1573 687 1635 vagantur.
703 1592 739 1604 -
771 1573 834 1625 3⁸13.
853 1564 926 1617 Tam
945 1567 1013 1617 dira
1032 1564 1138 1637 cupida·

111 1634 247 1705 cupiditas
264 1649 296 1685 er
313 1635 429 1709 deorum
445 1635 488 1685 ira
504 1636 631 1700 veniens,
653 1641 701 1686 aut
716 1641 793 1687 certe
808 1646 928 1703 niagno:
951 1641 985 1686 ut
1002 1638 1047 1701 (9,
1065 1632 1138 1693 1853:

111 1706 155 1757 An
172 1720 225 1752 sua
245 1704 344 1766 cuique
363 1704 431 1753 deus
442 1702 483 1771 fit
500 1706 564 1757 dira
583 1703 706 1770 cupido?
718 1729 754 1740 —
787 1707 849 1761 374.
866 1703 1018 1768 Seruum,-
1035 1704 1138 1763 nutem,

111 1782 140 1827 et
155 1772 224 1822 haec
241 1771 384 1841 reciproca
400 1780 476 1836 sunt,
501 1781 531 1823 ut
549 1780 646 1825 contra
663 1773 749 1823 iudex
765 1772 874 1836 tristis,
898 1783 926 1821 et
943 1773 1068 1839 integer,
1087 1769 1137 1821 ie.

109 1855 268 1895 severus-
303 1847 364 1897 375.
381 1839 570 1891 Eumenidum
588 1849 690 1906 autem,
705 1841 781 1893 circa
796 1856 882 1908 quem
898 1838 1032 1892 habitant
1047 1840 1137 1891 Eume-

108 1909 196 1974 nides,
213 1902 283 1959 nord
300 1902 462 1980 dvea'rppnow
478 1910 577 1962 dictae.
614 1909 663 1975 (al.
681 1909 860 1973 Eumenides,
874 1904 1028 1975 Εὗμενίδεσ
1045 1906 1137 1966 dikum

108 1994 177 2031 nam
200 1970 313 2044 siparis
337 1979 485 2032 benevolus
508 1987 564 2042 est,
597 1978 670 2046 quod
692 1978 810 2029 minime
833 1978 889 2029 sint
911 1977 1079 2041 benevolae,
1098 1972 1137 2027 sed

108 2045 273 2111 malevolae,
297 2053 326 2098 et
355 2055 396 2102 est
419 2041 479 2099 non²
501 2042 662 2116 ἅντίφρασιν
683 2047 789 2117 figura,
820 2044 929 2114 quoties
952 2063 1026 2109 rem¹
1041 2043 1135 2097 malam

107 2112 182 2167 bono
200 2116 368 2184 appellamus
394 2116 533 2184 exemplo,
555 2126 587 2169 ut
609 2115 680 2176 hic.)
721 2114 858 2182 Ripamve
883 2117 1019 2169 iniussus
1037 2114 1135 2174 abibis,-

106 2191 138 2234 ut
155 2184 233 2250 [abeo
255 2186 285 2234 in
305 2183 445 2248 Tuscos,]
470 2187 552 2249 obeo,
577 2188 655 2235 intus
673 2202 720 2249 eo,
743 2184 814 2235 sicut
828 2200 911 2252 supra
930 2187 974 2249 (4,
994 2184 1063 2242 106.)
1079 2179 1135 2234 disi-

107 2266 182 2305 mus:
206 2268 366 2320 quanquam
390 2253 436 2306 alii
462 2255 555 2304 adibis
580 2255 681 2322 legant.
699 2281 734 2290 —
777 2259 837 2309 376.
864 2252 973 2303 Desine
999 2260 1065 2314 etc.;
1086 2251 1133 2302 fata

106 2335 178 2439 auae
196 2321 281 2371 semel
298 2321 485 2374 decreverunt.
520 2324 557 2372 Et
578 2323 684 2375 locutus
701 2329 742 2372 est
759 2320 910 2372 secmrdum
927 2320 1079 2389 Epicureos
1094 2315 1133 2384 qul

125 2388 202 2441 icrmt
219 2389 310 2455 (Lucr.
329 2395 358 2451 1,
375 2392 445 2449 623:
470 2389 610 2441 Neriene
628 2408 677 2456 pro
698 2391 806 2441 meritis
825 2391 955 2453 copitar,
982 2406 1032 2438 nec
1049 2386 1133 2453 tongi«

105 2469 153 2508 tur
179 2458 231 2506 ira.
249 2483 284 2494 ·-
326 2465 387 2514 377.
411 2458 490 2508 Duri
514 2476 614 2524 casus,·
638 2460 676 2508 im
698 2458 814 2509 ossilnlis
837 2457 1131 2512 admutationem-
1171 2516 1174 2523 Ι

105 2530 167 2583 378.
185 2524 281 2592 Longe
307 2527 414 2592 lateque
432 2545 481 2593 per
507 2530 605 2592 urbes5
628 2527 663 2578 de
676 2475 807 2577 lusoria
826 2525 879 2575 hoc
896 2525 988 2576 traxit.
1025 2522 1132 2577 Lucania

104 2593 195 2656 enirn,
213 2594 368 2660 pestilentia
385 2596 590 2660 laborantibus,
613 2595 756 2662 respondit
773 2593 933 2658 oraculum,
957 2609 1056 2645 manes
1069 2590 1127 2644 Pali·

102 2662 168 2715 nuri
186 2677 243 2716 esse
261 2661 416 2731 placandos.
451 2662 495 2735 Olp
513 2681 597 2733 quern
614 2680 677 2718 rem
693 2679 752 2714 non
767 2661 849 2733 longe
866 2680 883 2714 a
900 2661 977 2715 Velio
997 2668 1025 2713 et
1040 2661 1128 2722 lucum,

103 2737 131 2786 et
154 2728 315 2797 [tumulum]
339 2731 522 2800 cenotaphion
546 2733 572 2784 ei
595 2732 737 2784 dederant.
754 2759 787 2768 -
830 2736 891 2788 379.
910 2728 1061 2798 Prodigiis
1082 2727 1128 2778 orti

103 2799 284 2861 coelestibus3
301 2802 497 2870 compendiose
515 2808 543 2852 et
560 2801 752 2869 pestilentiam¹
764 2807 864 2863 ortam,
880 2805 909 2851 et
926 2800 1048 2871 petitum
1058 2794 1127 2864 signi·

100 2867 192 2922 licant
208 2867 360 2923 oracsdum.
395 2868 535 2934 Piabunt5
553 2870 739 2938 placabunte
775 2868 879 2919 iahsmt
898 2892 934 2904 -··
970 2873 1033 2927 381.
1048 2868 1125 2918 Aeter-

102 2952 188 2997 num;
206 2937 236 2987 in
253 2946 416 2995 aeternnm:
439 2946 524 2989 otest
541 2938 710 2990 adverbium.
767 2937 892 2995 alinum
936 2935 979 2987 lus
997 2945 1040 2988 est
1055 2948 1125 3003 qsum

100 3003 124 3056 si
142 3016 224 3055 tuum
240 3004 401 3060 diceret.'·-
436 3012 497 3066 382.
515 3005 681 3072 Parumper3
698 3005 718 3061 i,
731 3024 754 3060 e.
772 3004 906 3074 perdatim
917 2950 1024 3059 laetari
1040 3001 1125 3078 coepit.
1169 2998 1174 3008 '

98 3071 183 3142 Spem
206 3072 282 3126 enim
306 3073 409 3138 solam,
432 3090 491 3127 non
516 3091 646 3144 praesens
669 3083 816 3144 acceperat
836 3071 1015 3127 beneficium.
1061 3069 1125 3123 Unde

100 3140 174 3194 bene-
190 3140 294 3195 dictum
311 3149 365 3195 est:
390 3146 470 3208 quasi
486 3143 523 3193 ab
540 3159 575 3194 eo
590 3158 694 3211 magna
711 3142 903 3198 moderatione
921 3141 1002 3195 dolor
1019 3138 1125 3195 recent

98 3207 152 3266 Alii
169 3226 334 3278 parumper,
357 3211 434 3264 valde
451 3229 550 3280 parurn
567 3212 666 3263 volunt
684 3237 718 3248 -·
754 3217 816 3269 383.
836 3208 948 3261 Gaudet
974 3208 1127 3283 cognomine

99 3291 174 3350 repra
202 3278 289 3345 (codd.
308 3278 427 3343 terrae),·
451 3281 573 3334 nominis
597 3280 639 3331 sui
661 3279 849 3333 similitudine.
874 3278 962 3332 ‘Facit
980 3286 1073 3332 autem
1088 3274 1126 3325 hit

98 3354 126 3402 et
150 3347 217 3404 baec
242 3350 429 3415 cognominis.
478 3348 552 3402 Nam
575 3348 606 3399 in
630 3348 727 3399 Plauto
749 3347 852 3399 lectum
876 3355 932 3411 est,
962 3363 1031 3398 cum
1053 3358 1127 3398 unam

98 3416 186 3483 (codd.
211 3423 240 3466 et
263 3417 298 3469 al.
322 3416 386 3478 una)
411 3416 445 3468 de
462 3415 643 3471 Bacchidibus
661 3416 777 3469 moeret:
801 3416 856 3466 ula
876 3417 931 3466 mei
948 3416 1044 3480 (codd,
1058 3411 1125 3469 etal.

98 3484 169 3545 mea)
188 3487 368 3550 cognominis
381 3485 459 3558 fnit3
484 3487 557 3552 quod
575 3493 670 3540 autem
687 3485 830 3539 communi
853 3499 958 3550 genere
982 3485 1016 3536 in
1032 3503 1047 3538 e
1063 3481 1128 3535 misit

96 3552 263 3615 ablativum,
286 3553 376 3608 metri
397 3554 547 3608 necessitas
570 3554 643 3607 fecit.
661 3580 694 3591 -·
730 3558 791 3610 385.
815 3551 940 3616 Navita,-
966 3551 1128 3620 epenthesis:

97 3629 127 3673 ut
144 3619 270 3677 Mavors.
304 3622 374 3673 lade
393 3630 461 3682 etc·;
485 3627 516 3673 ut
533 3626 582 3688 (7,
598 3623 686 3685 289.):
710 3621 805 3673 Siculo
830 3622 976 3688 prospexit
996 3623 1031 3673 ab
1051 3633 1127 3686 usqae

96 3688 238 3759 Pachyno.
273 3689 310 3739 Et
333 3691 399 3743 hinc
423 3690 590 3755 ostenditur,
614 3691 688 3757 quod
704 3691 819 3743 diximus
837 3688 942 3755 (293),
965 3689 1064 3741 iuncta
1079 3702 1128 3740 esse

94 3756 164 3813 inec
181 3757 239 3813 uia
254 3757 409 3827 [dumiiah
424 3759 597 3824 Acheronta,
614 3760 741 3827 Stygem,
759 3759 887 3825 Cocyton.
922 3756 966 3810 De
983 3758 1129 3811 bisantem

95 3832 246 3883 nascuntur
262 3824 329 3883 alia:
347 3827 420 3881 unde
437 3837 479 3879 est
496 3828 592 3892 (439.);
609 3827 644 3881 Er
663 3829 760 3881 novies
774 3826 841 3893 Styx
861 3827 1006 3895 interfusa
1026 3836 1142 3883 coercet,

93 3920 129 3939 ι-
163 3899 226 3955 386.
244 3891 295 3947 Per
311 3897 429 3951 tacitum
455 3912 570 3954 nemus3
595 3903 642 3946 ant
664 3897 767 3950 solum:
790 3903 838 3947 aut
860 3894 914 3966 ipsi
937 3897 1035 3962 taciti,
1056 3896 1090 3964 [i.
1107 3911 1126 3947 ο.

94 3961 197 4028 incita]
215 3988 251 4000 -
285 3966 347 4020 387.
364 3963 536 4033 Aggreditnr
553 3963 654 4028 dictis,-
671 3965 724 4016 hoc
742 3979 869 4016 sermone
887 3965 1009 4019 ostendit
1025 3966 1128 4016 iratum

93 4058 131 4091 η
163 4036 225 4093 383.
246 4027 386 4103 Quisquis
403 4051 434 4086 es
452 4043 597 4095 armatus,
620 4032 693 4088 bene
719 4050 736 4088 a
759 4031 976 4107 praescriptione
1001 4027 1128 4105 [coepta]

948 4243 957 4273 0

158 4318 239 4451 f
