2454 4500
46 262 50 270 '
124 265 638 337 murmurantium.
665 274 963 352 vnctus—441.
1005 287 1071 356 483
1150 340 1157 357 .
1192 328 1195 335 ·

40 467 108 505 cum
124 466 190 504 uero
206 450 276 503 Tris
301 454 387 505 nuliis
411 472 547 524 aquosae,
569 458 703 513 Iunonem
724 458 869 530 intelligit,
890 481 954 516 cum
977 475 1070 522 autem

38 521 146 572 Rutuli
165 522 217 571 tris
237 523 315 588 ignis
344 523 481 589 Martem,
507 528 588 578 etsie
605 528 742 580 adiectum
759 531 845 582 Alitis
863 534 932 583 aliis
949 536 962 566 *
979 541 1069 589 ventis

39 590 118 655 (Alit.
136 588 234 640 Austri
250 559 350 652 venti).
385 593 437 642 Alii
459 594 521 645 ideo
544 602 690 652 ternorum
711 598 855 651 radiorum
877 601 970 654 volunt
991 621 1068 658 men-

38 658 282 722 nomentanam,
309 659 374 726 quia
390 660 496 712 fulmen
521 661 550 712 ni
566 664 738 715 *trisulcum
756 675 808 718 est:
832 676 880 720 aut
896 669 972 721 enim
988 687 1069 741 gere·

37 725 90 778 bet
113 726 285 792 incenditur,
309 734 357 778 eut
378 727 491 779 disclina
514 730 604 797 *(aut
626 749 670 784 en.
687 733 777 799 afflet,
799 744 847 786 aut
862 737 998 805 incendit,
1019 749 1068 793 aut

37 794 162 861 dissipat)
185 802 213 846 et
231 796 331 845 imbris
356 798 423 847 torsi
442 798 538 848 radios
562 815 612 869 pro
638 812 725 852 tortos
745 801 855 864 radios-3
879 808 946 856 torti
964 817 1068 877 autem,

37 861 200 923 elementis3
217 870 246 914 et
262 862 314 913 hoc
333 865 417 915 verbo
434 866 596 934 frequenter
613 869 715 933 utitur,
731 872 855 938 quotiens
872 874 928 925 vim
945 876 1067 944 aliquam

36 930 96 982 uult
113 931 283 1000 exprimere,
307 938 338 981 ut
355 937 397 998 (9,
414 935 498 993 671.);
522 935 643 1002 Torquet
665 952 801 1004 aquosam
825 938 956 1004 hiemem,
978 952 1006 996 et
1028 948 1067 1013 (4,

34 998 125 1062 208.);
148 1000 191 1049 An
215 1012 239 1049 te
262 1002 387 1066 genitor,
411 1018 473 1050 cum
490 1002 621 1070 fulmina
638 1003 768 1073 torquen]
784 1032 818 1048 --
850 1013 913 1068 431.
929 1009 1065 1080 Fulgores

37 1078 116 1119 nunc
134 1068 288 1135 terrificos,
313 1084 379 1136 quas
401 1069 532 1137 fulgetras
555 1071 656 1124 dicunt.
688 1073 869 1143 Scottumque
893 1089 1062 1149 metumqueg

37 1136 106 1204 [nou
124 1152 207 1204 quem
223 1135 360 1201 habeant,
382 1137 430 1188 sed
446 1155 530 1206 quem
553 1140 686 1207 inferent,
710 1142 749 1209 et]
764 1160 814 1212 per
831 1147 969 1214 sonitum,
992 1150 1065 1202 toni·
1087 1152 1091 1159 “

35 1211 101 1256 trite
118 1202 249 1256 ostendit:
271 1222 324 1283 per
342 1217 460 1272 ructum,
480 1207 619 1275 fulgetras.
652 1209 690 1260 Et
711 1208 786 1261 himo
811 1214 937 1268 ordinem
959 1215 998 1267 sic
1014 1235 1064 1286 po·

36 1271 106 1336 suit,
130 1279 160 1322 ut
175 1272 334 1325 bomimbus
350 1272 463 1324 videtur.
497 1275 570 1326 Nam
585 1292 617 1327 re
634 1293 698 1329 vere
713 1279 791 1349 prior
808 1289 849 1332 est
865 1282 967 1333 collisio
983 1285 1064 1338 nobie

36 1354 103 1403 um,
126 1339 198 1392 unde
214 1340 285 1407 ignis
303 1349 417 1392 emanet
433 1339 477 1409 (el.
494 1342 611 1404 emicas).
645 1344 701 1396 Nos
725 1355 818 1398 etitem
840 1349 902 1401 ideo
919 1350 995 1418 prius
1011 1353 1062 1407 tul·

35 1415 128 1474 geues
146 1409 281 1475 videmus,
297 1426 382 1478 quam
397 1411 519 1463 tonitrua
535 1411 687 1477 audiamus,
703 1415 768 1482 quia
784 1416 902 1469 velocior
918 1421 1064 1484 oculorum

37 1493 122 1543 quum
146 1476 256 1528 aritium
279 1494 371 1529 sensus
396 1487 444 1531 est.
461 1504 496 1517 -
529 1483 592 1538 432.
616 1479 802 1546 &quesitum
825 1488 1064 1556 persecutricibus,
1127 1536 1130 1541 .

35 1544 180 1613 [quoniam
201 1560 285 1612 rapax
308 1553 409 1599 natura
430 1546 501 1615 ignis
518 1555 572 1614 est,
595 1555 625 1617 et
641 1550 708 1600 ordo
726 1558 780 1602 est:
803 1551 919 1623 Iraeque
928 1554 1061 1622 flammis

36 1614 211 1678 sequacibus.
229 1641 265 1653 -
297 1617 360 1672 433.
380 1614 555 1683 Currumque
572 1627 702 1683 rotasque
709 1641 719 1681 ,-
742 1633 812 1670 nova
826 1620 928 1671 locutio
947 1637 1061 1676 currum

36 1693 61 1732 et
88 1694 164 1731 roras
189 1683 350 1734 instabant.-
387 1684 446 1736 Nec
469 1700 519 1735 nos
542 1692 663 1749 moveat,
692 1686 764 1754 qnod
787 1687 817 1738 in
841 1688 924 1741 domo
946 1692 1061 1746 Vulcani

34 1749 121 1801 Marti
140 1766 237 1801 ciurus
253 1751 419 1817 fabricatur,
435 1769 468 1804 eo
487 1750 562 1804 enim
578 1754 690 1804 absente
706 1753 913 1820 fabricabatur]
930 1781 965 1795 ··-
997 1764 1060 1819 435.

35 1819 195 1885 aegidaque
213 1818 399 1886 horriferum,
427 1822 511 1888 Aegis
535 1821 646 1890 proprie
665 1828 706 1890 est
722 1821 925 1875 munimentum
942 1828 1061 1894 pectoris

33 1902 167 1951 aereum,
187 1885 293 1939 hebens
319 1887 348 1938 in
373 1889 470 1939 medio·
483 1887 619 1956 Gorgonis
642 1896 738 1956 ceput:
760 1890 833 1958 quod
856 1890 1060 1948 munimentum

32 1958 54 2006 si
73 1955 104 2005 in
120 1961 232 2022 pectore
248 1953 371 2006 numinis
386 1956 486 2021 fuerit,
510 1957 595 2022 Aegis
612 1967 737 2019 vocetur:
758 1958 781 2008 si
797 1958 827 2009 iu
843 1967 955 2028 pectore
970 1958 1061 2016 homi·

33 2023 91 2089 nis,
117 2023 187 2074 sicut
209 2023 239 2075 in
256 2024 375 2092 antiquis
397 2025 597 2093 imperatorum
613 2024 708 2076 statuis
726 2024 861 2090 videmus,
886 2027 975 2078 lorica
992 2030 1059 2084 dici-

32 2097 87 2143 tur.
129 2091 284 2156 Turbatae3
316 2092 376 2161 [vel
396 2093 548 2145 concitatae
571 2099 599 2144 ct
621 2092 726 2157 iratae,
754 2092 812 2157 vel]
830 2109 886 2161 ipro
909 2099 1059 2154 turbantis.

32 2157 107 2210 Nem
129 2159 222 2211 timuit
244 2160 506 2226 Homoeoteleuton,
535 2166 563 2212 et
584 2160 650 2213 fecit
672 2161 800 2228 supinam
821 2161 1058 2230 significationem.

31 2227 85 2279 Alii
103 2227 138 2279 ed
154 2228 277 2280 fabrilem
293 2230 432 2293 referunt,
455 2230 520 2297 quia
536 2227 636 2280 dicitur
658 2228 689 2280 iu
715 2230 787 2281 bello
804 2230 956 2298 Gigantum
979 2248 1058 2290 srmn

29 2295 182 2363 perdidisse
200 2297 329 2361 turbate,
345 2304 376 2348 ut
393 2298 544 2368 qtmsiipsa
561 2313 634 2348 nunc
650 2305 778 2367 reparet,
794 2299 870 2349 cuius
885 2298 952 2353 dicti
968 2302 1057 2356 nullus

29 2371 129 2416 ructor
144 2364 281 2417 invenitur
297 2364 418 2417 idoneus.
435 2393 470 2403 —
502 2370 565 2424 436.
581 2364 713 2432 Squamis
730 2372 798 2429 eto.;
821 2368 923 2434 Aegida
939 2369 1057 2425 horrife-

26 2446 93 2487 ram
111 2433 200 2484 aureis
217 2432 336 2501 squamis
352 2440 512 2501 serpentum
528 2434 657 2486 certatim
672 2434 805 2500 polibant.
838 2434 891 2486 Alii
907 2438 1008 2503 volunt,
1023 2457 1056 2494 re

25 2514 94 2553 vere
118 2499 153 2551 tls
176 2503 251 2551 corio
281 2508 441 2571 serpentum
462 2503 555 2554 dicere
587 2517 653 2555 eum
676 2518 755 2554 arma
784 2515 841 2554 esse
870 2504 993 2574 levigata.
1020 2534 1055 2547 -

14 2571 91 2627 437.
121 2567 320 2636 connexosque
350 2586 473 2636 anguem
507 2569 646 2637 Gorgonis
675 2570 779 2622 scilicet
806 2571 896 2639 capiti.
938 2572 1054 2628 Derecto

22 2648 184 2691 uertentem
211 2639 320 2688 lomina
346 2639 433 2701 collo,
465 2645 512 2690 aut
533 2655 582 2690 sua
609 2637 716 2688 lumine
740 2637 998 2707 circumferentem,
1027 2652 1056 2696 er

19 2705 128 2757 mortis
143 2705 331 2773 indignatione
348 2715 543 2774 quaerentem,
565 2720 684 2774 quorum
700 2722 729 2757 se
752 2704 865 2759 interitu
882 2715 974 2773 posset
990 2709 1056 2763 ulci-

13 2773 79 2834 cci;
97 2780 145 2824 erit
157 2783 230 2826 certe
247 2774 402 2839 intuentum
418 2774 523 2825 lumina
539 2774 570 2823 in
586 2787 650 2824 saxa
665 2780 836 2824 vertentem..
858 2775 923 2841 [Ant
937 2776 1055 2832 horrore

13 2858 77 2895 tuo
96 2841 213 2893 aliorum
231 2841 322 2892 oculos
338 2849 515 2905 avertentem,
531 2858 567 2892 ne
583 2854 648 2890 cum
665 2840 787 2907 periculo
805 2840 963 2909 videretur]
994 2846 1054 2898 Hoc
1138 2890 1140 2895 .

12 2917 123 2965 nutem
139 2894 223 2978 capt'it
238 2909 300 2961 ideo
318 2908 443 2961 Minerva
460 2908 572 2974 fingitur
588 2904 692 2960 habere
709 2907 738 2957 in
756 2915 881 2974 pectore,
908 2910 981 2978 quod
996 2914 1054 2966 illic

11 2984 68 3035 eet
86 2977 177 3029 omnis
193 2976 339 3045 prudentia
357 2993 427 3045 quae
444 2973 586 3028 confundit
603 2973 685 3041 elios,
709 2982 737 3027 et
753 2976 895 3044 imperitos
912 2996 944 3030 eo
960 2995 1053 3034 serens

10 3046 198 3117 comprobet.
232 3046 389 3114 [ipsamque
407 3047 439 3096 in
456 3057 561 3111 pectore
580 3042 679 3108 δίναις
695 3042 748 3096 boc
767 3050 808 3096 est
825 3062 895 3112 quoe
912 3048 941 3099 in
958 3054 1052 3118 pecto·

10 3130 53 3179 130
82 3122 208 3182 ponetur.
234 3141 267 3151 -
308 3113 371 3171 438.
388 3110 503 3165 Derecto
530 3123 692 3175 vertentem,
717 3114 856 3180 quomodo
880 3117 1052 3173 vertentem?

10 3182 40 3238 Ι.
64 3200 91 3236 e.
108 3191 181 3234 secto
197 3181 268 3233 collo
285 3197 342 3233 non
357 3197 405 3233 sua
422 3182 527 3235 lumina
542 3188 709 3245 vertentem,
731 3180 778 3232 sed
794 3181 989 3237 immutantem
1006 3200 1051 3237 eo·

10 3266 91 3307 :rum
107 3251 209 3303 faciem
225 3250 274 3318 qui
296 3249 368 3302 hanc
384 3251 525 3302 vidissent:
548 3258 596 3301 aut
611 3256 765 3313 vertenten
782 3248 848 3299 dixit
862 3250 982 3317 lumine,
1004 3254 1051 3305 ad·

10 3335 106 3372 versa
122 3319 288 3383 habentem,
311 3326 342 3368 ut
358 3318 455 3370 habuit
471 3335 536 3371 cum
551 3325 692 3370 secaretur
709 3316 734 3368 ei
751 3317 868 3383 collum,
892 3329 919 3371 et
936 3335 1051 3389 quaere·

10 3396 68 3442 ret
92 3387 245 3453 aspectibus
268 3385 420 3451 vindicari]
442 3412 478 3423 ·-·
516 3391 578 3444 439.
603 3385 704 3437 Tollite
729 3397 844 3451 curiosa,
866 3389 973 3452 inquit3
998 3387 1051 3443 vile

11 3463 80 3517 est,
98 3456 170 3521 quod
188 3454 311 3522 plerique
329 3455 437 3519 dicunt,
453 3461 566 3525 propter
583 3471 662 3506 uma
678 3454 777 3504 Martis
793 3453 896 3505 iratum
914 3471 971 3510 esse
988 3457 1051 3510 Vul-

10 3538 141 3586 canum‚
164 3524 326 3592 praesertim
349 3539 413 3573 cum
438 3530 466 3573 et
487 3530 598 3575 arment
613 3523 767 3574 Minervam
790 3529 818 3572 et
840 3522 976 3577 fabricent
998 3525 1050 3581 ful·

10 3592 101 3655 mine
119 3591 312 3658 Cyclopes:'et
327 3591 462 3642 Vulcanus
479 3591 586 3657 dixerit,
604 3591 710 3641 Cuncta
729 3590 825 3641 tollite.
858 3592 933 3665 Ergo
951 3595 1050 3663 tollite,

10 3667 73 3713 aut
88 3659 197 3710 differte
214 3659 313 3725 (Gueli.
331 3659 352 3710 1.
370 3659 441 3727 cus.)
460 3667 515 3723 est,
532 3666 579 3710 aut
594 3659 709 3712 celerius
726 3659 883 3711 terminate.
919 3660 1047 3731 coeptos.

14 3720 77 3799 que
95 3739 186 3777 averte
204 3728 329 3792 labores,·
347 3728 409 3796 quis
427 3727 545 3780 dixerat:
561 3726 617 3779 His
636 3728 820 3796 informatum
839 3730 971 3785 manibus
988 3733 1047 3785 ism

10 3808 102 3869 purte
119 3796 208 3863 polita
222 3794 339 3847 Fulmen
354 3808 469 3847 erntr-
502 3800 563 3853 440.
584 3798 699 3847 Aetnaei
714 3795 861 3864 Cyclopem
877 3804 908 3849 ut
920 3803 948 3864 (3
963 3799 1050 3863 67844
1114 3820 1117 3827 ’

13 3867 159 3917 Aetnaeos
170 3865 288 3932 fratres.
305 3892 339 3901 -
374 3862 665 3920 trimitountus
685 3882 769 3928 usus;
795 3864 863 3931 [hoc
887 3874 939 3931 eet,
972 3882 1066 3939 numer,

10 3941 62 3989 ost
79 3942 232 3987 vestrarum
249 3933 351 3985 virium
367 3932 541 3999 exercitium,
556 3933 574 3985 i.
592 3951 617 3985 e.
632 3941 741 4003 tempus
759 3943 799 3985 est
814 3932 984 3999 exercendae
994 3934 1063 4013 'iffi-

17 4001 89 4057 tntic
106 4001 180 4054 circa
196 4017 278 4057 erma
293 4000 345 4053 viri
360 3999 447 4053 fortis.
481 4001 529 4071 [Et
544 4000 583 4054 sic
600 4001 704 4055 dictum
722 4008 762 4055 est
778 4008 809 4052 ut
824 3999 956 4097 dicimus:
972 4020 1032 4083 ιι

789 4116 846 4176 st*
