2454 4500
110 196 140 253 ἰ
223 270 258 312 n
283 221 743 327 VIRGlL.nENEID.L11t
766 244 820 330 VI,
845 261 997 326 17-25·
1067 264 1157 348 ³6⁸.
1202 306 1207 315 e

79 439 178 508 marra
195 435 271 506 qcsod
284 435 476 504 navigantibus
489 435 648 503 convenitll
661 462 696 478 ··
729 444 773 496 17.
792 438 1026 510 Chalcidicaque,
1044 446 1133 514 quern
1212 440 1218 457 ¹

77 508 224 560 civitatem
245 505 443 558 Chalcidenses
466 506 663 559 condiderunt:
685 515 717 560 ut
739 523 823 579 supra
848 510 999 580 abipsula
1022 511 1127 565 Cumas
1182 522 1185 531 '

76 576 222 641 civitatem
246 573 415 631 nominavitr
439 574 549 642 (Gueli.
573 575 676 643 insula,
698 593 773 630 nuno
791 595 808 630 a
832 578 905 632 civit
928 596 1005 634 nom.
1028 583 1125 652 epith)
1197 600 1203 623 Ι

76 649 202 717 [nuncu
225 643 335 698 civitate
358 641 435 694 dedit
458 641 671 713 epitheton.]—·
706 651 749 706 18,
766 643 906 700 Redditus
929 649 977 701 ln's
1020 653 1125 703 rimum

66 710 182 775 'cerrisq
210 711 289 779 quasi
306 711 342 762 de
352 710 451 770 ¹alieno
475 712 615 766 elemento
639 712 798 782 [insnum]
831 717 960 769 Horatius
978 668 1082 785 (darm.
1100 727 1126 788 1,

76 782 131 846 3.):
150 780 275 832 Finibus
288 779 389 830 Atticis
405 781 506 839 reddas
520 782 689 835 incolumem
707 799 813 850 precor.
828 810 863 822 -
899 792 942 845 19.
958 786 1123 858 Remigium
1178 797 1184 806 “

76 848 194 904 alarum
201 872 211 914 ,-
228 857 321 900 artem
333 848 452 900 volandi.
470 849 518 916 [Et
530 849 635 902 iterum
644 851 745 904 miscet
757 852 873 906 dicendo
883 858 1042 924 remigium,
1049 859 1124 928 quod

74 927 118 974 est
161 915 239 982 avis]
265 915 387 998 ‘Posuitq
411 917 604 999 exaedificant.
629 946 663 957 -
678 987 684 1000 ι
698 927 741 977 20.
766 918 868 1001 [ntum
892 925 1040 995 Androgeo
1047 950 1057 992 ς
1082 944 1123 980 se·

69 1005 136 1127 ἕξεί
151 985 1123 1127 militi?tltutttltttnl‘ttiti‘mtsh[itt

73 1126 194 1180 audiunt
216 1125 327 1190 posuit,
351 1123 369 1174 i.
388 1141 413 1175 e.
437 1124 539 1194 pinxit:
563 1133 595 1175 ut
610 1123 870 1192 Horatiussffiarm.
889 1133 923 1197 4,
940 1131 989 1194 nd:
1014 1131 1121 1201 Qualis

72 1193 252 1248 Parrhasius
276 1192 404 1258 prodidit
429 1204 480 1242 aut
496 1191 601 1260 Scopas
625 1195 730 1258 solers,
753 1212 830 1247 nunc
853 1198 995 1253 hominem
1018 1221 1121 1270 ponere

73 1262 278 1315 nuno-deum.-
304 1259 351 1311 hic
375 1278 463 1326 soso,
489 1263 610 1328 liquidis
637 1264 685 1314 ille
711 1265 863 1318 coloribus.
905 1267 977 1323 Sane
993 1273 1122 1325 nonnulli

69 1334 150 1386 hunc
168 1331 349 1401 Androgeum
366 1345 423 1381 non
440 1330 488 1396 ita,
504 1328 744 1399 quemadmodum
760 1349 845 1406 supra
864 1335 970 1391 dictum
987 1349 1037 1408 est,
1052 1341 1120 1394 insi-

72 1402 127 1461 diis
160 1394 298 1464 menum,
327 1399 377 1451 sed
401 1415 418 1448 a
442 1399 621 1452 Marathonio
652 1409 748 1466 tauro,
773 1404 983 1473 ‘qui'flammes
1006 1424 1118 1464 vomere

71 1469 235 1534 dicebatur,
263 1468 469 1536 conflagratum
497 1467 637 1534 tradunt]
660 1496 695 1507 —
747 1477 791 1528 21.
824 1472 994 1543 Cecropidae
1024 1480 1101 1532 iussi
1107 1503 1117 1545 ,-

67 1538 256 1597 ‘Athenienses
272 1553 290 1590 a
305 1552 373 1605 rege
391 1536 517 1604 Cecrope
534 1540 577 1606 [ut
592 1537 778 1607 Romulidae,
800 1540 818 1592 i.
837 1560 860 1595 c.
877 1543 999 1599 Romani
1030 1565 1047 1600 a
1062 1548 1119 1600 Ro-
1206 1567 1213 1579 ⁸

70 1604 173 1671 mule]
208 1604 328 1657 Pendere
346 1613 457 1667 alitem,
474 1605 593 1658 solvere:
611 1608 685 1676 quod
703 1615 834 1676 utsupra
850 1616 886 1677 (1,
904 1613 976 1678 136.)
993 1585 1118 1685 diximus,
1213 1663 1217 1672 ,

68 1683 197 1730 uectum
213 1681 255 1726 est
270 1692 288 1726 e
311 1673 474 1742 pecuniaria
491 1674 677 1728 damnatione.
711 1676 868 1746 Miserum‚·
892 1681 1009 1735 dolentis
1031 1685 1119 1739 inter-

70 1744 172 1799 iectio:
202 1759 235 1794 ac
260 1742 284 1793 si
306 1743 412 1795 diceret
438 1743 519 1811 nefas
544 1745 586 1811 [ut
609 1747 660 1809 (8,
682 1745 775 1806 688.);
799 1746 1000 1818 Sequiturque,
1024 1754 1117 1824 nefas,
1184 1764 1187 1775 '

69 1813 212 1884 Aegyptia
231 1814 345 1863 conius.
382 1811 419 1861 Et
435 1809 507 1880 qiud
525 1819 566 1863 est
590 1812 748 1865 miserum?
771 1815 910 1868 subiunxit
933 1819 1035 1874 dicens.
1068 1823 1115 1875 Se·

68 1892 156 1954 pterea
174 1882 329 1948 quotannis
348 1878 473 1946 Corpora
498 1892 629 1931 natorum
637 1902 645 1946 3
668 1895 783 1946 septeno
807 1889 978 1955 quotannis,
1001 1891 1131 1959 quddam

68 1948 182 2024 septem
222 1965 306 2002 ueros
332 1952 360 2001 et
383 1956 491 2018 septem
513 1949 619 2019 puellas
643 1952 733 2018 accipi
756 1953 863 2017 volunt,
887 1957 961 2036 quod
986 1967 1015 2011 et
1037 1960 1115 2014 Plato

70 2016 145 2075 dieii
157 2019 188 2081 iu
204 1967 361 2081 Phaedone,
378 2024 406 2068 et
423 2017 534 2084 Sappho
551 2017 582 2068 in
600 2017 715 2086 Lyricis,
730 2027 761 2072 et
776 2020 955 2091 Bacchylides
970 2026 999 2078 in
1018 2027 1116 2102 Dicty-

68 2087 193 2152 rembis,
217 2085 410 2157 et.Euripides
427 2085 457 2141 iu
473 2086 610 2153 Hercule,
634 2100 703 2167 quos
724 2088 855 2143 liberavit
869 2107 965 2146 secum
982 2096 1116 2166 Theseus,

108 2171 194 2210 orum
216 2155 286 2208 haec
310 2155 426 2207 nomina
449 2155 590 2206 seruntur:
621 2157 838 2226 Hippophorbas
861 2168 892 2214 et
905 2162 980 2229 libi,
1008 2165 1027 2218 i.
1052 2169 1116 2222 e.‚*

67 2176 180 2298 ffiqbis)
196 2224 326 2289 Arcadis,
351 2223 532 2274 Antimachus
548 2224 685 2289 Evandri,
701 2227 842 2281 Mnesteus
858 2227 998 2299 Sumiani,
1015 2235 1114 2291 Phido-

68 2312 118 2350 eus
134 2291 413 2361 Rarmutis(iiemn.),
430 2291 578 2345 Demolion
596 2293 710 2361 Cydani,
726 2295 870 2350 Puriesion
888 2298 978 2354 Celei:
993 2302 1114 2373 Puellae,

67 2362 248 2433 Hacperibea
265 2361 399 2429 (Puellam
416 2360 586 2422 Pherehoee)
603 2361 722 2414 Alcatini
737 2363 751 2395 *
768 2364 902 2436 Medippe
917 2368 1008 2438 Pyrii,
1030 2374 1113 2429 Iesio·

67 2452 105 2488 ne
130 2431 224 2496 Celei,
252 2429 447 2482 Andromache
472 2430 701 2503 Eurymedontis,
724 2431 780 2483 Seu
802 2435 816 2468 *
838 2435 993 2503 Pymedusa
1015 2441 1113 2514 (Eurys

67 2501 161 2565 med.)
184 2498 329 2568 Polyxeni,
352 2498 464 2567 Europe
488 2497 748 2564 Laodicis,‘Milita
773 2501 913 2569 Triaconi.
936 2505 966 2572 *J
989 2535 1024 2547 -
1064 2521 1110 2569 22,

69 2573 198 2638 Corpora
224 2579 373 2628 notorum,
397 2566 468 2621 bene
495 2582 629 2633 corpora,
652 2585 723 2634 quae
747 2570 879 2639 adempta
896 2573 1112 2633 viteconsnme'-
1190 2602 1193 2613 ·

67 2640 186 2700 bantur,
204 2639 246 2706 [ut
262 2652 345 2704 super
358 2634 533 2688 orbitatem*
545 2637 708 2757 placentibus
725 2655 806 2694 nese
826 2641 895 2693 elire
912 2644 1026 2712 quidem
1041 2647 1113 2704 libe-
1156 2686 1160 2698 .
1212 2662 1216 2670 ’

67 2726 112 2764 rus
123 2707 255 2771 licuisset,
271 2720 374 2772 magna
388 2719 455 2770 ergo
470 2703 551 2774 perip
572 2705 627 2755 rasi
641 2706 747 2757 dictum
761 2655 828 2773 estl'
847 2708 924 2774 Stat,·
940 2721 991 2764 eut
1000 2714 1111 2771 horret:

67 2787 97 2832 ut
114 2776 212 2851 (300.):
235 2774 447 2841 Stant'lumino
465 2773 598 2840 flamma.
635 2774 699 2840 [Aut
716 2774 799 2841 plena
815 2785 871 2842 est,
895 2786 926 2829 ut
940 2784 1003 2900 312,
1020 2787 1110 2850 407.);

67 2846 186 2899 Pulvere
205 2844 311 2896 eoelum
329 2841 408 2893 Stare
427 2839 542 2904 vident]
575 2843 630 2892 Aut
645 2858 677 2893 re
693 2857 759 2894 vera
776 2856 846 2910 scot,
862 2848 925 2916 p'ost
960 2842 1036 2904 ustas
1052 2858 1111 2908 sdr-

67 2923 123 2970 tes:
147 2921 197 2966 sut
220 2919 298 2964 certe
321 2911 357 2962 ed
380 2910 520 2980 picturam
537 2910 666 2979 respexit.
700 2910 775 2962 Nam
791 2913 861 2964 volvi
877 2914 908 2966 in
925 2917 1033 2986 pictura
1050 2939 1109 2978 non
1132 2926 1140 2932 ’

67 2989 181 3054 poteret
206 2979 306 3048 [urna].
340 2979 377 3030 Et
393 2979 458 3030 licet
476 2979 542 3045 pion
560 2977 697 3048 potuerit,
720 2978 759 3044 et]
781 2992 839 3034 non
863 2983 899 3034 sit
922 3000 1011 3042 tunae
1026 2997 1110 3061 stare,
1142 3026 1147 3037 ,

67 3055 100 3108 de
118 3051 230 3120 picutra
246 3056 340 3101 tumeu
358 3046 430 3099 bene
446 3047 553 3098 dictum
569 3054 617 3098 est.
653 3045 705 3098 sed
722 3049 746 3099 si
763 3061 833 3117 stat,
855 3051 954 3105 horret
968 3060 1110 3127 acceperi-

67 3138 137 3174 mus.
170 3116 277 3170 vDuctis
303 3117 429 3169 sortitus
450 3115 647 3182 intelligimus,
670 3115 705 3167 de
728 3133 783 3186 qua
806 3120 994 3175 ducebantur:
1018 3136 1049 3178 ut
1072 3134 1108 3195 (1,

68 3189 156 3252 121.):
173 3187 209 3242 Et
226 3203 282 3254 qua
300 3198 395 3237 uectus
413 3185 495 3236 Abos.
529 3185 602 3243 Nam
620 3201 637 3235 a
654 3184 773 3254 passivo,
797 3194 925 3259 ut-saepe
942 3192 1022 3260 [iam]
1040 3197 1108 3249 dixi.

68 3273 144 3324 mus,
166 3256 285 3309 inveniri
302 3271 359 3306 non
384 3253 486 3322 poterit
501 3252 680 3324 participium
696 3270 833 3322 praeseus.
866 3259 992 3330 [Proprie
1009 3272 1107 3318 atatem
1141 3282 1143 3287 ’

68 3328 161 3379 luctis
186 3327 325 3376 sortibus:
356 3321 509 3373 Sallustius:
532 3322 609 3374 Sorte
635 3322 734 3373 ductos
753 3322 832 3390 fusci
856 3327 955 3393 necat]
976 3358 1012 3369 -
1061 3342 1106 3393 23,

68 3397 148 3448 illata
170 3395 260 3458 mari‚·
285 3392 376 3462 perite
394 3391 485 3457 [dixin
503 3390 629 3448 eminens
646 3398 688 3443 est
704 3391 796 3456 enim,
814 3401 841 3444 et
857 3394 942 3461 bene]
958 3398 1043 3452 situm
1059 3419 1106 3456 ex.

68 3464 178 3517 pressit:
209 3471 239 3512 ut
270 3461 348 3514 enim
370 3458 510 3510 Sallustius
533 3458 612 3510 dicit:
643 3459 723 3510 Creta
748 3462 835 3514 altior
859 3476 915 3530 est,
947 3483 1001 3534 qua
1024 3483 1104 3538 parte
1179 3502 1182 3512 ·

68 3525 172 3601 'spectat
196 3533 337 3584 orientem.
378 3528 552 3595 Respondet,·
583 3527 722 3598 aspicitur.
764 3530 836 3580 Nam
861 3540 961 3586 contra
983 3538 1104 3592 Athenae

68 3610 105 3656 „t
122 3600 221 3670 posita,
239 3626 274 3637 -
308 3601 352 3657 24.
370 3597 572 3666 [suppostaque
584 3595 685 3664 furto‚·
709 3598 763 3650 hoc
781 3607 822 3650 est
837 3600 936 3654 furtim
951 3603 1058 3660 inclusa
1072 3609 1104 3664 in

68 3686 179 3723 mecam
195 3668 333 3737 ligneam,
370 3683 422 3718 uae
441 3675 501 3718 erat
518 3671 621 3735 operta,
632 3666 690 3718 eius
708 3683 805 3719 vaceae
823 3669 899 3720 corio
917 3687 1001 3740 quam
1018 3678 1104 3730 maxi·
1170 3703 1173 3709 ι

68 3757 111 3792 ne
136 3746 234 3789 taurus
260 3685 422 3804 adpetdhnt:
454 3732 518 3797 erit]
535 3734 634 3802 furto,
656 3734 806 3800 adulterio,
831 3745 863 3786 ut
886 3739 937 3803 (G.
961 3746 995 3807 4,
1019 3746 1103 3809 346,);

68 3807 209 3871 Vulcani,
232 3805 392 3871 Martisque
410 3804 489 3854 dolos
507 3815 533 3852 et
551 3804 648 3853 dulcia
666 3803 768 3871 furtin·
791 3812 882 3871 polest
904 3808 1010 3874 [autem
1023 3814 1105 3865 ,sicut

68 3878 171 3932 lictum
190 3873 241 3939 est]
264 3875 343 3927 etad
362 3887 474 3924 vaccam
497 3869 614 3935 referri,
636 3871 724 3938 [cuius
746 3873 837 3939 specie
860 3882 941 3928 tauro
959 3879 1051 3934 iurata
1068 3883 1104 3934 eit

68 3942 189 4008 mitum]
207 3967 240 3981 .,,
270 3948 319 4001 95,
339 3941 516 4006 mixtumque
533 3956 640 4006 genus5
665 3941 816 3991 secundum
841 3943 1001 4013 veritatem,
1025 3951 1103 4019 [quia
1157 3968 1162 3973 ·
1206 3970 1212 3993 ⁴·

68 4015 130 4067 iuos
156 4010 290 4082 peperit,
304 4026 393 4063 unum
416 4025 448 4061 ex
472 4008 580 4076 Tamo,
603 4007 724 4062 alterum
748 4025 780 4081 eu
801 4009 917 4079 Minoe]
953 4013 1102 4088 Prolesqus

111 4134 147 4210 1,
317 4112 337 4221 .⁸
585 4143 603 4205 g
860 4133 896 4187 at
