<?xml version="1.0" encoding="UTF-8"?>
<!DOCTYPE html PUBLIC "-//W3C//DTD XHTML 1.0 Transitional//EN"
    "http://www.w3.org/TR/xhtml1/DTD/xhtml1-transitional.dtd">
<html xmlns="http://www.w3.org/1999/xhtml" xml:lang="en" lang="en">
 <head>
  <title>
</title>
<meta http-equiv="Content-Type" content="text/html;charset=utf-8" />
  <meta name='ocr-system' content='tesseract 3.04.00' />
  <meta name='ocr-capabilities' content='ocr_page ocr_carea ocr_par ocr_line ocrx_word'/>
</head>
<body>
  <div class='ocr_page' id='page_1' title='image "./commentariiinvi00liongoog_0123.png"; bbox 0 0 2454 4500; ppageno 0'>
   <div class='ocr_carea' id='block_1_1' title="bbox 100 228 1019 331">
    <p class='ocr_par' dir='ltr' id='par_1_1' title="bbox 100 228 1019 331">
     <span class='ocr_line' id='line_1_1' title="bbox 100 228 1019 331; baseline 0.015 -28"><span class='ocrx_word' id='word_1_1' title='bbox 100 252 146 321; x_wconf 78' lang='lat'>92</span> <span class='ocrx_word' id='word_1_2' title='bbox 363 240 504 331; x_wconf 78' lang='lat' dir='ltr'>suavis</span> <span class='ocrx_word' id='word_1_3' title='bbox 526 244 883 314; x_wconf 79' lang='lat' dir='ltr'>conuautsutus</span> <span class='ocrx_word' id='word_1_4' title='bbox 905 228 922 267; x_wconf 82' lang='grc'>’“</span> <span class='ocrx_word' id='word_1_5' title='bbox 996 296 1019 317; x_wconf 89' lang='grc'>.,</span> 
     </span>
    </p>
   </div>
   <div class='ocr_carea' id='block_1_2' title="bbox 88 430 1048 4075">
    <p class='ocr_par' dir='ltr' id='par_1_2' title="bbox 88 430 1048 4075">
     <span class='ocr_line' id='line_1_2' title="bbox 99 430 1047 507; baseline 0.001 -21"><span class='ocrx_word' id='word_1_6' title='bbox 99 431 192 487; x_wconf 76' lang='lat' dir='ltr'>Sicilia</span> <span class='ocrx_word' id='word_1_7' title='bbox 214 430 341 486; x_wconf 70' lang='lat' dir='ltr'>nuditus</span> <span class='ocrx_word' id='word_1_8' title='bbox 363 432 449 486; x_wconf 87' lang='lat' dir='ltr'>Italia.</span> <span class='ocrx_word' id='word_1_9' title='bbox 485 431 556 486; x_wconf 87' lang='lat' dir='ltr'>Sane</span> <span class='ocrx_word' id='word_1_10' title='bbox 580 433 694 500; x_wconf 73' lang='lat' dir='ltr'>quidam·</span> <span class='ocrx_word' id='word_1_11' title='bbox 716 449 733 485; x_wconf 85' lang='lat' dir='ltr'>a</span> <span class='ocrx_word' id='word_1_12' title='bbox 755 430 868 499; x_wconf 65' lang='lat' dir='ltr'>fervore</span> <span class='ocrx_word' id='word_1_13' title='bbox 895 432 955 486; x_wconf 86' lang='lat' dir='ltr'>dici</span> <span class='ocrx_word' id='word_1_14' title='bbox 979 442 1047 507; x_wconf 87' lang='lat' dir='ltr'>pute</span> 
     </span>
     <span class='ocr_line' id='line_1_3' title="bbox 99 499 1045 575; baseline -0.001 -18"><span class='ocrx_word' id='word_1_15' title='bbox 99 504 220 557; x_wconf 73' lang='lat' dir='ltr'>Sicanos</span> <span class='ocrx_word' id='word_1_16' title='bbox 236 500 356 573; x_wconf 78' lang='lat' dir='ltr'>&#39;quidam</span> <span class='ocrx_word' id='word_1_17' title='bbox 379 499 550 565; x_wconf 63' lang='lat' dir='ltr'>usstassais</span> <span class='ocrx_word' id='word_1_18' title='bbox 574 502 702 561; x_wconf 81' lang='lat' dir='ltr'>tradunt3</span> <span class='ocrx_word' id='word_1_19' title='bbox 727 504 792 569; x_wconf 88' lang='lat' dir='ltr'>quia</span> <span class='ocrx_word' id='word_1_20' title='bbox 815 518 849 553; x_wconf 83' lang='lat' dir='ltr'>ex</span> <span class='ocrx_word' id='word_1_21' title='bbox 864 503 987 556; x_wconf 81' lang='lat' dir='ltr'>Hiberia</span> <span class='ocrx_word' id='word_1_22' title='bbox 1011 522 1045 575; x_wconf 87' lang='lat' dir='ltr'>pr</span> 
     </span>
     <span class='ocr_line' id='line_1_4' title="bbox 100 570 1047 639; baseline 0 -16"><span class='ocrx_word' id='word_1_23' title='bbox 100 572 135 624; x_wconf 90' lang='lat' dir='ltr'>de</span> <span class='ocrx_word' id='word_1_24' title='bbox 152 572 265 624; x_wconf 82' lang='lat' dir='ltr'>nomine</span> <span class='ocrx_word' id='word_1_25' title='bbox 283 571 406 625; x_wconf 85' lang='lat' dir='ltr'>fluminis</span> <span class='ocrx_word' id='word_1_26' title='bbox 422 571 531 636; x_wconf 86' lang='lat' dir='ltr'>Sicoris,</span> <span class='ocrx_word' id='word_1_27' title='bbox 542 586 632 639; x_wconf 75' lang='lat' dir='ltr'>quem</span> <span class='ocrx_word' id='word_1_28' title='bbox 649 570 821 637; x_wconf 80' lang='lat' dir='ltr'>reliquerant</span> <span class='ocrx_word' id='word_1_29' title='bbox 836 570 947 636; x_wconf 85' lang='lat' dir='ltr'>Sicani,</span> <span class='ocrx_word' id='word_1_30' title='bbox 965 573 1047 625; x_wconf 88' lang='lat' dir='ltr'>nomi</span> 
     </span>
     <span class='ocr_line' id='line_1_5' title="bbox 99 637 1047 713; baseline 0 -21"><span class='ocrx_word' id='word_1_31' title='bbox 99 641 234 711; x_wconf 72' lang='lat' dir='ltr'>sedesque</span> <span class='ocrx_word' id='word_1_32' title='bbox 251 652 384 711; x_wconf 75' lang='lat' dir='ltr'>paratos5</span> <span class='ocrx_word' id='word_1_33' title='bbox 401 639 635 713; x_wconf 75' lang='lat' dir='ltr'>&#39;propter&#39;Acestis</span> <span class='ocrx_word' id='word_1_34' title='bbox 652 637 855 706; x_wconf 72' lang='lat' dir='ltr'>cognationem</span> <span class='ocrx_word' id='word_1_35' title='bbox 870 665 907 681; x_wconf 88' lang='lat'><em>-</em></span> <span class='ocrx_word' id='word_1_36' title='bbox 941 647 1007 700; x_wconf 77' lang='lat'>558.</span> <span class='ocrx_word' id='word_1_37' title='bbox 1020 642 1047 691; x_wconf 80' lang='lat' dir='ltr'>tt</span> 
     </span>
     <span class='ocr_line' id='line_1_6' title="bbox 99 706 1047 778; baseline 0.003 -20"><span class='ocrx_word' id='word_1_38' title='bbox 99 717 149 762; x_wconf 78' lang='lat' dir='ltr'>attt</span> <span class='ocrx_word' id='word_1_39' title='bbox 171 710 218 778; x_wconf 76' lang='lat' dir='ltr'>qui</span> <span class='ocrx_word' id='word_1_40' title='bbox 238 710 315 760; x_wconf 81' lang='lat' dir='ltr'>&#39;nurtc</span> <span class='ocrx_word' id='word_1_41' title='bbox 337 726 386 759; x_wconf 80' lang='lat' dir='ltr'>rex</span> <span class='ocrx_word' id='word_1_42' title='bbox 410 717 464 761; x_wconf 86' lang='lat' dir='ltr'>est:</span> <span class='ocrx_word' id='word_1_43' title='bbox 490 717 539 764; x_wconf 77' lang='lat' dir='ltr'>aut</span> <span class='ocrx_word' id='word_1_44' title='bbox 562 707 611 776; x_wconf 86' lang='lat' dir='ltr'>qui</span> <span class='ocrx_word' id='word_1_45' title='bbox 633 706 720 758; x_wconf 88' lang='lat' dir='ltr'>etiam</span> <span class='ocrx_word' id='word_1_46' title='bbox 742 715 838 759; x_wconf 85' lang='lat' dir='ltr'>noster</span> <span class='ocrx_word' id='word_1_47' title='bbox 861 710 974 761; x_wconf 81' lang='lat' dir='ltr'>futttrus</span> <span class='ocrx_word' id='word_1_48' title='bbox 998 710 1047 777; x_wconf 86' lang='lat' dir='ltr'>(Gt</span> 
     </span>
     <span class='ocr_line' id='line_1_7' title="bbox 99 777 1047 845; baseline 0.001 -17"><span class='ocrx_word' id='word_1_49' title='bbox 99 777 251 843; x_wconf 74' lang='lat' dir='ltr'>venturus)</span> <span class='ocrx_word' id='word_1_50' title='bbox 270 785 318 830; x_wconf 87' lang='lat' dir='ltr'>est.</span> <span class='ocrx_word' id='word_1_51' title='bbox 336 802 370 816; x_wconf 89' lang='lat'>···</span> <span class='ocrx_word' id='word_1_52' title='bbox 404 783 464 835; x_wconf 74' lang='lat'>559.</span> <span class='ocrx_word' id='word_1_53' title='bbox 484 778 604 828; x_wconf 78' lang='lat' dir='ltr'>Talibus</span> <span class='ocrx_word' id='word_1_54' title='bbox 623 777 768 840; x_wconf 78' lang='lat' dir='ltr'>Ilioneus3</span> <span class='ocrx_word' id='word_1_55' title='bbox 794 777 1047 845; x_wconf 55' lang='lat' dir='ltr'>sustentantibus</span> 
     </span>
     <span class='ocr_line' id='line_1_8' title="bbox 98 844 1047 916; baseline -0.002 -18"><span class='ocrx_word' id='word_1_56' title='bbox 98 858 161 898; x_wconf 81' lang='lat' dir='ltr'>tur:</span> <span class='ocrx_word' id='word_1_57' title='bbox 184 855 233 898; x_wconf 88' lang='lat' dir='ltr'>aut</span> <span class='ocrx_word' id='word_1_58' title='bbox 250 864 282 898; x_wconf 79' lang='lat' dir='ltr'>ex</span> <span class='ocrx_word' id='word_1_59' title='bbox 304 845 502 915; x_wconf 73' lang='lat' dir='ltr'>posterioribus</span> <span class='ocrx_word' id='word_1_60' title='bbox 520 846 682 915; x_wconf 83' lang='lat' dir='ltr'>fremebant</span> <span class='ocrx_word' id='word_1_61' title='bbox 703 844 843 911; x_wconf 85' lang='lat' dir='ltr'>intelligis.</span> <span class='ocrx_word' id='word_1_62' title='bbox 882 847 939 898; x_wconf 84' lang='lat' dir='ltr'>Ore</span> <span class='ocrx_word' id='word_1_63' title='bbox 958 847 1047 916; x_wconf 76' lang='lat' dir='ltr'>fremo</span> 
     </span>
     <span class='ocr_line' id='line_1_9' title="bbox 98 913 1047 985; baseline -0.004 -16"><span class='ocrx_word' id='word_1_64' title='bbox 98 914 153 969; x_wconf 78' lang='lat' dir='ltr'>lice</span> <span class='ocrx_word' id='word_1_65' title='bbox 177 922 228 967; x_wconf 59' lang='lat' dir='ltr'>est*</span> <span class='ocrx_word' id='word_1_66' title='bbox 239 913 447 967; x_wconf 82' lang='lat' dir='ltr'>consentiebant</span> <span class='ocrx_word' id='word_1_67' title='bbox 465 918 523 980; x_wconf 76' lang='lat' dir='ltr'>(atat</span> <span class='ocrx_word' id='word_1_68' title='bbox 546 915 695 985; x_wconf 81' lang='lat' dir='ltr'>probantes</span> <span class='ocrx_word' id='word_1_69' title='bbox 711 913 810 967; x_wconf 85' lang='lat' dir='ltr'>Ilionei</span> <span class='ocrx_word' id='word_1_70' title='bbox 827 915 915 982; x_wconf 85' lang='lat' dir='ltr'>dicta,</span> <span class='ocrx_word' id='word_1_71' title='bbox 942 924 993 967; x_wconf 85' lang='lat' dir='ltr'>aut</span> <span class='ocrx_word' id='word_1_72' title='bbox 1008 931 1047 983; x_wconf 54' lang='lat' dir='ltr'>ro,¹</span> 
     </span>
     <span class='ocr_line' id='line_1_10' title="bbox 98 981 1047 1053; baseline -0.001 -17"><span class='ocrx_word' id='word_1_73' title='bbox 98 982 261 1046; x_wconf 82' lang='lat' dir='ltr'>Didonem.)</span> <span class='ocrx_word' id='word_1_74' title='bbox 298 990 326 1033; x_wconf 91' lang='lat' dir='ltr'>et</span> <span class='ocrx_word' id='word_1_75' title='bbox 349 983 421 1037; x_wconf 89' lang='lat' dir='ltr'>bone</span> <span class='ocrx_word' id='word_1_76' title='bbox 446 1002 507 1050; x_wconf 87' lang='lat' dir='ltr'>ore,</span> <span class='ocrx_word' id='word_1_77' title='bbox 531 987 597 1052; x_wconf 71' lang='lat' dir='ltr'>qiua</span> <span class='ocrx_word' id='word_1_78' title='bbox 620 989 649 1036; x_wconf 89' lang='lat' dir='ltr'>et</span> <span class='ocrx_word' id='word_1_79' title='bbox 671 981 756 1035; x_wconf 88' lang='lat' dir='ltr'>armis</span> <span class='ocrx_word' id='word_1_80' title='bbox 780 998 923 1053; x_wconf 87' lang='lat' dir='ltr'>possumus</span> <span class='ocrx_word' id='word_1_81' title='bbox 945 985 1047 1039; x_wconf 77' lang='lat' dir='ltr'>fremet</span> 
     </span>
     <span class='ocr_line' id='line_1_11' title="bbox 99 1052 1037 1121; baseline 0 -16"><span class='ocrx_word' id='word_1_82' title='bbox 99 1059 159 1114; x_wconf 77' lang='lat'>561.</span> <span class='ocrx_word' id='word_1_83' title='bbox 178 1052 251 1105; x_wconf 82' lang='lat' dir='ltr'>Tum</span> <span class='ocrx_word' id='word_1_84' title='bbox 269 1052 387 1105; x_wconf 81' lang='lat' dir='ltr'>breviter</span> <span class='ocrx_word' id='word_1_85' title='bbox 405 1052 497 1116; x_wconf 86' lang='lat' dir='ltr'>Dido;</span> <span class='ocrx_word' id='word_1_86' title='bbox 521 1053 597 1120; x_wconf 86' lang='lat' dir='ltr'>atqui</span> <span class='ocrx_word' id='word_1_87' title='bbox 613 1068 670 1103; x_wconf 89' lang='lat' dir='ltr'>non</span> <span class='ocrx_word' id='word_1_88' title='bbox 687 1052 808 1103; x_wconf 83' lang='lat' dir='ltr'>breviter</span> <span class='ocrx_word' id='word_1_89' title='bbox 824 1052 966 1121; x_wconf 76' lang='lat' dir='ltr'>loquiturt</span> <span class='ocrx_word' id='word_1_90' title='bbox 990 1053 1037 1105; x_wconf 82' lang='lat' dir='ltr'>sed</span> 
     </span>
     <span class='ocr_line' id='line_1_12' title="bbox 99 1121 1046 1192; baseline -0.001 -17"><span class='ocrx_word' id='word_1_91' title='bbox 99 1122 417 1188; x_wconf 78' lang='lat' dir='ltr'>etlangum,‚porvam</span> <span class='ocrx_word' id='word_1_92' title='bbox 442 1130 470 1173; x_wconf 86' lang='lat' dir='ltr'>et</span> <span class='ocrx_word' id='word_1_93' title='bbox 494 1138 644 1189; x_wconf 83' lang='lat' dir='ltr'>magnum,</span> <span class='ocrx_word' id='word_1_94' title='bbox 668 1122 824 1192; x_wconf 84' lang='lat' dir='ltr'>perfectum</span> <span class='ocrx_word' id='word_1_95' title='bbox 847 1121 920 1173; x_wconf 88' lang='lat' dir='ltr'>nihil</span> <span class='ocrx_word' id='word_1_96' title='bbox 941 1121 1046 1175; x_wconf 79' lang='lat' dir='ltr'>habent</span> 
     </span>
     <span class='ocr_line' id='line_1_13' title="bbox 98 1189 1047 1264; baseline -0.003 -21"><span class='ocrx_word' id='word_1_97' title='bbox 98 1204 148 1264; x_wconf 80' lang='lat' dir='ltr'>per</span> <span class='ocrx_word' id='word_1_98' title='bbox 171 1189 411 1256; x_wconf 81' lang='lat' dir='ltr'>comparationem</span> <span class='ocrx_word' id='word_1_99' title='bbox 432 1191 639 1259; x_wconf 78' lang='lat' dir='ltr'>intelligsmtur:</span> <span class='ocrx_word' id='word_1_100' title='bbox 662 1197 694 1243; x_wconf 89' lang='lat' dir='ltr'>ut</span> <span class='ocrx_word' id='word_1_101' title='bbox 716 1204 802 1254; x_wconf 87' lang='lat' dir='ltr'>supra</span> <span class='ocrx_word' id='word_1_102' title='bbox 819 1190 903 1258; x_wconf 81' lang='grc'><strong>(530.)</strong></span> <span class='ocrx_word' id='word_1_103' title='bbox 920 1190 955 1243; x_wconf 87' lang='lat' dir='ltr'>de</span> <span class='ocrx_word' id='word_1_104' title='bbox 980 1206 1047 1260; x_wconf 83' lang='lat' dir='ltr'>prov.</span> 
     </span>
     <span class='ocr_line' id='line_1_14' title="bbox 98 1257 1047 1330; baseline 0 -22"><span class='ocrx_word' id='word_1_105' title='bbox 98 1260 147 1327; x_wconf 71' lang='lat' dir='ltr'>,dat</span> <span class='ocrx_word' id='word_1_106' title='bbox 164 1260 259 1324; x_wconf 74' lang='lat' dir='ltr'>locus,</span> <span class='ocrx_word' id='word_1_107' title='bbox 276 1257 366 1323; x_wconf 83' lang='lat' dir='ltr'>orbis,</span> <span class='ocrx_word' id='word_1_108' title='bbox 383 1266 415 1311; x_wconf 91' lang='lat' dir='ltr'>ut</span> <span class='ocrx_word' id='word_1_109' title='bbox 431 1259 561 1323; x_wconf 80' lang='lat' dir='ltr'>diximus,</span> <span class='ocrx_word' id='word_1_110' title='bbox 586 1258 802 1330; x_wconf 75' lang='lat' dir='ltr'>comparatione.</span> <span class='ocrx_word' id='word_1_111' title='bbox 836 1259 909 1311; x_wconf 87' lang='lat' dir='ltr'>Item</span> <span class='ocrx_word' id='word_1_112' title='bbox 925 1259 980 1311; x_wconf 89' lang='lat' dir='ltr'>hoc</span> <span class='ocrx_word' id='word_1_113' title='bbox 997 1260 1047 1313; x_wconf 82' lang='lat' dir='ltr'>loct</span> 
     </span>
     <span class='ocr_line' id='line_1_15' title="bbox 98 1326 1047 1396; baseline 0.001 -17"><span class='ocrx_word' id='word_1_114' title='bbox 98 1330 184 1392; x_wconf 83' lang='lat' dir='ltr'>viter,</span> <span class='ocrx_word' id='word_1_115' title='bbox 206 1327 225 1380; x_wconf 93' lang='lat' dir='ltr'>i.</span> <span class='ocrx_word' id='word_1_116' title='bbox 249 1326 403 1391; x_wconf 81' lang='lat' dir='ltr'>e.&#39;mi1uts,</span> <span class='ocrx_word' id='word_1_117' title='bbox 426 1344 512 1395; x_wconf 84' lang='lat' dir='ltr'>quam</span> <span class='ocrx_word' id='word_1_118' title='bbox 533 1329 659 1381; x_wconf 82' lang='lat' dir='ltr'>ilioneus.</span> <span class='ocrx_word' id='word_1_119' title='bbox 700 1327 737 1377; x_wconf 90' lang='lat' dir='ltr'>Et</span> <span class='ocrx_word' id='word_1_120' title='bbox 759 1328 929 1394; x_wconf 87' lang='lat' dir='ltr'>notandum,</span> <span class='ocrx_word' id='word_1_121' title='bbox 950 1344 1047 1396; x_wconf 82' lang='lat' dir='ltr'>regum</span> 
     </span>
     <span class='ocr_line' id='line_1_16' title="bbox 97 1392 1047 1464; baseline -0.004 -14"><span class='ocrx_word' id='word_1_122' title='bbox 97 1395 311 1463; x_wconf 82' lang='lat' dir='ltr'>breviloquium,</span> <span class='ocrx_word' id='word_1_123' title='bbox 328 1403 360 1445; x_wconf 90' lang='lat' dir='ltr'>ut</span> <span class='ocrx_word' id='word_1_124' title='bbox 374 1396 467 1449; x_wconf 86' lang='lat' dir='ltr'>multis</span> <span class='ocrx_word' id='word_1_125' title='bbox 484 1397 515 1448; x_wconf 89' lang='lat' dir='ltr'>in</span> <span class='ocrx_word' id='word_1_126' title='bbox 531 1396 644 1464; x_wconf 86' lang='lat' dir='ltr'>Virgilio</span> <span class='ocrx_word' id='word_1_127' title='bbox 660 1392 895 1464; x_wconf 74' lang='lat' dir='ltr'>locisprobatur:</span> <span class='ocrx_word' id='word_1_128' title='bbox 919 1404 948 1448; x_wconf 85' lang='lat' dir='ltr'>et</span> <span class='ocrx_word' id='word_1_129' title='bbox 963 1399 1047 1448; x_wconf 79' lang='lat' dir='ltr'>femin</span> 
     </span>
     <span class='ocr_line' id='line_1_17' title="bbox 97 1463 1047 1541; baseline 0.002 -24"><span class='ocrx_word' id='word_1_130' title='bbox 97 1463 300 1517; x_wconf 73' lang='lat' dir='ltr'>verecundiam.</span> <span class='ocrx_word' id='word_1_131' title='bbox 333 1463 413 1516; x_wconf 88' lang='lat' dir='ltr'>Unde</span> <span class='ocrx_word' id='word_1_132' title='bbox 429 1469 522 1516; x_wconf 86' lang='lat' dir='ltr'>utrum</span> <span class='ocrx_word' id='word_1_133' title='bbox 562 1484 578 1520; x_wconf 89' lang='lat' dir='ltr'>e</span> <span class='ocrx_word' id='word_1_134' title='bbox 595 1463 792 1528; x_wconf 81' lang='lat' dir='ltr'>deditDidoui3</span> <span class='ocrx_word' id='word_1_135' title='bbox 810 1466 850 1531; x_wconf 91' lang='lat' dir='ltr'>[et</span> <span class='ocrx_word' id='word_1_136' title='bbox 858 1463 1020 1541; x_wconf 87' lang='lat' dir='ltr'>Sophocles:</span> <span class='ocrx_word' id='word_1_137' title='bbox 1036 1469 1047 1519; x_wconf 88' lang='lat' dir='ltr'>l</span> 
     </span>
     <span class='ocr_line' id='line_1_18' title="bbox 98 1526 1047 1603; baseline 0.002 -19"><span class='ocrx_word' id='word_1_138' title='bbox 98 1530 201 1603; x_wconf 74' lang='grc' dir='ltr'><strong><em>γυναιξὶ</em></strong></span> <span class='ocrx_word' id='word_1_139' title='bbox 217 1529 317 1600; x_wconf 81' lang='grc' dir='ltr'><strong><em>κόσμον</em></strong></span> <span class='ocrx_word' id='word_1_140' title='bbox 333 1526 352 1598; x_wconf 81' lang='grc' dir='ltr'><em>ἦ</em></span> <span class='ocrx_word' id='word_1_141' title='bbox 368 1529 428 1602; x_wconf 74' lang='grc' dir='ltr'>σιγή</span> <span class='ocrx_word' id='word_1_142' title='bbox 446 1538 531 1602; x_wconf 76' lang='grc' dir='ltr'><strong><em>φέρει.</em></strong></span> <span class='ocrx_word' id='word_1_143' title='bbox 581 1532 695 1585; x_wconf 83' lang='lat' dir='ltr'>Vultum</span> <span class='ocrx_word' id='word_1_144' title='bbox 721 1535 860 1595; x_wconf 83' lang='lat' dir='ltr'>demissa3</span> <span class='ocrx_word' id='word_1_145' title='bbox 882 1540 951 1586; x_wconf 87' lang='lat' dir='ltr'>uota</span> <span class='ocrx_word' id='word_1_146' title='bbox 972 1534 1047 1602; x_wconf 67' lang='lat' dir='ltr'>ligur(</span> 
     </span>
     <span class='ocr_line' id='line_1_19' title="bbox 96 1600 1047 1673; baseline -0.003 -19"><span class='ocrx_word' id='word_1_147' title='bbox 96 1609 128 1655; x_wconf 86' lang='lat' dir='ltr'>ut</span> <span class='ocrx_word' id='word_1_148' title='bbox 144 1600 240 1666; x_wconf 81' lang='lat'>(228.):</span> <span class='ocrx_word' id='word_1_149' title='bbox 266 1601 372 1671; x_wconf 82' lang='lat' dir='ltr'>chlos</span> <span class='ocrx_word' id='word_1_150' title='bbox 390 1604 503 1673; x_wconf 83' lang='lat' dir='ltr'>suffusa</span> <span class='ocrx_word' id='word_1_151' title='bbox 530 1605 656 1656; x_wconf 79' lang='lat' dir='ltr'>nitentes.</span> <span class='ocrx_word' id='word_1_152' title='bbox 691 1601 834 1670; x_wconf 84' lang='lat' dir='ltr'>(Dicendo</span> <span class='ocrx_word' id='word_1_153' title='bbox 849 1610 946 1655; x_wconf 85' lang='lat' dir='ltr'>autem</span> <span class='ocrx_word' id='word_1_154' title='bbox 961 1604 1047 1657; x_wconf 78' lang='lat' dir='ltr'>stultas</span> 
     </span>
     <span class='ocr_line' id='line_1_20' title="bbox 97 1670 1047 1743; baseline -0.003 -18"><span class='ocrx_word' id='word_1_155' title='bbox 97 1673 201 1737; x_wconf 85' lang='lat' dir='ltr'>missa,</span> <span class='ocrx_word' id='word_1_156' title='bbox 224 1670 300 1725; x_wconf 89' lang='lat' dir='ltr'>aliud</span> <span class='ocrx_word' id='word_1_157' title='bbox 316 1686 401 1743; x_wconf 83' lang='lat' dir='ltr'>genus</span> <span class='ocrx_word' id='word_1_158' title='bbox 420 1672 504 1725; x_wconf 85' lang='lat' dir='ltr'>officii</span> <span class='ocrx_word' id='word_1_159' title='bbox 521 1672 640 1732; x_wconf 86' lang='lat' dir='ltr'>adiecit.)</span> <span class='ocrx_word' id='word_1_160' title='bbox 657 1699 692 1712; x_wconf 86' lang='lat'><em>-</em></span> <span class='ocrx_word' id='word_1_161' title='bbox 728 1676 788 1729; x_wconf 77' lang='grc'><strong>662.</strong></span> <span class='ocrx_word' id='word_1_162' title='bbox 807 1671 912 1723; x_wconf 79' lang='lat' dir='ltr'>Solvite</span> <span class='ocrx_word' id='word_1_163' title='bbox 930 1673 1012 1724; x_wconf 86' lang='lat' dir='ltr'>corde</span> <span class='ocrx_word' id='word_1_164' title='bbox 1030 1690 1047 1722; x_wconf 87' lang='lat' dir='ltr'>n</span> 
     </span>
     <span class='ocr_line' id='line_1_21' title="bbox 97 1739 1047 1811; baseline -0.004 -17"><span class='ocrx_word' id='word_1_165' title='bbox 97 1740 201 1795; x_wconf 80' lang='lat' dir='ltr'>Teucri</span> <span class='ocrx_word' id='word_1_166' title='bbox 208 1758 216 1803; x_wconf 64' lang='grc' dir='ltr'><strong>ς</strong></span> <span class='ocrx_word' id='word_1_167' title='bbox 241 1741 311 1791; x_wconf 89' lang='lat' dir='ltr'>sicut</span> <span class='ocrx_word' id='word_1_168' title='bbox 333 1756 416 1809; x_wconf 83' lang='lat' dir='ltr'>supra</span> <span class='ocrx_word' id='word_1_169' title='bbox 440 1741 521 1808; x_wconf 80' lang='lat'>(257.)</span> <span class='ocrx_word' id='word_1_170' title='bbox 537 1741 606 1791; x_wconf 86' lang='lat' dir='ltr'>Iovis</span> <span class='ocrx_word' id='word_1_171' title='bbox 630 1740 734 1804; x_wconf 83' lang='lat' dir='ltr'>oratio,</span> <span class='ocrx_word' id='word_1_172' title='bbox 755 1739 860 1809; x_wconf 87' lang='lat' dir='ltr'>partim</span> <span class='ocrx_word' id='word_1_173' title='bbox 884 1740 995 1792; x_wconf 80' lang='lat' dir='ltr'>obiecta</span> <span class='ocrx_word' id='word_1_174' title='bbox 1017 1756 1047 1811; x_wconf 89' lang='lat' dir='ltr'>pu</span> 
     </span>
     <span class='ocr_line' id='line_1_22' title="bbox 95 1808 1047 1881; baseline -0.002 -20"><span class='ocrx_word' id='word_1_175' title='bbox 95 1811 201 1879; x_wconf 85' lang='lat' dir='ltr'>partim</span> <span class='ocrx_word' id='word_1_176' title='bbox 216 1810 302 1879; x_wconf 87' lang='lat' dir='ltr'>petita</span> <span class='ocrx_word' id='word_1_177' title='bbox 318 1809 471 1881; x_wconf 87' lang='lat' dir='ltr'>promittit:</span> <span class='ocrx_word' id='word_1_178' title='bbox 489 1814 566 1878; x_wconf 89' lang='lat' dir='ltr'>(uam</span> <span class='ocrx_word' id='word_1_179' title='bbox 582 1810 612 1860; x_wconf 86' lang='lat' dir='ltr'>in</span> <span class='ocrx_word' id='word_1_180' title='bbox 623 1808 701 1861; x_wconf 86' lang='lat' dir='ltr'>Aeoli</span> <span class='ocrx_word' id='word_1_181' title='bbox 718 1809 845 1863; x_wconf 87' lang='lat' dir='ltr'>oratioue</span> <span class='ocrx_word' id='word_1_182' title='bbox 861 1808 957 1862; x_wconf 84' lang='lat' dir='ltr'>statim</span> <span class='ocrx_word' id='word_1_183' title='bbox 973 1826 1047 1881; x_wconf 84' lang='lat' dir='ltr'>pron</span> 
     </span>
     <span class='ocr_line' id='line_1_23' title="bbox 95 1877 1047 1959; baseline -0.002 -29"><span class='ocrx_word' id='word_1_184' title='bbox 95 1878 243 1930; x_wconf 74' lang='lat' dir='ltr'>Sciendum</span> <span class='ocrx_word' id='word_1_185' title='bbox 260 1894 345 1940; x_wconf 83' lang='lat' dir='ltr'>sane,</span> <span class='ocrx_word' id='word_1_186' title='bbox 369 1879 434 1946; x_wconf 86' lang='lat' dir='ltr'>quia</span> <span class='ocrx_word' id='word_1_187' title='bbox 458 1895 524 1929; x_wconf 91' lang='lat' dir='ltr'>cum</span> <span class='ocrx_word' id='word_1_188' title='bbox 547 1885 677 1949; x_wconf 88' lang='lat' dir='ltr'>petuntur</span> <span class='ocrx_word' id='word_1_189' title='bbox 701 1878 744 1933; x_wconf 88' lang='lat' dir='ltr'>vel</span> <span class='ocrx_word' id='word_1_190' title='bbox 766 1877 968 1948; x_wconf 87' lang='lat' dir='ltr'>promittuntur</span> <span class='ocrx_word' id='word_1_191' title='bbox 985 1878 1047 1959; x_wconf 74' lang='lat' dir='ltr'>aliqs</span> 
     </span>
     <span class='ocr_line' id='line_1_24' title="bbox 95 1944 1036 2016; baseline -0.001 -17"><span class='ocrx_word' id='word_1_192' title='bbox 95 1945 265 1999; x_wconf 72' lang='lat' dir='ltr'>validissimis</span> <span class='ocrx_word' id='word_1_193' title='bbox 281 1944 469 2002; x_wconf 83' lang='lat' dir='ltr'>inchoandum</span> <span class='ocrx_word' id='word_1_194' title='bbox 486 1955 541 1998; x_wconf 87' lang='lat' dir='ltr'>est:</span> <span class='ocrx_word' id='word_1_195' title='bbox 567 1955 598 1997; x_wconf 93' lang='lat' dir='ltr'>ut</span> <span class='ocrx_word' id='word_1_196' title='bbox 622 1947 676 1999; x_wconf 89' lang='lat' dir='ltr'>hoc</span> <span class='ocrx_word' id='word_1_197' title='bbox 698 1946 768 1997; x_wconf 92' lang='lat' dir='ltr'>loco.</span> <span class='ocrx_word' id='word_1_198' title='bbox 803 1945 1036 2016; x_wconf 77' lang='lat' dir='ltr'>(Praecipuequi</span> 
     </span>
     <span class='ocr_line' id='line_1_25' title="bbox 95 2013 1047 2087; baseline 0.002 -22"><span class='ocrx_word' id='word_1_199' title='bbox 95 2023 190 2080; x_wconf 86' lang='lat' dir='ltr'>cetur,</span> <span class='ocrx_word' id='word_1_200' title='bbox 212 2014 306 2064; x_wconf 86' lang='lat' dir='ltr'>statim</span> <span class='ocrx_word' id='word_1_201' title='bbox 322 2013 405 2068; x_wconf 87' lang='lat' dir='ltr'>debet</span> <span class='ocrx_word' id='word_1_202' title='bbox 427 2017 608 2087; x_wconf 84' lang='lat' dir='ltr'>promittere,</span> <span class='ocrx_word' id='word_1_203' title='bbox 633 2015 746 2082; x_wconf 85' lang='lat' dir='ltr'>deinde,</span> <span class='ocrx_word' id='word_1_204' title='bbox 770 2014 793 2064; x_wconf 89' lang='lat' dir='ltr'>si</span> <span class='ocrx_word' id='word_1_205' title='bbox 829 2031 866 2066; x_wconf 88' lang='lat' dir='ltr'>ua</span> <span class='ocrx_word' id='word_1_206' title='bbox 881 2017 940 2071; x_wconf 73' lang='lat' dir='ltr'>sitit</span> <span class='ocrx_word' id='word_1_207' title='bbox 955 2016 1047 2068; x_wconf 82' lang='lat' dir='ltr'>sabim</span> 
     </span>
     <span class='ocr_line' id='line_1_26' title="bbox 94 2032 1048 2155; baseline -0.005 -16"><span class='ocrx_word' id='word_1_208' title='bbox 94 2101 132 2139; x_wconf 80' lang='lat' dir='ltr'>ae</span> <span class='ocrx_word' id='word_1_209' title='bbox 148 2082 350 2148; x_wconf 79' lang='lat' dir='ltr'>exspectatione</span> <span class='ocrx_word' id='word_1_210' title='bbox 367 2100 509 2155; x_wconf 85' lang='lat' dir='ltr'>suspensus</span> <span class='ocrx_word' id='word_1_211' title='bbox 526 2085 682 2138; x_wconf 86' lang='lat' dir='ltr'>detineatur</span> <span class='ocrx_word' id='word_1_212' title='bbox 705 2032 834 2149; x_wconf 46' lang='lat' dir='ltr'>auditorii</span> <span class='ocrx_word' id='word_1_213' title='bbox 849 2098 853 2108; x_wconf 92' lang='lat'>·</span> <span class='ocrx_word' id='word_1_214' title='bbox 868 2084 905 2135; x_wconf 90' lang='lat' dir='ltr'>Et</span> <span class='ocrx_word' id='word_1_215' title='bbox 922 2091 964 2137; x_wconf 88' lang='lat' dir='ltr'>est</span> <span class='ocrx_word' id='word_1_216' title='bbox 986 2100 1048 2152; x_wconf 78' lang='lat' dir='ltr'>geru</span> 
     </span>
     <span class='ocr_line' id='line_1_27' title="bbox 95 2151 1047 2220; baseline 0.006 -20"><span class='ocrx_word' id='word_1_217' title='bbox 95 2151 222 2220; x_wconf 80' lang='lat' dir='ltr'>gumenti</span> <span class='ocrx_word' id='word_1_218' title='bbox 239 2167 256 2201; x_wconf 88' lang='lat' dir='ltr'>a</span> <span class='ocrx_word' id='word_1_219' title='bbox 272 2153 436 2207; x_wconf 86' lang='lat' dir='ltr'>necessario.</span> <span class='ocrx_word' id='word_1_220' title='bbox 470 2153 608 2204; x_wconf 88' lang='lat' dir='ltr'>Secludite</span> <span class='ocrx_word' id='word_1_221' title='bbox 627 2169 727 2214; x_wconf 59' lang='lat' dir='ltr'>caram</span> <span class='ocrx_word' id='word_1_222' title='bbox 751 2151 862 2204; x_wconf 86' lang='lat' dir='ltr'>iteratio</span> <span class='ocrx_word' id='word_1_223' title='bbox 887 2161 929 2204; x_wconf 86' lang='lat' dir='ltr'>est</span> <span class='ocrx_word' id='word_1_224' title='bbox 945 2154 982 2205; x_wconf 82' lang='lat' dir='ltr'>ad</span> <span class='ocrx_word' id='word_1_225' title='bbox 999 2169 1047 2220; x_wconf 78' lang='lat' dir='ltr'>aug</span> 
     </span>
     <span class='ocr_line' id='line_1_28' title="bbox 93 2218 1047 2292; baseline 0.002 -21"><span class='ocrx_word' id='word_1_226' title='bbox 93 2227 157 2271; x_wconf 92' lang='lat' dir='ltr'>tum</span> <span class='ocrx_word' id='word_1_227' title='bbox 180 2218 396 2288; x_wconf 86' lang='lat' dir='ltr'>benivolentiae,</span> <span class='ocrx_word' id='word_1_228' title='bbox 421 2222 563 2288; x_wconf 78' lang='lat' dir='ltr'>(horest,</span> <span class='ocrx_word' id='word_1_229' title='bbox 589 2221 624 2272; x_wconf 86' lang='lat' dir='ltr'>ad</span> <span class='ocrx_word' id='word_1_230' title='bbox 647 2220 869 2273; x_wconf 84' lang='lat' dir='ltr'>confirmandum</span> <span class='ocrx_word' id='word_1_231' title='bbox 891 2221 1047 2292; x_wconf 75' lang='lat' dir='ltr'>supplicium</span> 
     </span>
     <span class='ocr_line' id='line_1_29' title="bbox 94 2288 1047 2361; baseline 0.002 -22"><span class='ocrx_word' id='word_1_232' title='bbox 94 2289 194 2349; x_wconf 85' lang='lat' dir='ltr'>mum)</span> <span class='ocrx_word' id='word_1_233' title='bbox 230 2288 367 2342; x_wconf 72' lang='lat' dir='ltr'>secludite</span> <span class='ocrx_word' id='word_1_234' title='bbox 384 2306 454 2342; x_wconf 83' lang='lat' dir='ltr'>vero·</span> <span class='ocrx_word' id='word_1_235' title='bbox 467 2306 519 2356; x_wconf 91' lang='lat' dir='ltr'>pro</span> <span class='ocrx_word' id='word_1_236' title='bbox 543 2289 691 2345; x_wconf 87' lang='lat' dir='ltr'>excludite:</span> <span class='ocrx_word' id='word_1_237' title='bbox 715 2290 789 2358; x_wconf 87' lang='lat' dir='ltr'>quod</span> <span class='ocrx_word' id='word_1_238' title='bbox 811 2289 843 2341; x_wconf 83' lang='lat' dir='ltr'>fit</span> <span class='ocrx_word' id='word_1_239' title='bbox 863 2297 913 2355; x_wconf 79' lang='lat' dir='ltr'>aut</span> <span class='ocrx_word' id='word_1_240' title='bbox 954 2300 1047 2361; x_wconf 90' lang='lat' dir='ltr'>ropter</span> 
     </span>
     <span class='ocr_line' id='line_1_30' title="bbox 93 2310 1033 2426; baseline 0.003 -17"><span class='ocrx_word' id='word_1_241' title='bbox 93 2365 172 2421; x_wconf 89' lang='lat' dir='ltr'>tum,</span> <span class='ocrx_word' id='word_1_242' title='bbox 194 2364 242 2409; x_wconf 85' lang='lat' dir='ltr'>aut</span> <span class='ocrx_word' id='word_1_243' title='bbox 258 2365 373 2426; x_wconf 84' lang='lat' dir='ltr'>propter</span> <span class='ocrx_word' id='word_1_244' title='bbox 390 2359 565 2411; x_wconf 87' lang='lat' dir='ltr'>suavitatem:</span> <span class='ocrx_word' id='word_1_245' title='bbox 590 2367 621 2409; x_wconf 90' lang='lat' dir='ltr'>ut</span> <span class='ocrx_word' id='word_1_246' title='bbox 637 2358 686 2425; x_wconf 86' lang='lat' dir='ltr'>(E.</span> <span class='ocrx_word' id='word_1_247' title='bbox 702 2364 716 2417; x_wconf 92' lang='lat'>1</span> <span class='ocrx_word' id='word_1_248' title='bbox 726 2356 819 2423; x_wconf 76' lang='grc' dir='ltr'>,’15.)τ</span> <span class='ocrx_word' id='word_1_249' title='bbox 841 2358 884 2408; x_wconf 82' lang='lat' dir='ltr'>Ab</span> <span class='ocrx_word' id='word_1_250' title='bbox 901 2310 983 2411; x_wconf 64' lang='lat' dir='ltr'>silice</span> <span class='ocrx_word' id='word_1_251' title='bbox 1002 2362 1033 2410; x_wconf 84' lang='lat' dir='ltr'>in</span> 
     </span>
     <span class='ocr_line' id='line_1_31' title="bbox 96 2425 1047 2494; baseline 0.001 -17"><span class='ocrx_word' id='word_1_252' title='bbox 96 2427 221 2477; x_wconf 78' lang='lat' dir='ltr'>connixa</span> <span class='ocrx_word' id='word_1_253' title='bbox 240 2425 328 2492; x_wconf 83' lang='lat' dir='ltr'>(codd.</span> <span class='ocrx_word' id='word_1_254' title='bbox 347 2426 461 2487; x_wconf 80' lang='lat' dir='ltr'>conisa)</span> <span class='ocrx_word' id='word_1_255' title='bbox 481 2429 609 2494; x_wconf 78' lang='lat' dir='ltr'>reliquit,</span> <span class='ocrx_word' id='word_1_256' title='bbox 626 2443 692 2492; x_wconf 91' lang='lat' dir='ltr'>pro,</span> <span class='ocrx_word' id='word_1_257' title='bbox 710 2427 796 2478; x_wconf 86' lang='lat' dir='ltr'>enixa.</span> <span class='ocrx_word' id='word_1_258' title='bbox 813 2455 849 2466; x_wconf 87' lang='lat'>·-</span> <span class='ocrx_word' id='word_1_259' title='bbox 883 2433 945 2484; x_wconf 75' lang='lat' dir='ltr'>tfia.</span> <span class='ocrx_word' id='word_1_260' title='bbox 963 2427 1020 2478; x_wconf 87' lang='lat' dir='ltr'>Res</span> <span class='ocrx_word' id='word_1_261' title='bbox 1037 2448 1047 2478; x_wconf 85' lang='lat' dir='ltr'>a</span> 
     </span>
     <span class='ocr_line' id='line_1_32' title="bbox 95 2494 1047 2565; baseline 0.003 -19"><span class='ocrx_word' id='word_1_262' title='bbox 95 2494 168 2546; x_wconf 86' lang='lat' dir='ltr'>acsi</span> <span class='ocrx_word' id='word_1_263' title='bbox 186 2494 305 2560; x_wconf 88' lang='lat' dir='ltr'>diceret,</span> <span class='ocrx_word' id='word_1_264' title='bbox 322 2496 453 2565; x_wconf 85' lang='lat' dir='ltr'>quiddam</span> <span class='ocrx_word' id='word_1_265' title='bbox 470 2504 564 2549; x_wconf 89' lang='lat' dir='ltr'>metuo</span> <span class='ocrx_word' id='word_1_266' title='bbox 582 2496 669 2562; x_wconf 90' lang='lat' dir='ltr'>(codd.</span> <span class='ocrx_word' id='word_1_267' title='bbox 689 2504 717 2547; x_wconf 89' lang='lat' dir='ltr'>et</span> <span class='ocrx_word' id='word_1_268' title='bbox 733 2496 767 2548; x_wconf 93' lang='lat' dir='ltr'>al.</span> <span class='ocrx_word' id='word_1_269' title='bbox 786 2508 827 2546; x_wconf 89' lang='lat' dir='ltr'>est</span> <span class='ocrx_word' id='word_1_270' title='bbox 844 2496 1006 2563; x_wconf 73' lang='lat' dir='ltr'>quiddam),</span> <span class='ocrx_word' id='word_1_271' title='bbox 1029 2512 1047 2549; x_wconf 82' lang='lat' dir='ltr'>e</span> 
     </span>
     <span class='ocr_line' id='line_1_33' title="bbox 93 2563 1045 2632; baseline 0.001 -18"><span class='ocrx_word' id='word_1_272' title='bbox 93 2563 242 2615; x_wconf 78' lang='lat' dir='ltr'>formidat:</span> <span class='ocrx_word' id='word_1_273' title='bbox 266 2564 366 2615; x_wconf 88' lang='lat' dir='ltr'>vicinos</span> <span class='ocrx_word' id='word_1_274' title='bbox 391 2565 542 2629; x_wconf 84' lang='lat' dir='ltr'>barbaros,</span> <span class='ocrx_word' id='word_1_275' title='bbox 568 2572 597 2615; x_wconf 88' lang='lat' dir='ltr'>et</span> <span class='ocrx_word' id='word_1_276' title='bbox 619 2564 712 2615; x_wconf 89' lang='lat' dir='ltr'>fratris</span> <span class='ocrx_word' id='word_1_277' title='bbox 730 2564 893 2627; x_wconf 80' lang='lat' dir='ltr'>adventum3</span> <span class='ocrx_word' id='word_1_278' title='bbox 916 2581 988 2632; x_wconf 84' lang='lat' dir='ltr'>quae</span> <span class='ocrx_word' id='word_1_279' title='bbox 1012 2581 1045 2632; x_wconf 85' lang='lat' dir='ltr'>pr</span> 
     </span>
     <span class='ocr_line' id='line_1_34' title="bbox 93 2630 1047 2703; baseline 0.002 -20"><span class='ocrx_word' id='word_1_280' title='bbox 93 2630 247 2698; x_wconf 77' lang='lat' dir='ltr'>novitatem</span> <span class='ocrx_word' id='word_1_281' title='bbox 262 2648 459 2701; x_wconf 84' lang='lat' dir='ltr'>personarum.</span> <span class='ocrx_word' id='word_1_282' title='bbox 477 2632 644 2700; x_wconf 85' lang='lat' dir='ltr'>generaliter</span> <span class='ocrx_word' id='word_1_283' title='bbox 661 2632 754 2684; x_wconf 88' lang='lat' dir='ltr'>dicens</span> <span class='ocrx_word' id='word_1_284' title='bbox 770 2633 898 2700; x_wconf 85' lang='lat' dir='ltr'>reliquit,</span> <span class='ocrx_word' id='word_1_285' title='bbox 922 2635 1047 2703; x_wconf 87' lang='lat' dir='ltr'>(oporteb</span> 
     </span>
     <span class='ocr_line' id='line_1_35' title="bbox 95 2700 1047 2769; baseline 0.001 -16"><span class='ocrx_word' id='word_1_286' title='bbox 95 2700 188 2767; x_wconf 82' lang='lat' dir='ltr'>aliqua</span> <span class='ocrx_word' id='word_1_287' title='bbox 210 2708 289 2769; x_wconf 86' lang='lat' dir='ltr'>parta</span> <span class='ocrx_word' id='word_1_288' title='bbox 313 2701 450 2754; x_wconf 82' lang='lat' dir='ltr'>enuntiari</span> <span class='ocrx_word' id='word_1_289' title='bbox 474 2703 570 2752; x_wconf 86' lang='lat' dir='ltr'>domus</span> <span class='ocrx_word' id='word_1_290' title='bbox 593 2700 794 2753; x_wconf 83' lang='lat' dir='ltr'>calamitatem:</span> <span class='ocrx_word' id='word_1_291' title='bbox 826 2701 867 2752; x_wconf 92' lang='lat' dir='ltr'>vel</span> <span class='ocrx_word' id='word_1_292' title='bbox 888 2702 952 2755; x_wconf 88' lang='lat' dir='ltr'>ideo</span> <span class='ocrx_word' id='word_1_293' title='bbox 979 2720 1022 2755; x_wconf 84' lang='lat' dir='ltr'>res</span> <span class='ocrx_word' id='word_1_294' title='bbox 1046 2736 1047 2747; x_wconf 68' lang='lat'>.</span> 
     </span>
     <span class='ocr_line' id='line_1_36' title="bbox 94 2767 1047 2838; baseline 0.005 -21"><span class='ocrx_word' id='word_1_295' title='bbox 94 2767 170 2837; x_wconf 84' lang='lat' dir='ltr'>quod</span> <span class='ocrx_word' id='word_1_296' title='bbox 185 2767 292 2821; x_wconf 76' lang='lat' dir='ltr'>lernina</span> <span class='ocrx_word' id='word_1_297' title='bbox 309 2771 373 2827; x_wconf 90' lang='lat' dir='ltr'>est.)</span> <span class='ocrx_word' id='word_1_298' title='bbox 408 2770 443 2819; x_wconf 86' lang='lat' dir='ltr'>Et</span> <span class='ocrx_word' id='word_1_299' title='bbox 468 2771 548 2837; x_wconf 83' lang='lat' dir='ltr'>regni</span> <span class='ocrx_word' id='word_1_300' title='bbox 573 2771 699 2831; x_wconf 80' lang='lat' dir='ltr'>novitas3</span> <span class='ocrx_word' id='word_1_301' title='bbox 723 2787 793 2838; x_wconf 86' lang='lat' dir='ltr'>quae</span> <span class='ocrx_word' id='word_1_302' title='bbox 811 2787 922 2836; x_wconf 84' lang='lat' dir='ltr'>semper</span> <span class='ocrx_word' id='word_1_303' title='bbox 946 2772 1047 2824; x_wconf 80' lang='lat' dir='ltr'>habet¹</span> 
     </span>
     <span class='ocr_line' id='line_1_37' title="bbox 94 2836 1047 2903; baseline 0.003 -14"><span class='ocrx_word' id='word_1_304' title='bbox 94 2852 165 2889; x_wconf 80' lang='lat' dir='ltr'>rem</span> <span class='ocrx_word' id='word_1_305' title='bbox 184 2862 219 2873; x_wconf 95' lang='lat'><em>-</em></span> <span class='ocrx_word' id='word_1_306' title='bbox 255 2843 314 2895; x_wconf 68' lang='lat' dir='ltr'>fibi·</span> <span class='ocrx_word' id='word_1_307' title='bbox 334 2836 451 2902; x_wconf 75' lang='lat' dir='ltr'>Moliri,</span> <span class='ocrx_word' id='word_1_308' title='bbox 476 2839 547 2890; x_wconf 89' lang='lat' dir='ltr'>bene</span> <span class='ocrx_word' id='word_1_309' title='bbox 563 2853 620 2888; x_wconf 90' lang='lat' dir='ltr'>non</span> <span class='ocrx_word' id='word_1_310' title='bbox 637 2839 746 2903; x_wconf 87' lang='lat' dir='ltr'>facere,</span> <span class='ocrx_word' id='word_1_311' title='bbox 762 2836 811 2890; x_wconf 88' lang='lat' dir='ltr'>sed</span> <span class='ocrx_word' id='word_1_312' title='bbox 829 2841 926 2890; x_wconf 84' lang='lat' dir='ltr'>moliri</span> <span class='ocrx_word' id='word_1_313' title='bbox 934 2860 942 2889; x_wconf 76' lang='lat' dir='ltr'>e</span> <span class='ocrx_word' id='word_1_314' title='bbox 966 2848 998 2891; x_wconf 92' lang='lat' dir='ltr'>ut</span> <span class='ocrx_word' id='word_1_315' title='bbox 1013 2849 1047 2892; x_wconf 81' lang='lat' dir='ltr'>tet</span> 
     </span>
     <span class='ocr_line' id='line_1_38' title="bbox 95 2900 1041 2973; baseline 0.002 -15"><span class='ocrx_word' id='word_1_316' title='bbox 95 2905 144 2969; x_wconf 82' lang='lat' dir='ltr'>tit,</span> <span class='ocrx_word' id='word_1_317' title='bbox 166 2920 224 2958; x_wconf 89' lang='lat' dir='ltr'>non</span> <span class='ocrx_word' id='word_1_318' title='bbox 241 2905 416 2957; x_wconf 78' lang='lat' dir='ltr'>crudelitatis.</span> <span class='ocrx_word' id='word_1_319' title='bbox 432 2934 468 2946; x_wconf 83' lang='lat'>-·</span> <span class='ocrx_word' id='word_1_320' title='bbox 503 2911 561 2964; x_wconf 80' lang='grc'><strong>565,</strong></span> <span class='ocrx_word' id='word_1_321' title='bbox 580 2900 654 2970; x_wconf 81' lang='lat' dir='ltr'>Quis</span> <span class='ocrx_word' id='word_1_322' title='bbox 672 2925 762 2973; x_wconf 82' lang='lat' dir='ltr'>genus</span> <span class='ocrx_word' id='word_1_323' title='bbox 779 2908 955 2971; x_wconf 82' lang='lat' dir='ltr'>Aeneadum3</span> <span class='ocrx_word' id='word_1_324' title='bbox 978 2911 1041 2960; x_wconf 89' lang='lat' dir='ltr'>satis</span> 
     </span>
     <span class='ocr_line' id='line_1_39' title="bbox 88 2973 1042 3043; baseline 0.002 -18"><span class='ocrx_word' id='word_1_325' title='bbox 88 2989 164 3041; x_wconf 82' lang='lat' dir='ltr'>pere</span> <span class='ocrx_word' id='word_1_326' title='bbox 186 2973 253 3024; x_wconf 80' lang='lat' dir='ltr'>dixit</span> <span class='ocrx_word' id='word_1_327' title='bbox 268 2973 429 3026; x_wconf 81' lang='lat' dir='ltr'>Aeneadas.-</span> <span class='ocrx_word' id='word_1_328' title='bbox 453 2991 614 3043; x_wconf 72' lang='lat' dir='ltr'>quanquam</span> <span class='ocrx_word' id='word_1_329' title='bbox 637 2976 673 3029; x_wconf 83' lang='lat' dir='ltr'>ab</span> <span class='ocrx_word' id='word_1_330' title='bbox 697 2975 801 3027; x_wconf 88' lang='lat' dir='ltr'>llioneo</span> <span class='ocrx_word' id='word_1_331' title='bbox 826 2977 959 3029; x_wconf 80' lang='lat' dir='ltr'>attdierit:</span> <span class='ocrx_word' id='word_1_332' title='bbox 984 2978 1042 3029; x_wconf 79' lang='lat' dir='ltr'>Res</span> 
     </span>
     <span class='ocr_line' id='line_1_40' title="bbox 95 3042 1032 3112; baseline 0.005 -17"><span class='ocrx_word' id='word_1_333' title='bbox 95 3042 203 3095; x_wconf 78' lang='lat' dir='ltr'>Aeneas</span> <span class='ocrx_word' id='word_1_334' title='bbox 228 3043 318 3094; x_wconf 82' lang='lat' dir='ltr'>nobis.</span> <span class='ocrx_word' id='word_1_335' title='bbox 364 3044 422 3095; x_wconf 92' lang='lat' dir='ltr'>Nec</span> <span class='ocrx_word' id='word_1_336' title='bbox 441 3044 514 3096; x_wconf 82' lang='lat' dir='ltr'>&#39;baec</span> <span class='ocrx_word' id='word_1_337' title='bbox 537 3044 567 3094; x_wconf 92' lang='lat' dir='ltr'>in</span> <span class='ocrx_word' id='word_1_338' title='bbox 592 3058 676 3112; x_wconf 87' lang='lat' dir='ltr'>opere</span> <span class='ocrx_word' id='word_1_339' title='bbox 703 3043 879 3096; x_wconf 88' lang='lat' dir='ltr'>inemendato</span> <span class='ocrx_word' id='word_1_340' title='bbox 904 3047 1032 3100; x_wconf 82' lang='lat' dir='ltr'>miranda</span> 
     </span>
     <span class='ocr_line' id='line_1_41' title="bbox 96 3110 1047 3180; baseline 0.005 -22"><span class='ocrx_word' id='word_1_341' title='bbox 96 3110 237 3180; x_wconf 83' lang='lat' dir='ltr'>(Quamvis</span> <span class='ocrx_word' id='word_1_342' title='bbox 250 3110 297 3165; x_wconf 89' lang='lat' dir='ltr'>alii</span> <span class='ocrx_word' id='word_1_343' title='bbox 312 3112 463 3179; x_wconf 86' lang='lat' dir='ltr'>prolepsim</span> <span class='ocrx_word' id='word_1_344' title='bbox 474 3112 558 3165; x_wconf 68' lang='lat' dir='ltr'>uelint</span> <span class='ocrx_word' id='word_1_345' title='bbox 571 3112 648 3175; x_wconf 88' lang='lat' dir='ltr'>esse.)</span> <span class='ocrx_word' id='word_1_346' title='bbox 683 3110 757 3180; x_wconf 85' lang='lat' dir='ltr'>Quis</span> <span class='ocrx_word' id='word_1_347' title='bbox 773 3113 876 3166; x_wconf 84' lang='lat' dir='ltr'>Troiae</span> <span class='ocrx_word' id='word_1_348' title='bbox 890 3119 998 3166; x_wconf 87' lang='lat' dir='ltr'>nesciat</span> <span class='ocrx_word' id='word_1_349' title='bbox 1011 3134 1047 3167; x_wconf 79' lang='lat' dir='ltr'>ur.</span> 
     </span>
     <span class='ocr_line' id='line_1_42' title="bbox 96 3180 1047 3250; baseline 0.005 -17"><span class='ocrx_word' id='word_1_350' title='bbox 96 3186 145 3233; x_wconf 79' lang='lat' dir='ltr'>aut</span> <span class='ocrx_word' id='word_1_351' title='bbox 160 3180 243 3233; x_wconf 90' lang='lat' dir='ltr'>Ilium</span> <span class='ocrx_word' id='word_1_352' title='bbox 260 3180 340 3247; x_wconf 90' lang='lat' dir='ltr'>dicit,</span> <span class='ocrx_word' id='word_1_353' title='bbox 357 3180 431 3248; x_wconf 89' lang='lat' dir='ltr'>quod</span> <span class='ocrx_word' id='word_1_354' title='bbox 447 3181 477 3234; x_wconf 92' lang='lat' dir='ltr'>in</span> <span class='ocrx_word' id='word_1_355' title='bbox 494 3181 578 3234; x_wconf 70' lang='lat' dir='ltr'>Troia</span> <span class='ocrx_word' id='word_1_356' title='bbox 595 3187 649 3245; x_wconf 82' lang='lat' dir='ltr'>est,</span> <span class='ocrx_word' id='word_1_357' title='bbox 666 3190 714 3231; x_wconf 90' lang='lat' dir='ltr'>aut</span> <span class='ocrx_word' id='word_1_358' title='bbox 732 3181 835 3234; x_wconf 82' lang='lat' dir='ltr'>Troiae</span> <span class='ocrx_word' id='word_1_359' title='bbox 854 3185 967 3250; x_wconf 83' lang='lat' dir='ltr'>urbem,</span> <span class='ocrx_word' id='word_1_360' title='bbox 983 3193 1014 3236; x_wconf 84' lang='lat' dir='ltr'>ut</span> <span class='ocrx_word' id='word_1_361' title='bbox 1031 3187 1047 3250; x_wconf 71' lang='lat'>(3</span> 
     </span>
     <span class='ocr_line' id='line_1_43' title="bbox 96 3247 1047 3321; baseline 0.002 -21"><span class='ocrx_word' id='word_1_362' title='bbox 96 3250 193 3302; x_wconf 82' lang='lat' dir='ltr'>urbem</span> <span class='ocrx_word' id='word_1_363' title='bbox 219 3247 332 3314; x_wconf 84' lang='lat' dir='ltr'>Pataui,</span> <span class='ocrx_word' id='word_1_364' title='bbox 357 3252 406 3314; x_wconf 79' lang='lat'>(3,</span> <span class='ocrx_word' id='word_1_365' title='bbox 428 3249 522 3313; x_wconf 78' lang='lat'>293.):</span> <span class='ocrx_word' id='word_1_366' title='bbox 549 3251 642 3321; x_wconf 72' lang='lat' dir='ltr'>urbem</span> <span class='ocrx_word' id='word_1_367' title='bbox 668 3249 805 3302; x_wconf 78' lang='lat' dir='ltr'>Buthroti.</span> <span class='ocrx_word' id='word_1_368' title='bbox 825 3277 860 3289; x_wconf 92' lang='lat'>-</span> <span class='ocrx_word' id='word_1_369' title='bbox 902 3258 962 3310; x_wconf 84' lang='grc'><strong>566.</strong></span> <span class='ocrx_word' id='word_1_370' title='bbox 992 3254 1047 3304; x_wconf 75' lang='lat' dir='ltr'>lnot</span> 
     </span>
     <span class='ocr_line' id='line_1_44' title="bbox 97 3316 1046 3384; baseline 0 -13"><span class='ocrx_word' id='word_1_371' title='bbox 97 3319 179 3377; x_wconf 77' lang='lat' dir='ltr'>belli;</span> <span class='ocrx_word' id='word_1_372' title='bbox 195 3316 214 3368; x_wconf 89' lang='lat' dir='ltr'>i.</span> <span class='ocrx_word' id='word_1_373' title='bbox 228 3334 251 3368; x_wconf 90' lang='lat' dir='ltr'>e.</span> <span class='ocrx_word' id='word_1_374' title='bbox 269 3317 332 3369; x_wconf 85' lang='lat' dir='ltr'>vim.</span> <span class='ocrx_word' id='word_1_375' title='bbox 368 3316 484 3384; x_wconf 86' lang='lat' dir='ltr'>Semper</span> <span class='ocrx_word' id='word_1_376' title='bbox 502 3317 578 3371; x_wconf 86' lang='lat' dir='ltr'>enirn</span> <span class='ocrx_word' id='word_1_377' title='bbox 594 3319 693 3370; x_wconf 85' lang='lat' dir='ltr'>diluvio</span> <span class='ocrx_word' id='word_1_378' title='bbox 712 3319 780 3384; x_wconf 87' lang='lat' dir='ltr'>(cod.</span> <span class='ocrx_word' id='word_1_379' title='bbox 798 3319 827 3372; x_wconf 85' lang='lat' dir='ltr'>F.</span> <span class='ocrx_word' id='word_1_380' title='bbox 840 3327 888 3370; x_wconf 91' lang='lat' dir='ltr'>aut</span> <span class='ocrx_word' id='word_1_381' title='bbox 904 3330 983 3373; x_wconf 83' lang='lat' dir='ltr'>vocat</span> <span class='ocrx_word' id='word_1_382' title='bbox 999 3322 1046 3373; x_wconf 85' lang='lat' dir='ltr'>ard</span> 
     </span>
     <span class='ocr_line' id='line_1_45' title="bbox 96 3384 1046 3454; baseline 0.002 -17"><span class='ocrx_word' id='word_1_383' title='bbox 96 3384 259 3451; x_wconf 84' lang='lat' dir='ltr'>simpliciter</span> <span class='ocrx_word' id='word_1_384' title='bbox 281 3385 362 3448; x_wconf 87' lang='lat' dir='ltr'>belli,</span> <span class='ocrx_word' id='word_1_385' title='bbox 390 3388 455 3454; x_wconf 75' lang='lat' dir='ltr'>quia</span> <span class='ocrx_word' id='word_1_386' title='bbox 479 3404 586 3454; x_wconf 84' lang='lat' dir='ltr'>semper</span> <span class='ocrx_word' id='word_1_387' title='bbox 611 3387 657 3438; x_wconf 87' lang='lat' dir='ltr'>dil.</span> <span class='ocrx_word' id='word_1_388' title='bbox 680 3387 751 3448; x_wconf 90' lang='lat' dir='ltr'>etc.)</span> <span class='ocrx_word' id='word_1_389' title='bbox 775 3395 803 3438; x_wconf 89' lang='lat' dir='ltr'>et</span> <span class='ocrx_word' id='word_1_390' title='bbox 831 3389 961 3440; x_wconf 88' lang='lat' dir='ltr'>incendio</span> <span class='ocrx_word' id='word_1_391' title='bbox 986 3405 1046 3442; x_wconf 88' lang='lat' dir='ltr'>com</span> 
     </span>
     <span class='ocr_line' id='line_1_46' title="bbox 96 3452 1047 3527; baseline 0.004 -22"><span class='ocrx_word' id='word_1_392' title='bbox 96 3452 217 3506; x_wconf 83' lang='lat' dir='ltr'>bellum:</span> <span class='ocrx_word' id='word_1_393' title='bbox 234 3459 266 3502; x_wconf 89' lang='lat' dir='ltr'>ut</span> <span class='ocrx_word' id='word_1_394' title='bbox 283 3457 327 3519; x_wconf 78' lang='lat'>(2,</span> <span class='ocrx_word' id='word_1_395' title='bbox 345 3452 432 3515; x_wconf 47' lang='lat'>3043:</span> <span class='ocrx_word' id='word_1_396' title='bbox 457 3456 492 3504; x_wconf 87' lang='lat' dir='ltr'>ln</span> <span class='ocrx_word' id='word_1_397' title='bbox 510 3467 625 3522; x_wconf 81' lang='lat' dir='ltr'>segetem</span> <span class='ocrx_word' id='word_1_398' title='bbox 644 3457 732 3507; x_wconf 87' lang='lat' dir='ltr'>veluti</span> <span class='ocrx_word' id='word_1_399' title='bbox 750 3471 813 3504; x_wconf 88' lang='lat' dir='ltr'>cum</span> <span class='ocrx_word' id='word_1_400' title='bbox 825 3457 948 3525; x_wconf 84' lang='lat' dir='ltr'>flamma</span> <span class='ocrx_word' id='word_1_401' title='bbox 960 3458 1047 3527; x_wconf 81' lang='lat' dir='ltr'>suren</span> 
     </span>
     <span class='ocr_line' id='line_1_47' title="bbox 98 3520 1047 3593; baseline 0.007 -21"><span class='ocrx_word' id='word_1_402' title='bbox 98 3523 207 3589; x_wconf 79' lang='lat' dir='ltr'>austris</span> <span class='ocrx_word' id='word_1_403' title='bbox 225 3520 345 3573; x_wconf 75' lang='lat' dir='ltr'>Incidit:</span> <span class='ocrx_word' id='word_1_404' title='bbox 371 3534 422 3573; x_wconf 88' lang='lat' dir='ltr'>aut</span> <span class='ocrx_word' id='word_1_405' title='bbox 446 3524 564 3590; x_wconf 84' lang='lat' dir='ltr'>rapidus</span> <span class='ocrx_word' id='word_1_406' title='bbox 590 3526 721 3575; x_wconf 77' lang='lat' dir='ltr'>montano</span> <span class='ocrx_word' id='word_1_407' title='bbox 739 3525 865 3592; x_wconf 86' lang='lat' dir='ltr'>flumine</span> <span class='ocrx_word' id='word_1_408' title='bbox 884 3527 1008 3578; x_wconf 85' lang='lat' dir='ltr'>Torrens</span> <span class='ocrx_word' id='word_1_409' title='bbox 1032 3528 1047 3593; x_wconf 76' lang='lat'>(⁴</span> 
     </span>
     <span class='ocr_line' id='line_1_48' title="bbox 98 3587 1047 3663; baseline 0.009 -26"><span class='ocrx_word' id='word_1_410' title='bbox 98 3588 185 3652; x_wconf 51' lang='lat'><strong>2283:</strong></span> <span class='ocrx_word' id='word_1_411' title='bbox 203 3587 323 3640; x_wconf 84' lang='lat' dir='ltr'>Diluvio</span> <span class='ocrx_word' id='word_1_412' title='bbox 343 3607 376 3640; x_wconf 77' lang='lat' dir='ltr'>ea</span> <span class='ocrx_word' id='word_1_413' title='bbox 395 3592 453 3642; x_wconf 88' lang='lat' dir='ltr'>illo.</span> <span class='ocrx_word' id='word_1_414' title='bbox 488 3592 524 3641; x_wconf 90' lang='lat' dir='ltr'>Et</span> <span class='ocrx_word' id='word_1_415' title='bbox 540 3591 606 3644; x_wconf 83' lang='lat' dir='ltr'>alibi</span> <span class='ocrx_word' id='word_1_416' title='bbox 623 3596 657 3658; x_wconf 89' lang='lat'>(7,</span> <span class='ocrx_word' id='word_1_417' title='bbox 671 3591 757 3654; x_wconf 77' lang='lat'>222.):</span> <span class='ocrx_word' id='word_1_418' title='bbox 774 3594 872 3645; x_wconf 81' lang='lat' dir='ltr'>Saeuis</span> <span class='ocrx_word' id='word_1_419' title='bbox 890 3594 982 3663; x_wconf 84' lang='lat' dir='ltr'>effusa</span> <span class='ocrx_word' id='word_1_420' title='bbox 1001 3596 1047 3663; x_wconf 88' lang='lat' dir='ltr'>My</span> 
     </span>
     <span class='ocr_line' id='line_1_49' title="bbox 99 3659 1033 3733; baseline 0.011 -28"><span class='ocrx_word' id='word_1_421' title='bbox 99 3668 246 3727; x_wconf 76' lang='lat' dir='ltr'>tempestas</span> <span class='ocrx_word' id='word_1_422' title='bbox 271 3659 343 3710; x_wconf 86' lang='lat' dir='ltr'>ierit.</span> <span class='ocrx_word' id='word_1_423' title='bbox 378 3661 433 3713; x_wconf 85' lang='lat' dir='ltr'>Aut</span> <span class='ocrx_word' id='word_1_424' title='bbox 455 3666 546 3726; x_wconf 84' lang='lat' dir='ltr'>potest</span> <span class='ocrx_word' id='word_1_425' title='bbox 566 3660 689 3712; x_wconf 86' lang='lat' dir='ltr'>subtilius</span> <span class='ocrx_word' id='word_1_426' title='bbox 712 3661 818 3712; x_wconf 88' lang='lat' dir='ltr'>dictum</span> <span class='ocrx_word' id='word_1_427' title='bbox 834 3664 935 3733; x_wconf 83' lang='lat' dir='ltr'>accipi,</span> <span class='ocrx_word' id='word_1_428' title='bbox 959 3666 1033 3733; x_wconf 88' lang='lat' dir='ltr'>quod</span> 
     </span>
     <span class='ocr_line' id='line_1_50' title="bbox 99 3724 1047 3800; baseline 0.007 -25"><span class='ocrx_word' id='word_1_429' title='bbox 99 3724 282 3793; x_wconf 76' lang='lat' dir='ltr'>conflagravit</span> <span class='ocrx_word' id='word_1_430' title='bbox 302 3725 455 3787; x_wconf 87' lang='lat' dir='ltr'>incendio.)</span> <span class='ocrx_word' id='word_1_431' title='bbox 474 3754 507 3764; x_wconf 98' lang='lat'>-</span> <span class='ocrx_word' id='word_1_432' title='bbox 548 3734 607 3785; x_wconf 83' lang='grc'><strong>567.</strong></span> <span class='ocrx_word' id='word_1_433' title='bbox 632 3729 722 3792; x_wconf 87' lang='lat' dir='ltr'>Adeo,·</span> <span class='ocrx_word' id='word_1_434' title='bbox 746 3739 795 3783; x_wconf 87' lang='lat' dir='ltr'>aut</span> <span class='ocrx_word' id='word_1_435' title='bbox 817 3733 936 3782; x_wconf 77' lang='lat' dir='ltr'>mtdtum</span> <span class='ocrx_word' id='word_1_436' title='bbox 960 3734 1014 3800; x_wconf 84' lang='lat' dir='ltr'>[vel</span> <span class='ocrx_word' id='word_1_437' title='bbox 1036 3749 1047 3782; x_wconf 83' lang='lat' dir='ltr'>s</span> 
     </span>
     <span class='ocr_line' id='line_1_51' title="bbox 99 3793 1044 3861; baseline 0.004 -14"><span class='ocrx_word' id='word_1_438' title='bbox 99 3803 132 3847; x_wconf 85' lang='lat' dir='ltr'>ut</span> <span class='ocrx_word' id='word_1_439' title='bbox 153 3793 184 3844; x_wconf 90' lang='lat' dir='ltr'>in</span> <span class='ocrx_word' id='word_1_440' title='bbox 206 3793 338 3847; x_wconf 87' lang='lat' dir='ltr'>Terentio</span> <span class='ocrx_word' id='word_1_441' title='bbox 361 3796 449 3861; x_wconf 75' lang='lat' dir='ltr'>(Eum</span> <span class='ocrx_word' id='word_1_442' title='bbox 473 3801 504 3861; x_wconf 89' lang='lat'>1,</span> <span class='ocrx_word' id='word_1_443' title='bbox 527 3794 577 3856; x_wconf 65' lang='lat' dir='ltr'>ub:</span> <span class='ocrx_word' id='word_1_444' title='bbox 599 3796 804 3851; x_wconf 81' lang='lat' dir='ltr'>Adolescentem</span> <span class='ocrx_word' id='word_1_445' title='bbox 828 3801 895 3851; x_wconf 83' lang='lat' dir='ltr'>odeo</span> <span class='ocrx_word' id='word_1_446' title='bbox 922 3803 1044 3854; x_wconf 82' lang='lat' dir='ltr'>nobilem</span> 
     </span>
     <span class='ocr_line' id='line_1_52' title="bbox 101 3859 1044 3934; baseline 0.014 -25"><span class='ocrx_word' id='word_1_447' title='bbox 101 3865 147 3928; x_wconf 83' lang='lat'>(2,</span> <span class='ocrx_word' id='word_1_448' title='bbox 164 3859 212 3923; x_wconf 81' lang='lat'>3.):</span> <span class='ocrx_word' id='word_1_449' title='bbox 229 3859 258 3914; x_wconf 84' lang='lat' dir='ltr'>Si</span> <span class='ocrx_word' id='word_1_450' title='bbox 274 3861 344 3913; x_wconf 81' lang='lat' dir='ltr'>adeo</span> <span class='ocrx_word' id='word_1_451' title='bbox 361 3863 446 3931; x_wconf 77' lang='lat' dir='ltr'>digna</span> <span class='ocrx_word' id='word_1_452' title='bbox 462 3880 507 3916; x_wconf 88' lang='lat' dir='ltr'>res</span> <span class='ocrx_word' id='word_1_453' title='bbox 524 3871 578 3929; x_wconf 87' lang='lat' dir='ltr'>est,</span> <span class='ocrx_word' id='word_1_454' title='bbox 595 3865 644 3916; x_wconf 92' lang='lat' dir='ltr'>ubi</span> <span class='ocrx_word' id='word_1_455' title='bbox 660 3873 691 3916; x_wconf 90' lang='lat' dir='ltr'>tu</span> <span class='ocrx_word' id='word_1_456' title='bbox 707 3884 806 3920; x_wconf 83' lang='lat' dir='ltr'>nervos</span> <span class='ocrx_word' id='word_1_457' title='bbox 821 3868 947 3921; x_wconf 86' lang='lat' dir='ltr'>intendas</span> <span class='ocrx_word' id='word_1_458' title='bbox 964 3871 1044 3934; x_wconf 89' lang='lat' dir='ltr'>tuos.)</span> 
     </span>
     <span class='ocr_line' id='line_1_53' title="bbox 103 3929 1047 4004; baseline 0.01 -22"><span class='ocrx_word' id='word_1_459' title='bbox 103 3947 162 3982; x_wconf 83' lang='lat' dir='ltr'>non</span> <span class='ocrx_word' id='word_1_460' title='bbox 185 3931 270 3993; x_wconf 85' lang='lat' dir='ltr'>odeo,</span> <span class='ocrx_word' id='word_1_461' title='bbox 292 3929 328 3997; x_wconf 91' lang='lat' dir='ltr'>[i.</span> <span class='ocrx_word' id='word_1_462' title='bbox 346 3948 369 3983; x_wconf 86' lang='lat' dir='ltr'>e.</span> <span class='ocrx_word' id='word_1_463' title='bbox 392 3949 448 3984; x_wconf 89' lang='lat' dir='ltr'>non</span> <span class='ocrx_word' id='word_1_464' title='bbox 473 3933 503 3985; x_wconf 90' lang='lat' dir='ltr'>iu</span> <span class='ocrx_word' id='word_1_465' title='bbox 526 3930 653 3997; x_wconf 88' lang='lat' dir='ltr'>tantum]</span> <span class='ocrx_word' id='word_1_466' title='bbox 675 3942 707 3984; x_wconf 89' lang='lat' dir='ltr'>ut</span> <span class='ocrx_word' id='word_1_467' title='bbox 729 3942 760 3985; x_wconf 90' lang='lat' dir='ltr'>tu</span> <span class='ocrx_word' id='word_1_468' title='bbox 776 3937 859 4004; x_wconf 85' lang='lat' dir='ltr'>dicis,</span> <span class='ocrx_word' id='word_1_469' title='bbox 881 3941 928 4003; x_wconf 91' lang='lat' dir='ltr'>(ut</span> <span class='ocrx_word' id='word_1_470' title='bbox 944 3938 1047 3991; x_wconf 77' lang='lat' dir='ltr'>Troiam</span> 
     </span>
     <span class='ocr_line' id='line_1_54' title="bbox 102 3997 1046 4075; baseline 0.013 -27"><span class='ocrx_word' id='word_1_471' title='bbox 102 4000 209 4069; x_wconf 70' lang='lat' dir='ltr'>huram</span> <span class='ocrx_word' id='word_1_472' title='bbox 223 3997 410 4067; x_wconf 74' lang='lat' dir='ltr'>ignoramus.)</span> <span class='ocrx_word' id='word_1_473' title='bbox 445 4001 555 4054; x_wconf 83' lang='lat' dir='ltr'>Obtusa</span> <span class='ocrx_word' id='word_1_474' title='bbox 572 4017 637 4055; x_wconf 82' lang='lat' dir='ltr'>vcro</span> <span class='ocrx_word' id='word_1_475' title='bbox 654 4004 756 4070; x_wconf 84' lang='lat' dir='ltr'>stulte,-</span> <span class='ocrx_word' id='word_1_476' title='bbox 780 4005 798 4057; x_wconf 85' lang='lat' dir='ltr'>i.</span> <span class='ocrx_word' id='word_1_477' title='bbox 815 4024 839 4058; x_wconf 91' lang='lat' dir='ltr'>e.</span> <span class='ocrx_word' id='word_1_478' title='bbox 855 4007 993 4071; x_wconf 73' lang='lat' dir='ltr'>crudelie3</span> <span class='ocrx_word' id='word_1_479' title='bbox 1016 4013 1046 4075; x_wconf 93' lang='lat' dir='ltr'>(u</span> 
     </span>
    </p>
   </div>
   <div class='ocr_carea' id='block_1_3' title="bbox 0 0 1234 4500">
    <p class='ocr_par' dir='ltr' id='par_1_3' title="bbox 0 0 1234 4500">
     <span class='ocr_line' id='line_1_55' title="bbox 0 0 1234 4500; baseline 0 0"><span class='ocrx_word' id='word_1_480' title='bbox 0 0 1234 4500; x_wconf 95' lang='lat' dir='ltr'> </span> 
     </span>
    </p>
   </div>
  </div>
 </body>
</html>
