2454 4500
73 188 77 194 ’
159 178 951 290 mummuxmmo.mo.11,140—1so
1015 230 1077 295 131

53 394 141 453 binis
159 404 280 470 propter
295 398 482 467 pestilentiam
501 398 638 452 institutos
654 398 763 467 dicunt,
787 406 818 452 ut
839 400 898 453 lues
921 402 1028 471 publica
1046 406 1077 459 in

53 482 73 521 ι
99 468 217 521 hostias
233 468 398 535 verteretur.
435 468 554 536 Culpam
579 468 668 535 hauc,
692 470 734 522 sel
749 470 825 538 quod
846 470 920 537 lugi,
943 473 985 523 vcl
1001 476 1076 543 quod

53 554 73 591 a
97 536 294 591 Defensorem
314 538 470 589 Palamedis
496 538 642 600 dixeram.)
686 538 823 603 Piabuut;
855 539 1015 609 expiabunt:
1044 552 1075 596 et

53 602 80 661 iv
110 606 209 675 runem
232 614 280 659 est.
321 606 395 657 Nam
443 607 587 674 lorumque
617 616 645 659 et
670 606 789 674 impiare
819 602 960 675 siguificat
1004 612 1073 676 (Hic

53 690 130 729 men
155 674 279 743 piabunt
301 670 374 727 bene
397 622 516 733 eriiidiu
541 675 606 742 quia
629 672 682 726 nisi
706 693 755 745 per
780 677 943 742 sauguinem
961 674 1011 729 diis
1028 698 1073 732 oc-

53 752 112 827 pta
130 742 227 797 hostia
249 751 377 796 nonest:
401 745 475 812 quod
499 744 600 796 merito
618 760 650 795 ex
668 756 785 811 persona
803 742 909 796 Sinonis
926 746 1074 815 inducitur,

53 830 96 869 ιιι
114 813 238 876 fatetur,
261 822 340 865 serra
356 829 407 883 per
423 829 502 865 sumn
519 814 617 878 sugam
634 813 716 865 fuisso
734 814 845 865 violata:
871 822 898 865 ct
915 814 971 865 vult
987 816 1073 870 ctiam

53 880 180 939 eueiiciis
204 876 257 932 sibi
280 876 420 933 debitores
444 899 502 933 esse
528 880 678 946 Troianos,
707 897 761 949 quo
789 882 864 949 (cod.
893 882 1035 936 Troianos
1058 890 1072 919 *

53 950 128 1015 node
152 950 248 1001 Burm.
266 950 340 1003 coni}
358 950 597 1017 quud-ablegati)
621 947 735 1002 interim
752 950 852 1002 Graeci
871 950 984 1017 obligati
1001 962 1071 1007 suut.

53 1044 66 1061 -
88 1024 156 1077 141.
177 1016 261 1085 Quod
279 1029 303 1069 te
320 1026 385 1076 etc.;
402 1024 514 1089 propter
533 1018 621 1085 quod;
640 1026 667 1069 et
684 1016 791 1071 infinite
806 1018 913 1071 ratione
930 1016 1073 1081 subinnuit

52 1088 183 1161 pilogos3
200 1102 291 1154 neque
303 1086 389 1151 enim,
405 1103 476 1155 quiue
496 1102 553 1138 non
565 1086 637 1152 (cod.
656 1090 769 1154 neque*
787 1104 813 1139 u.
829 1103 852 1155 q.
875 1100 943 1145 non)
961 1082 1073 1159 putaret

56 1156 205 1220 edinsros,
234 1163 399 1223 argumenta
420 1155 556 1207 subiicere
580 1154 683 1207 debuit.
732 1154 802 1208 Seue
830 1172 884 1225 per
914 1157 1071 1213 lruimmodi

52 1242 132 1279 seces
156 1223 395 1289 ostendere-emt,
416 1238 481 1275 vera
505 1241 535 1275 se
558 1220 660 1275 dicere.
701 1222 822 1276 Conscia
847 1228 968 1275 numina
993 1230 1070 1291 veris

52 1289 103 1349 sna
122 1292 252 1345 medium
267 1292 371 1354 tenuit3
392 1308 460 1343 nam
477 1309 509 1344 ea
526 1290 642 1345 numius
658 1290 800 1357 invocans,
824 1308 894 1361 quae
918 1301 981 1344 sunt
1005 1312 1070 1347 con-

52 1362 86 1415 h
103 1362 225 1413 numina
242 1361 377 1426 veritatis,
402 1362 467 1428 quia
492 1368 519 1412 ct
536 1359 682 1412 Pontifices
700 1362 809 1425 dicunt,
833 1360 945 1429 singulis
963 1362 1070 1415 actibus

52 1432 162 1503 roprios
192 1430 257 1483 deos
284 1445 433 1499 praeesse„
466 1431 522 1479 Hos
546 1430 634 1479 Varro
664 1438 741 1480 certe
768 1431 833 1481 cleos
863 1428 1010 1495 appellat)
1033 1458 1070 1473 -

52 1502 93 1557 12.
113 1498 183 1565 Per,
206 1501 234 1549 si
252 1514 307 1565 qua
326 1511 381 1562 est‚·
406 1495 475 1565 [usit]
492 1497 637 1564 diasyrtice
661 1495 793 1563 [irJridet,
810 1506 841 1548 ut
856 1496 985 1563 diximus,
1010 1500 1069 1579 [out
1139 1552 1146 1567 ,

52 1574 108 1621 erte
126 1568 182 1621 hoc
199 1567 253 1632 ait,
274 1566 298 1617 si
314 1567 406 1635 aliqua
424 1574 465 1618 est
480 1565 564 1626 sides,
589 1578 675 1631 quam
698 1582 763 1615 cum
787 1566 837 1623 sibi
856 1582 912 1617 uon
929 1570 1070 1636 adscribit,

52 1636 115 1700 cit,
141 1644 173 1687 ut
194 1636 224 1687 in
242 1650 275 1687 eo
292 1652 350 1688 esse
373 1632 510 1686 credutdr.
545 1633 653 1697 flectet,-
676 1634 801 1704 supersit.
838 1633 978 1702 Usquum,·
1003 1639 1068 1705 quie

52 1704 102 1765 sud
121 1704 246 1757 Graecos
271 1704 338 1756 dicit
358 1702 442 1754 sulem
467 1720 525 1755 esse
543 1710 714 1770 corruptam.
733 1728 767 1741 -·
802 1705 862 1759 143.
883 1704 1067 1771 inserueram,-

52 1782 196 1844 oorrnpta
217 1770 259 1824 vel
280 1773 397 1841 integra.
430 1771 485 1823 Alii
507 1780 601 1823 tamen
626 1771 719 1822 solunt
740 1770 907 1825 intemerata
931 1774 966 1825 cle
987 1774 1067 1827 libris

53 1842 115 1893 cris
144 1842 324 1893 commutatis
360 1839 447 1892 literis
476 1857 534 1891 esse
563 1846 791 1918 praesumptum,
826 1842 958 1891 timurum
990 1844 1067 1895 euim

51 1910 132 1977 lem,
155 1909 175 1961 i.
193 1929 216 1962 e.
233 1906 376 1961 scientiam
393 1910 422 1960 in
440 1909 524 1960 saeris
541 1907 686 1972 dicebant,
710 1914 741 1957 ut
764 1910 798 1959 sit
815 1924 923 1975 seusus,
947 1926 996 1961 oro
1014 1928 1066 1981 por

51 1976 114 2033 lem
138 1987 264 2030 sanctam
281 1978 326 2043 (F.
343 1978 444 2041 fidem,
465 1978 483 2029 i.
502 1996 525 2029 e.
548 1982 673 2027 sanctam
696 1977 901 2046 appellabant),
924 1978 947 2030 si
970 1986 1066 2033 tamen

51 2054 206 2115 tuoquam
234 2062 316 2113 penes
339 2044 487 2109 homiues]
521 2044 599 2107 Oro,·
623 2044 691 2095 ordo
709 2052 764 2097 est:
786 2044 865 2111 Quod
888 2053 916 2097 te
940 2063 990 2097 oro
1014 2066 1066 2114 per

51 2130 151 2187 [perot.
188 2114 357 2181 (Laterum,-
381 2114 586 2181 periculorum,
602 2110 748 2165 malorum.
783 2112 917 2165 Miserere
924 2138 934 2179 ‚-
951 2116 1065 2184 quidam

51 2198 78 2235 .·o
95 2185 251 2237 misereare
265 2183 423 2253 accipiunt.)
442 2208 477 2221 -
512 2186 573 2239 144.
588 2181 656 2233 Non
680 2183 769 2249 digno
787 2182 926 2250 ferentis,
949 2184 1065 2253 indigno

51 2260 104 2305 retu
128 2253 231 2305 affecti.
249 2278 284 2290 -
319 2256 379 2310 145.
402 2252 438 2301 Et
460 2252 669 2302 miserescimus
694 2252 784 2315 moro,-
807 2259 855 2303 aut
878 2268 928 2318 pur
952 2268 981 2305 se
1007 2256 1064 2321 ple-

51 2338 95 2373 nn
127 2328 184 2374 est:
214 2328 262 2373 aut
291 2321 423 2374 cohaeret
451 2320 640 2387 sequentibus:
672 2320 737 2387 quia
767 2334 824 2371 non
847 2329 937 2390 potest
961 2322 1065 2392 primis.

51 2390 151 2443 icimur
169 2391 246 2442 euim
263 2398 311 2442 sut
335 2390 416 2441 illum
442 2406 498 2439 rem
524 2390 657 2452 miseror,
681 2396 730 2439 aut
754 2389 836 2439 iilius
855 2392 896 2439 rei
914 2393 1064 2445 misereare

51 2472 81 2511 m
107 2458 182 2510 iliis.
216 2458 345 2579 (qondam
369 2460 578 2509 miserescimus
596 2472 647 2523 pro
665 2455 885 2521 miserescimur,
909 2474 997 2525 geris
1022 2463 1064 2513 iu·

50 2526 186 2579 rusorum
208 2535 315 2592 count,
342 2536 373 2578 ut
395 2527 513 2589 horreo,
537 2525 685 2590 horresco,
707 2526 787 2592 gelo,
820 2527 949 2594 gelusc03
981 2530 1064 2583 olit·r

50 2608 146 2648 ntesco
164 2595 365 2657 inchoativum
386 2595 464 2647 nullo
487 2595 671 2665 praecedente
687 2595 786 2655 verbo,
809 2610 900 2661 neque
923 2596 998 2649 enim
1023 2608 1065 2651 est

50 2678 114 2731 uto,
139 2672 171 2714 ut
194 2664 230 2714 sit
251 2666 397 2725 lentesco.)
435 2663 514 2716 Ultro
532 2671 700 2716 autemnon
718 2670 889 2730 estspoute3
914 2682 981 2715 uum
1004 2667 1063 2721 iam

50 2739 187 2815 paveram
208 2730 257 2785 sed
280 2731 401 2803 insuper.
442 2733 479 2783 Et
501 2732 576 2783 seuit
599 2732 635 2783 ab
661 2746 694 2783 eo
717 2731 792 2800 quod
815 2740 857 2784 est
883 2732 973 2783 uterus
1002 2736 1063 2801 plus

50 2818 98 2855 um
130 2816 218 2869 quam
244 2808 406 2870 rogaverat,
436 2800 643 2868 praestiterunt.
666 2824 701 2836 —
749 2804 809 2856 147.
834 2800 916 2850 Arcto
948 2805 1061 2869 uincla,-

50 2887 83 2925 ro
101 2868 213 2921 vincula
230 2884 280 2936 per
296 2885 445 2939 syncopem
463 2866 588 2931 dictum]
621 2871 676 2919 Aut
691 2867 846 2938 epexegesis
870 2870 959 2931 (codd.
977 2870 1062 2940 esee.)

50 2939 202 2994 arricarum
219 2947 274 2990 est:
301 2947 350 2989 aut
372 2945 466 2989 utrum
489 2953 523 2989 ue
553 2936 658 2986 habuit.
682 2958 717 2971 —
766 2940 826 2993 143.
852 2936 990 3005 Quisquis
1015 2958 1061 3005 es,-

50 3016 85 3064 set
101 3005 193 3059 hostis
209 3006 251 3057 eis.
285 3007 322 3057 Et
337 3014 416 3072 suut,
433 3015 463 3057 ut
500 3004 618 3057 abemus
634 3003 664 3055 in
680 3002 768 3069 Livio,
784 3003 959 3073 imperatoris
978 3010 1061 3063 verba

50 3078 197 3143 msiugam
212 3074 370 3145 recipientis
387 3076 415 3126 in
433 3075 533 3127 iidem:
558 3072 700 3140 Quisquis
723 3090 751 3123 es
771 3086 864 3124 noster
882 3078 947 3127 eris.
981 3080 1061 3145 Item,
1131 3098 1137 3113 ν

50 3154 83 3211 n,
100 3142 192 3203 228.):
218 3140 365 3211 Vigiiasne
382 3144 464 3193 deum
483 3162 568 3211 gens,
591 3140 715 3210 [Aeneu?
739 3143 769 3191 vi
790 3141 865 3207 ilas]
888 3145 972 3196 verba
989 3155 1061 3214 suut,

50 3214 123 3267 sibus
153 3212 278 3278 pontifex
306 3212 441 3263 maximus
472 3213 559 3264 utitur
580 3212 611 3262 in
635 3162 836 3280 pulvinariius:
865 3213 929 3280 quia
953 3216 1058 3268 variam

50 3280 169 3335 ientiarn
192 3296 241 3330 suo
264 3282 361 3332 inserit
376 3280 502 3332 carmini.
538 3280 674 3347 (Amissus
699 3280 878 3343 obliviscere3
905 3289 935 3331 ut
958 3284 1058 3336 oblici-

49 3369 87 3403 ων
104 3351 236 3401 iniurias
253 3348 437 3413 monetariis
455 3354 468 3381 ⁸
485 3351 523 3401 dn
541 3385 548 3400 .
566 3385 573 3399 .
592 3384 599 3399 .
616 3366 643 3398 n.
661 3347 875 3414 (diciturenim)
893 3359 921 3401 et
938 3355 1057 3406 amisso.

49 3437 87 3469 sm
105 3420 288 3483 eouvuerre,
312 3427 341 3471 et
363 3420 527 3470 obliviscere
551 3417 666 3485 quidam
707 3432 739 3467 ro
763 3423 922 3483 contemne,
945 3422 986 3472 vel
1010 3440 1058 3476 ne·

49 3486 111 3557 lige,
134 3494 167 3537 ut
190 3486 336 3551 (5,70.3.):
358 3490 464 3539 oblisus
483 3485 635 3556 fatorum.)
675 3435 752 3536 ilino
778 3488 852 3549 ium,·
876 3495 924 3538 aut
947 3505 979 3541 cx
1003 3490 1057 3545 hue

49 3571 165 3626 impotes
189 3563 237 3607 aut
260 3572 293 3608 ex
317 3554 369 3607 hac
393 3557 534 3617 oratione;
560 3558 631 3622 (qua
654 3556 706 3607 tibi
723 3553 840 3606 salutem
858 3553 887 3606 in
903 3564 963 3608 tuto
979 3562 1059 3630 polli-

49 3622 113 3686 aor;)
131 3631 180 3677 aut
196 3639 230 3675 ex
246 3639 289 3687 eo,
307 3625 382 3692 quod
397 3634 426 3676 te
444 3625 511 3676 dicis
529 3623 610 3674 Ulixis
627 3624 749 3677 factione
765 3623 913 3677 laborasse.
926 3652 961 3665 ·-
998 3634 1059 3685 149.

49 3690 154 3745 merere
171 3710 254 3757 uerae
277 3692 324 3743 bic
340 3694 571 3761 distinguendum.
605 3695 677 3745 Vera
700 3694 775 3745 enirn
798 3694 894 3747 audire
911 3694 1056 3751 desiderat.

49 3758 165 3813 toisrere
181 3770 292 3823 autem,
308 3761 403 3814 ordine
422 3770 522 3814 cuncta
538 3778 638 3828 narra,
655 3761 728 3814 unde
745 3760 791 3829 qui
809 3763 890 3832 plane
907 3762 1057 3833 loquuntur

49 3824 188 3882 lissertores
211 3830 282 3881 liunt
304 3838 334 3881 et
357 3831 457 3883 diserti
473 3839 612 3882 vocantur.
648 3830 719 3883 Sanc
736 3830 789 3881 hoc
807 3830 843 3882 ab
866 3832 913 3883 illo
930 3834 1056 3885 Priamus

49 3896 119 3967 ugit,
136 3897 235 3967 quod'
301 3900 328 3951 ei
344 3900 437 3951 statim
455 3899 569 3951 obtulit:
587 3899 695 3950 curere
713 3900 839 3966 equidem
858 3902 912 3953 tibi
929 3900 1010 3969 ner.)
1023 3928 1053 3940 --·

49 3966 164 4035 lttQuo
183 3914 301 4034 meida
318 3982 405 4037 qum
421 3967 458 4019 ob
475 3983 601 4036 causam,
617 3968 659 4037 [in
675 3982 762 4038 quam
780 3968 888 4035 usum]
905 3980 935 4023 et
951 3974 986 4027 ad
1003 3972 1057 4025 hoe

813 4088 1081 4252 ⁹‘1¹-
