2454 4500
174 290 212 331 m
235 270 393 347 VIRGJL.
415 272 586 335 AENEID.
609 272 690 339 ΠΒ.
711 271 745 351 I,
769 230 962 345 sot-sus.
1047 286 1091 347 85

47 454 112 507 lem
136 450 196 520 (G.
215 462 248 518 3,
266 452 343 514 26.)τ
368 455 403 505 In
424 456 545 523 foribus
567 472 693 524 pugnam
718 472 752 507 se·
776 473 846 507 aure
872 458 1018 527 solideque
1035 462 1085 513 ele-

47 523 159 593 stanes.
198 523 330 589 Quamvis
354 525 468 591 quidam
491 526 622 593 iungant:
653 524 725 575 Tum
742 523 862 593 foribus
885 528 967 579 divae
992 532 1084 581 media

47 593 189 643 testudine
206 593 318 658 templis
342 592 379 643 Ut
401 608 489 644 unum
512 593 648 661 intelligas
671 602 776 646 tectum
799 595 910 663 templi,
933 599 974 666 [et
989 598 1085 663 iores]

47 660 128 731 Quod
144 660 168 711 si
188 667 242 725 est,
266 661 317 711 sub
334 661 428 713 medio
445 670 520 713 tecto
534 656 600 713 'sunt
620 664 703 714 iores,
747 662 799 714 Sed
816 665 906 733 primu
924 665 1022 719 melior
1040 684 1082 719 ex·

50 736 54 741 '
97 729 147 779 'tio
164 736 213 780 est.
249 728 421 796 Tenediam
448 747 559 782 camera
578 732 693 783 incurva
711 724 940 799 (eodd.'obliqnn)
958 734 1011 801 [vel
1026 736 1082 787 sur·

47 744 150 862 ΕΜ]
167 814 240 865 quae
264 799 415 849 secundmn
438 812 498 863 eos,
522 798 569 866 qui
592 800 645 850 scri
679 808 761 851 erunt
783 800 817 853 de
834 802 942 853 ratione
966 804 1082 872 templo·

47 870 126 933 Ptin,
148 866 213 918 ideo
237 865 277 916 sic
303 865 349 931 fit,
373 875 405 917 ut
427 868 574 919 simulacro
600 870 667 921 coe'
693 868 846 936 imaginem
868 870 981 935 reddat,
1006 871 1081 938 quod

47 943 156 999 hustet
178 950 236 989 esse
256 949 418 986 convexum,
466 936 603 1004 [Quidam
626 937 739 990 tradunt
761 939 834 1006 apud
856 946 962 990 veteres
985 939 1079 992 onmia

47 1004 152 1071 templa
172 1004 204 1055 in
226 1003 343 1055 modum
368 1005 509 1056 testudinis
532 1006 615 1056 iectu.
662 1007 715 1072 (At
742 1021 808 1065 ἵετο
831 1007 957 1073 sequenti
980 1014 1079 1073 sente,

47 1068 143 1123 {livinis
159 1072 314 1124 simulacris
330 1073 433 1144 positis,
448 1072 627 1124 nihilominus
644 1073 673 1124 in
690 1074 801 1143 templis
816 1075 903 1127 factas
923 1091 980 1127 esse
996 1083 1078 1127 testu-

47 1134 131 1206 lines,
146 1141 221 1212 quod
237 1142 325 1192 Varro
343 1140 389 1204 nit,
406 1149 438 1191 ut
453 1150 611 1211 separatum
629 1149 707 1206 esset,
724 1143 772 1195 ubi
788 1143 839 1195 reli
863 1143 887 1191 ὀ
904 1143 1077 1197 administra·

47 1215 130 1261 estin.
162 1210 239 1279 liene
256 1224 340 1275 ergo,
356 1226 422 1260 cum
439 1210 474 1261 de
491 1209 594 1279 templo
611 1210 786 1277 loqueretur,
803 1158 908 1271 addidit
924 1212 950 1263 ei
965 1213 1077 1265 testudi-

47 1290 121 1329 nem
152 1278 224 1330 Item
240 1279 330 1328 Varro
346 1278 380 1330 de
397 1278 505 1346 Lingua
523 1278 624 1330 Lntina
649 1279 684 1332 ad
702 1280 883 1333 Ciceronem:
907 1280 942 1330 In
960 1282 1076 1332 aedibus

47 1338 125 1397 iosus
147 1347 264 1412 patulus
282 1347 494 1413 relinquebatur
511 1349 562 1398 sub
582 1349 662 1411 divo,
686 1348 737 1413 qui
761 1362 820 1401 emt
839 1350 952 1400 relictus
970 1362 995 1400 et
1013 1366 1078 1401 con-

47 1424 131 1465 taetus
148 1425 221 1478 erat,
239 1415 436 1481 appellabam
452 1417 609 1469 testudo.
646 1416 744 1469 Cicero
762 1418 793 1468 in
808 1418 908 1469 Bruto:
933 1417 1076 1469 Commen-

47 1492 132 1533 *ntum
151 1485 184 1536 in
207 1484 331 1550 quedam
354 1486 493 1535 testudine
511 1485 609 1553 fuisse
626 1485 696 1553 (cod.
712 1486 742 1535 F.
761 1485 791 1537 in
807 1487 820 1517 *
855 1486 949 1537 uidam
964 1486 1077 1539 testudi-

47 1556 111 1603 lem
130 1550 225 1603 locum
248 1551 316 1611 ete.)
366 1554 419 1605 Alii
446 1554 539 1604 loemn
569 1554 600 1604 in
622 1560 702 1623 purte
727 1554 791 1619 atrii
814 1503 908 1607 edunt
930 1555 1075 1606 adversum

47 1618 236 1682 remensibus)
284 1620 337 1675 Alii
363 1621 437 1673 huno
462 1622 590 1675 ordinem
614 1622 722 1672 volunt:
757 1622 830 1672 Tum
860 1622 965 1674 foribus
995 1624 1074 1675 disse

47 1688 140 1757 mpii
156 1687 273 1752 resedit,
297 1689 392 1741 media
408 1698 550 1743 scutorum
566 1690 703 1743 testudine
720 1690 794 1758 quod
811 1699 888 1762 septa
903 1692 988 1742 ermis
1005 1698 1071 1745 eret.

47 1752 100 1809 'isc
115 1772 203 1827 genus
226 1756 352 1809 iubricae
376 1775 392 1810 a
416 1758 596 1810 similitudine
619 1758 762 1811 testudinis
779 1767 905 1822 vocatur,
928 1757 1074 1827 quae'iuit

47 1824 119 1895 virgo
135 1825 277 1894 qmsedsm
293 1826 371 1895 parvi
395 1829 518 1892 pendens
536 1828 605 1878 Iovis
623 1834 804 1897 praeceptum
825 1845 875 1897 per
891 1827 1074 1892 Memmium,

47 1894 114 1963 [uod
143 1894 191 1947 ille
222 1896 368 1962 pteecepit
389 1896 441 1947 diis
471 1897 599 1947 omnibns
622 1896 785 1964 bestiisque,
816 1904 847 1945 ut
871 1897 1005 1948 venissent
1037 1896 1073 1947 od
1130 1950 1134 1961 ,

47 1964 149 2031 [nptias
172 1963 299 2027 Iunonis,
329 1964 360 2015 in
383 1965 488 2016 animal
510 1966 565 2016 tnle
588 1980 720 2015 conversa
745 1972 799 2016 est:
829 1963 901 2016 mide
926 1964 1074 2017 incurvatis

47 2032 169 2088 [edificiis
186 2032 347 2102 impositum
365 2030 425 2097 est]
460 2033 529 2099 (Pro
547 2033 594 2085 his
612 2034 671 2084 eod.
690 2032 738 2084 ll.-
771 2033 829 2083 Hoc
847 2048 932 2097 genus
949 2033 1072 2084 fabricae

47 2100 76 2153 ils
92 2100 220 2153 animalis
243 2099 440 2166 similitudine,
464 2118 534 2170 quae
550 2103 657 2155 testudo
674 2108 801 2167 vocetur,
824 2107 935 2169 captum
959 2110 1013 2163 est;
1037 2101 1072 2154 de

47 2184 93 2239 [ιιι
113 2170 209 2222 fabula
231 2168 294 2220 tulis
317 2177 373 2220 est:
400 2171 483 2237 Virgo
507 2172 643 2238 quaedem
666 2171 780 2221 nomine
805 2166 940 2235 Chelone,
960 2170 1072 2236 lingime

47 2247 174 2321 unipotens
198 2237 270 2306 (eod.
297 2239 466 2304 impatiens)
490 2241 550 2291 suit.
584 2241 688 2291 Verum
711 2255 777 2289 eum
792 2238 918 2304 Iuppiter
935 2240 1072 2292 hutonem

47 2308 91 2361 ibi
113 2306 221 2375 nuptiis
243 2306 387 2381 iungeret,
410 2309 555 2377 praecepit
578 2308 735 2371 Mercurio,
759 2312 790 2356 ut
813 2322 910 2358 omnes
934 2306 1007 2358 Deos
1020 2306 1072 2359 ¹nel

47 2377 177 2441 somnies,
199 2382 283 2443 atque
307 2375 402 2427 omnia
419 2376 552 2430 animulis
576 2378 612 2429 ad
635 2376 745 2447 nuptias
768 2382 946 2436 convocaret3
969 2376 1017 2427 sed
1041 2389 1070 2424 o-

47 2446 161 2511 mibus,
178 2460 246 2513 quos
262 2444 418 2495 Mercurius
435 2452 596 2509 monuerat,
612 2443 851 2508 convenientibus,
868 2444 925 2495 sola
939 2443 1071 2507 Chelone,

47 2514 152 2569 uidens
177 2520 205 2564 et
231 2512 367 2581 derogans
390 2513 510 2583 nuptiis,
534 2521 647 2566 nectens
671 2529 766 2563 moras
784 2514 879 2567 adesse
897 2510 1071 2580 contempsit.

47 2582 49 2587 '
143 2596 209 2632 cum
224 2579 381 2632 Mercurius
398 2598 455 2632 non
472 2583 576 2633 venisse
593 2584 754 2645 notavisset,
769 2581 860 2633 denuo
878 2579 1019 2632 deseendit
1034 2576 1070 2631 ud

47 2666 138 2714 mat,
162 2658 190 2702 et
211 2650 295 2703 aedes
312 2648 447 2701 Chelones
470 2666 554 2721 supra
576 2650 692 2701 fluvium
715 2649 817 2718 positas
833 2648 1024 2729 praecipitavit
1039 2647 1069 2698 in

47 2716 164 2779 luviem,
180 2718 325 2788 ipsumque
342 2716 495 2771 Chelonem
511 2721 541 2770 in
558 2719 661 2772 nniinal
677 2719 719 2770 sui
735 2718 856 2770 nominis
872 2718 967 2781 vertit,
1003 2732 1070 2767 unm

47 2804 86 2855 sos
101 2786 200 2839 Latine
218 2788 386 2837 testudinem
409 2787 533 2839 dicimus.
578 2789 722 2854 Fecitque,
745 2794 775 2836 ut
799 2802 851 2852 pro
874 2801 963 2855 poena
984 2734 1067 2836 dorso

47 2864 153 2922 ¹eemm,
175 2855 250 2907 velut
264 2856 382 2906 domum
404 2870 484 2906 suum
502 2856 571 2921 (cod.
588 2856 722 2907 damnum
745 2854 849 2919 sumn),
871 2870 960 2923 prona
976 2859 1069 2923 porta·

47 2932 94 2988 τοῖς
122 2923 196 2977 unde
224 2924 371 2977 incurvatis
401 2923 532 2975 aedificiis
562 2925 615 2974 hoc
638 2939 743 2975 nomen
773 2922 935 2990 impositum
960 2930 1008 2973 est
1032 2942 1067 2961 *-

47 2996 97 3053 loe.
113 2994 193 3063 Septa
212 2994 319 3057 armis,-
337 2993 485 3045 satellitum
503 2992 607 3043 scilicet
623 2992 690 3060 (vel,
713 2998 745 3040 ut
761 2992 873 3060 quidem
891 2991 1000 3054 volunt,
1016 3004 1067 3058 pro

47 3062 163 3127 umetis,
186 3069 219 3111 ut
235 3065 278 3128 (2,
295 3062 385 3125 238.):
408 3061 491 3115 Foeta
511 3059 619 3123 arinis.)
654 3060 749 3124 Solio,
773 3061 877 3111 solium
896 3058 1008 3129 proprie
1027 3064 1069 3109 est

47 3136 205 3194 trmerium,
227 3145 284 3181 uno
307 3130 383 3197 ligno
405 3131 524 3191 fuctum,
548 3131 578 3180 in
594 3145 650 3199 quo
666 3128 745 3195 [uno]
761 3143 841 3195 reges
856 3127 988 3179 sedebant
1003 3140 1066 3203 pro·
1140 3166 1146 3177 .

47 3204 99 3267 pter
120 3198 239 3255 nitelam
262 3199 386 3268 corpoiis
409 3199 465 3250 sni:
495 3199 601 3251 dietum
625 3197 704 3266 quasi
733 3196 858 3249 solidum,
899 3194 984 3247 Modo
1007 3209 1068 3247 nnn

47 3266 144 3321 abusive
160 3267 256 3320 sellam
277 3268 403 3335 regalem
425 3266 611 3334 intelligimus.
645 3266 720 3328 Δίες
745 3264 812 3330 (ulto
833 3262 904 3317 fulta
920 3260 1067 3330 suggestu.)

47 3334 78 3385 ie
98 3338 119 3391 si
142 3336 259 3389 diceret:
283 3337 313 3388 in
335 3336 476 3387 tribunali.
518 3336 663 3397 subnixo,-
687 3348 737 3415 pro
762 3334 897 3384 subnisus
931 3338 1068 3403 utsupra

47 3404 118 3468 (144.)
133 3406 259 3456 diximus.
292 3405 355 3472 [Alii
378 3419 429 3475 pro
455 3405 587 3456 innixam
611 3399 767 3470 accipiunt]
784 3426 819 3438 —
853 3407 912 3458 507.
930 3399 1000 3449 Iuro
1018 3401 1068 3449 da·

47 3468 99 3539 let,
121 3474 264 3542 legesque5
287 3474 338 3525 Ius
354 3472 483 3542 generale
500 3479 554 3524 est:
577 3472 625 3523 sed
641 3469 701 3520 Lex
718 3469 785 3521 iuris
801 3477 841 3520 est
857 3468 968 3539 species.
1002 3467 1067 3518 Non

47 3548 82 3591 est
94 3558 160 3609 ergo
176 3542 302 3595 iteratio:
323 3541 382 3611 [ius
398 3542 434 3593 ad
451 3557 508 3595 non
524 3541 627 3610 scripta
651 3539 736 3592 etiam
759 3538 892 3608 pertinet:
915 3536 1006 3607 leges,
1030 3533 1066 3587 nd

47 3603 81 3660 ins
99 3607 252 3681 seriptum]
286 3612 340 3676 (Et
363 3611 436 3663 bene
463 3611 563 3672 datam
588 3607 672 3679 primi
696 3607 770 3658 enim
787 3606 871 3656 Locri
893 3604 1000 3674 scriptis
1023 3602 1066 3654 nsi

47 3670 98 3731 nint
113 3680 237 3748 legibus3
259 3695 328 3730 nam
351 3694 383 3729 su
403 3680 478 3732 erior
496 3685 570 3731 aetas
587 3683 716 3729 contenta
735 3676 788 3727 init
808 3670 950 3734 moribus.)
985 3668 1065 3738 Quod

47 3756 128 3803 tutem
150 3747 221 3801 dixit
245 3750 333 3813 ¹uiris,
357 3764 373 3798 a
414 3747 529 3798 Didonis
553 3747 675 3813 pertinet
698 3742 823 3803 lauden1;
848 3747 891 3809 (et
914 3739 1064 3807 separatim

47 3817 235 3869 ensmtiandum
252 3824 305 3880 est,
330 3823 361 3865 ut
383 3816 418 3866 sit
441 3816 531 3867 maior
548 3812 711 3874 admiratio.)
727 3837 763 3855 -
798 3816 858 3868 508.
874 3809 951 3861 Sorte
975 3807 1064 3859 trahe-

47 3882 95 3953 lot,·
119 3884 239 3957 proprie
260 3884 366 3935 locutus
390 3891 438 3935 est.
473 3882 633 3935 Trahuntur
650 3881 726 3933 enim
749 3887 850 3944 sortes,
872 3879 925 3929 hoe
943 3885 984 3929 est
999 3877 1064 3955 edu-

47 3963 140 4009 mem.
178 3955 231 4021 (Et
246 3952 319 4004 bene
340 3959 400 4003 tum
416 3952 572 4018 regnantis,
595 3965 679 4019 quam
696 3947 864 4001 aedificantis
880 3945 995 4010 urbem,
1011 3960 1062 3994 im-

47 4021 108 4091 ster·
130 4020 254 4075 ostendit
281 4018 430 4081 officium.)
454 4045 488 4058 ··
527 4024 588 4078 509.
614 4018 764 4071 Concursu-
786 4016 914 4068 accedere
945 4030 1065 4080 magno,
