2454 4500
211 270 250 315 n
273 248 431 316 naon.
452 248 726 316 rasarone
749 252 776 330 ι,
798 256 989 323 sss-eso.
1075 264 1118 327 n

93 436 144 509 ipss
166 436 342 509 Myoenoeus
366 453 534 509 magnorum
559 436 657 489 ductor
679 432 841 496 Achivum.)
875 434 1029 509 Myscelus,-
1050 438 1130 509 Aga..

94 508 241 563 musterus
258 510 395 579 patriam,
412 516 443 559 ut
471 512 496 571 6,
513 506 598 568 Stoi:
616 505 906 571 Agamemnoniasque
924 507 1067 575 Mycenas,
1082 536 1118 547 .-

97 580 146 637 iit.
169 576 329 641 Nascetur,
353 578 390 629 ud
412 510 479 628 illei
501 574 662 649 respondet:
685 574 767 623 Certa
792 572 858 623 hino
875 574 1015 629 Romanos
1042 577 1117 631 olim,

138 646 228 697 omnis
246 651 344 716 poetae
360 645 491 708 intentio,
515 651 546 693 ut
569 645 598 694 in
621 642 752 709 qualitate
772 642 903 695 carminis
926 645 1059 711 elisimus,
1081 646 1118 699 ad

96 708 193 769 histem
215 714 305 773 tendit
320 713 447 782 Augusti:
472 710 542 763 sioltt
566 718 594 763 et
617 711 647 763 in
670 710 737 761 sexti
761 708 901 778 catalogo,
926 721 955 765 et
977 715 1007 765 in
1030 715 1118 787 clypei

99 778 275 852 discriptione.
310 784 385 834 Haeo
403 788 497 833 asueni
513 779 581 830 lovis
599 778 741 843 allocutio,
765 779 866 848 purtim
885 780 993 834 obiecta
1011 792 1120 857 purgat,

151 853 188 901 'sn
218 850 324 921 aliquid
353 848 508 921 pollicetur.
558 847 694 911 Pulchrn;
725 847 815 898 allusit
843 858 957 921 propter
981 852 1119 904 Venerem

95 916 98 923 '
127 919 186 979 usli.
203 920 223 972 1.
241 937 283 991 pr.
301 917 535 990 pulchritudinem
554 917 683 979 Veneris.)
720 916 883 983 ¹l¹roiunus5
909 936 941 970 ao
964 919 985 969 si
1005 921 1118 986 diceret,

89 985 171 1053 ,itiam
194 988 297 1041 Caesar
320 985 456 1039 Troianus
480 992 527 1038 est.
570 984 690 1047 Caesar,
720 985 766 1036 hio
798 992 853 1049 est,
883 987 931 1055 qui
961 984 1048 1041 distin
1071 990 1119 1056 est,

99 1052 171 1109 Gaius
186 1056 271 1107 Iulius
288 1055 391 1107 Caesar
397 1092 405 1119 ,
423 1053 481 1125 [qui
498 1054 529 1103 in
546 1053 630 1104 Curia
647 1054 814 1123 Pompeiana
832 1070 848 1103 a
867 1057 959 1109 Cassio
977 1065 1007 1109 et
1025 1058 1120 1121 Bruto,

99 1120 198 1199 diisque
221 1122 395 1194 Pompeianis
420 1123 525 1173 occisus
549 1128 591 1173 est
611 1120 734 1186 Itomae,
758 1123 903 1174 interserto
927 1126 1069 1198 Pompeio'
1083 1126 1118 1179 ab

69 1220 86 1269 ,·
99 1206 124 1245 so
137 1194 209 1263 apud
225 1188 440 1255 Alexandriam]
473 1189 559 1243 Gaius
582 1207 753 1265 praenomen
778 1198 833 1243 est:
857 1193 939 1244 lulius
963 1211 1065 1251 nornen
1082 1195 1118 1249 ab

68 1256 158 1409 pllio:
183 1262 288 1315 Caesar
304 1261 348 1313 vel
364 1258 438 1331 quod
461 1274 541 1311 caeso
565 1259 662 1309 matris
685 1267 780 1311 ventre
804 1267 884 1311 nutus
909 1271 964 1327 est,
987 1266 1028 1315 vel
1046 1264 1120 1333 quod

91 1336 148 1382 'stus
166 1330 224 1385 eius
241 1320 272 1391 in
288 1328 381 1383 Africa
397 1342 484 1379 marm
501 1326 613 1407 propria
631 1328 731 1378 occidit
747 1328 936 1402 elephantum,
953 1332 999 1401 qni
1018 1332 1120 1399 Caepar

79 1396 183 1453 sicma
199 1400 360 1457 Poenorum
375 1396 478 1477 lingua¹
513 1395 579 1461 (Hic
601 1413 667 1447 sarie
684 1396 714 1447 C.
731 1397 779 1447 lul
798 1397 913 1463 Caesar,
938 1410 1067 1468 qsiattuor
1093 1409 1121 1455 et

68 1414 224 1539 *sexaginta
251 1465 328 1519 victis
354 1464 510 1525 Galliarum
539 1463 709 1527 civitatibus,
737 1481 802 1517 curn
833 1482 849 1516 a
880 1476 977 1520 senatu
1010 1471 1121 1540 petisset

68 1534 264 1589 tconsulatum
280 1541 309 1588 et
322 1532 518 1605 Triumphum,
534 1549 587 1586 uec
604 1533 785 1602 impetrasset,
802 1534 959 1591 adversante
977 1538 1027 1591 Cn.
1041 1540 1121 1591 Pom·

68 1590 82 1681 l'·
121 1603 145 1655 ὀ
166 1603 293 1723 Mnglpo,
315 1602 428 1720 eiusrpte
451 1599 562 1665 asniois,
587 1601 635 1670 qui
659 1601 783 1653 Caesaris
807 1605 996 1674 progressibus
1019 1608 1121 1663 invide·

68 1618 163 1739 Klio,
194 1672 231 1724 lte
253 1688 300 1725 um
331 1671 412 1723 cisio
441 1667 525 1739 gessit
552 1670 584 1727 in
608 1670 743 1722 Farsalia:
773 1684 828 1739 quo
858 1674 1004 1744 Pompeius
1034 1676 1120 1727 victus

68 1740 265 1799 sibrandriaa
295 1739 438 1797 occiditur,
479 1738 582 1789 Caesar
610 1738 747 1803 Itoniarn,
776 1741 934 1813 corrrpositis
963 1743 1063 1810 rebus,
1093 1752 1121 1796 et

68 1804 248 1869 'illexandria
270 1806 424 1872 debellata,
446 1808 570 1859 reversus
595 1807 624 1859 in
642 1808 725 1858 Citrio
749 1806 917 1878 Pompeiana
942 1813 1069 1867 uCassio
1094 1821 1122 1864 et

68 1876 168 1933 'nan
193 1877 310 1949 aliisque
333 1873 508 1945 Pompeianis
531 1876 636 1927 occisso
663 1884 711 1927 eat
754 1875 838 1926 enno
868 1877 949 1930 heres
978 1883 1122 1945 Augustus,

92 1964 146 1999 cun
160 1947 293 2001 intrasset
308 1944 425 2008 urbem,
448 1941 540 2010 c'o'e‘git
556 1962 573 1996 a
590 1942 691 1995 Senatu
707 1945 899 1999 interfectores
917 1949 1042 2003 Caesaris
1059 1967 1121 2021 par·

92 2015 182 2068 rioidas
198 2022 228 2067 et
244 2014 338 2065 hostes
354 2010 486 2077 iudicari,
510 2026 629 2080 elonque
651 2013 680 2063 in
699 2012 822 2063 Deorum
839 2030 988 2067 numerum
1012 2018 1122 2082 reterri,

92 2090 115 2139 et
133 2084 236 2141 Divum
261 2080 472 2153 appellari.)·-
506 2084 568 2139 287.
596 2080 748 2149 Imperium
775 2082 903 2148 Oceano,
926 2084 1040 2152 farriam
1071 2088 1122 2157 qui

91 2155 210 2207 terminet
228 2154 334 2216 ostris,
351 2146 438 2217 (onitu
455 2148 530 2199 iama
547 2151 680 2217 usquead
696 2152 839 2205 Oceanum
854 2156 1003 2223 pervenit3)
1021 2163 1069 2206 aut
1086 2155 1121 2207 ad

82 2220 195 2275 'laudem
208 2218 315 2273 dictum
332 2224 388 2282 est,
404 2222 453 2269 aut
469 2223 545 2267 certe
563 2216 624 2283 [est]
642 2218 791 2270 sertorium
809 2219 962 2275 historiam,
996 2224 1039 2276 Re
1057 2240 1121 2277 sera

93 2291 159 2343 enlm
176 2295 206 2343 et
220 2287 385 2350 Britannos,
408 2283 456 2352 qui
478 2284 509 2335 in
525 2283 638 2339 Oceano
662 2293 740 2353 sunt,
763 2287 841 2339 vicit:
865 2298 893 2341 et
916 2299 976 2358 post
1000 2301 1121 2345 mortem

93 2358 157 2424 ein,
181 2355 320 2409 cusu-hili
338 2352 470 2405 funebres
493 2352 528 2405 ab
546 2354 665 2422 Augtnto
690 2355 747 2406 eiua
764 2357 891 2425 adoptivo
908 2358 964 2410 tilio
982 2361 1122 2427 darentur,

92 2424 183 2499 [οιιὶιιεΙ
197 2424 277 2477 stella
294 2422 387 2477 medio
412 2420 457 2477 die
476 2421 533 2472 visa
557 2432 612 2487 est,
636 2440 707 2491 quae
730 2424 760 2475 in
784 2426 868 2495 ipsios
885 2427 1022 2479 honorem
1039 2446 1123 2501 oppa·

92 2496 170 2547 ruine
192 2492 350 2553 dicoretur,
374 2490 447 2541 unde
471 2498 513 2540 est
536 2491 583 2556 (E.
600 2498 632 2555 9,
649 2493 717 2553 47.):
740 2492 809 2544 Ecce
834 2493 962 2547 Dionaei
1006 2500 1121 2549 recessit

93 2562 216 2614 Caesaris
243 2574 361 2615 ostrum.
397 2559 420 2607 A
446 2558 565 2637 meglio,
590 2558 660 2609 sicut
682 2561 849 2627 Alexander,
875 2564 945 2615 siout
989 2568 1120 2637 onipeius.

92 2631 195 2747 ἵκηαι
212 2629 290 2682 enim
307 2644 390 2687 omna
414 2627 593 2693 niagnrlioum
611 2627 767 2695 Magnum,
790 2631 1069 2704 aestatemagis,
1093 2644 1121 2688 et

117 2702 139 2751 ii
156 2698 273 2766 magni.)
291 2724 326 2735 -
360 2694 537 2758 288.01ἰιη;
563 2696 645 2747 nodo
670 2699 754 2749 t'uturi
779 2702 912 2780 temporis
936 2711 985 2754 est.
1022 2703 1101 2755 Coelo
1109 2728 1119 2768 ‚-

92 2766 246 2825 lucoelusn.
268 2764 386 2845 'Spoliis
401 2765 535 2826 oriensis,-
552 2765 623 2813 visto
637 2764 786 2832 Pharnace,
803 2767 970 2822 Nuthridatis
990 2771 1056 2838 lilio,
1072 2772 1119 2841 qui

93 2850 118 2888 rs
133 2853 199 2891 vera
215 2837 246 2887 in
263 2840 371 2886 oriente
394 2831 455 2883 luit.
490 2831 622 2884 Ceterum
639 2835 790 2905 nealphis,
814 2836 843 2887 in
861 2854 914 2906 qua
932 2840 1120 2894 Ptolemaeum

91 2904 160 2971 tioit,
183 2905 214 2959 iu
231 2901 345 2957 australi
362 2907 403 2952 est
413 2900 508 2970 plaga·
526 2926 560 2937 -
595 2908 655 2957 uou.
673 2891 853 2970 lienustusn3
877 2907 950 2959 inter
966 2907 1118 2960 honustum

93 2981 116 3025 et
130 2984 276 3025 onerosum
294 2971 348 3023 hoc
365 2974 489 3033 interest,
507 2968 580 3037 quod
597 2968 741 3023 Oneratas
759 2980 799 3025 est
816 2976 943 3041 quislicun
966 2994 998 3028 oe
1012 2995 1119 3048 pressus

91 3040 220 3111 pondere:
245 3038 397 3091 Honestus
414 3051 494 3102 vero,
511 3035 554 3088 cui
573 3052 641 3089 ontis
658 3039 748 3113 ipsum
766 3041 865 3094 honori
883 2993 970 3110 (sodi.
990 3045 1119 3110 honoris)

91 3116 140 3174 ot,
161 3117 194 3165 ut
217 3109 241 3161 si
260 3109 321 3181 quis
339 3105 423 3181 spolia
448 3105 571 3156 hostium
588 3107 667 3175 ierat.
702 3106 754 3162 Sed
772 3124 905 3162 oneratus
923 3114 1120 3183 aspirationem

89 3176 256 3243 nonhabet,
279 3176 345 3245 quia
362 3174 397 3227 ub
416 3190 502 3226 οιιειο
519 3174 607 3226 venit:
630 3175 770 3231 honustus
788 3195 867 3245 vero,
892 3181 956 3248 qnia
981 3183 1066 3234 etiarn
1083 3183 1119 3239 ab

89 3244 188 3303 honore
211 3243 367 3307 descendit,
391 3243 494 3295 retinet
515 3243 719 3317 aspirationem.
762 3246 822 3312 (Alii
847 3247 993 3299 honestum
1015 3250 1119 3317 legunt

89 3313 193 3366 Veteres
218 3314 295 3371 anim
319 3312 465 3367 honestum
491 3327 540 3380 pro
565 3312 686 3379 specioso
711 3313 865 3381 porrobant,
890 3326 920 3368 ut
944 3322 1009 3382 (10,
1034 3321 1121 3381 133·)2

89 3379 253 3439 Dardanius
271 3393 355 3455 eaput
372 3397 431 3429 ecee
449 3397 517 3446 puer
530 3381 654 3429 ¹detectus
671 3380 878 3445 hom·ssuns.)-
913 3392 974 3442 290.
992 3387 1119 3456 Accipies

90 3467 199 3515 secura,
224 3454 322 3518 (quare
350 3447 473 3499 securo?
504 3449 556 3498 Aut
572 3452 638 3515 qiua
655 3466 728 3500 mon:
746 3452 875 3513 sollieita3
900 3454 958 3517 aut)
975 3457 1039 3523 qiria
1057 3466 1121 3529 post

88 3528 203 3573 nortem
221 3520 325 3575 Caesar
348 3517 452 3570 meruit
475 3533 568 3578 arani,
592 3517 749 3585 fastigium,
772 3521 941 3585 llam-inem,
964 3534 994 3574 ut
1019 3526 1119 3582 Cicero

86 3587 112 3638 in
127 3588 292 3658 Philippicis.
328 3584 383 3636 Hie
402 3602 527 3652 quoque3
553 3593 642 3664 potest
659 3588 773 3655 intelligi
799 3592 877 3657 (siout
894 3607 960 3659 ego,
984 3595 1054 3648 sicut
1072 3596 1120 3661 tu,)

85 3655 147 3709 sicut
169 3656 321 3708 Romulus:
344 3655 393 3707 sed
416 3654 513 3705 melios
537 3660 607 3705 sntut
630 3656 747 3720 Aeneas,
779 3659 813 3710 sle
839 3674 892 3734 quo
916 3665 1040 3731 superins
1068 3665 1120 3718 ait:

82 3723 285 3793 Sublimemque
297 3725 377 3796 seres
395 3724 431 3772 ael
450 3723 544 3773 sidem
564 3723 635 3774 coeli
643 3724 875 3792 [Magnanimum
885 3729 1024 3796 Aeneam]
1044 3731 1120 3798 Quo-

101 3813 130 3845 ne
157 3802 256 3848 autam
278 3809 389 3863 semper
413 3792 447 3844 nd
471 3790 679 3843 similitudinem
710 3795 856 3874 ponit[ru]:
887 3804 917 3847 ut
940 3800 1047 3864 (7,1.):
1076 3803 1119 3853 Tn

83 3810 142 3915 init
159 3880 271 3932 quoque
296 3862 431 3912 litoribus
456 3862 577 3924 nostris;
609 3879 675 3911 nam
705 3863 767 3915 isleo
792 3882 820 3915 ιιι
843 3864 976 3917 Bucolicis
999 3873 1049 3936 (1,
1067 3872 1122 3933 7‚);

84 3930 205 4001 h'eanoe
232 3933 288 3983 erit
306 3931 353 3980 ille
374 3928 444 3979 mihi
469 3946 574 3995 semper
598 3932 683 3994 deus,-
708 3940 736 3983 et
760 3933 788 3983 in
807 3933 948 4001 Georgicis
973 3941 1021 4003 (lt,
1048 3942 1122 3997 titt:

82 3999 110 4052 ln
134 4004 227 4056 medio
255 3998 331 4051 milti
356 3998 460 4050 Caesar
484 4001 543 4050 erit.
585 3999 678 4064 Votis5
711 3999 752 4051 sal
775 4002 810 4054 ad
834 4012 909 4068 sota,
933 4004 975 4055 vel
998 4005 1028 4054 in
1053 4007 1121 4057 votis
