2454 4500
120 336 126 347 ,
166 246 680 347 rs'VIRGIL.'aENE10.L18.
704 270 762 344 111,
788 275 979 340 leo-1⁵2.
1031 285 1110 345 iss·

49 445 192 502 deseram.
235 444 291 495 Aut
313 463 398 513 aegra
426 447 587 513 trahebant,·
611 448 665 500 duo
690 450 764 503 mala
780 450 930 518 significat,
951 461 999 504 aut
1015 470 1090 507 mor·

48 519 109 577 tem
127 521 180 564 aitt
196 514 400 579 aegritudinem
418 517 559 583 prolixam.
596 519 684 585 Aegra
703 527 797 571 autem
814 527 935 587 aegrota.
969 521 1006 575 Et
1018 523 1090 576 bene

50 580 163 633 eddidit
179 598 314 648 corpora,
335 583 400 650 quia
418 594 445 637 et
461 587 569 637 animus
587 596 670 653 aeger
687 595 776 654 potest
793 587 870 653 osse]
887 615 920 626 -—
957 592 1016 648 141.
1033 590 1089 641 Εε-

52 666 135 729 urere
154 649 258 719 Syrius
269 666 359 718 egros
366 675 375 714 ,·
399 654 500 721 Syrius
518 655 594 707 stella
618 663 659 706 est
681 658 710 706 in
728 656 867 707 oretanis
891 656 993 727 posita,
1017 675 1088 727 quae
1146 678 1151 695 ¹

51 735 134 769 annis
153 718 282 771 omnibus
300 719 388 772 oritur
412 723 486 774 eirca
510 731 636 774 octavum
653 722 789 776 Kalendas
812 725 873 775 Iulii
897 725 941 792 (R.
959 726 1050 780 Guelf.
1066 729 1087 779 Ι.

52 785 179 850 Iulias):
203 804 274 856 qtiae
292 795 352 840 orta
368 791 533 859 plerumque
552 792 737 861 pestilentiam
753 801 813 843 toto
832 809 905 845 anno
928 794 1009 860 feeit,
1030 795 1089 864 ple·

50 870 174 925 rumque
187 856 281 928 paucis
294 857 397 909 diebus.
432 860 576 911 Interdum
588 861 699 913 innoxia
712 862 841 913 nascitur.
869 861 939 913 Hinc
953 871 993 913 est
1007 862 1084 929 (stat

52 922 143 977 Theb.
164 930 197 989 1,
212 925 302 988 635.);
324 925 359 976 Et
376 929 407 977 in
425 941 512 979 totum
539 942 666 995 regnaret
683 930 785 998 Syrius
809 947 925 991 annum.
961 932 1031 984 Item
1056 939 1087 983 ut

51 1007 149 1063 supra:
173 1005 199 1044 et
221 993 315 1062 letifer
338 1012 440 1047 annus.
476 998 553 1048 Tunc
572 1005 665 1049 autem
688 999 873 1069 pestilentiam
898 1006 988 1064 creat,
1010 999 1033 1051 si
1054 1000 1085 1052 in

49 1059 123 1113 hano
148 1078 214 1133 rem
236 1065 323 1114 etiam
345 1073 504 1117 ceterorum
533 1067 685 1131 consentiat
712 1085 805 1118 clusus
828 1075 973 1119 astrorum.
1014 1068 1084 1121 Sene

51 1131 205 1195 anicula,
219 1130 250 1183 in
266 1132 342 1183 ouius
360 1150 408 1186 ore
426 1143 481 1199 est,
496 1143 604 1186 tantum
622 1137 731 1203 generis
747 1135 874 1195 feminini
891 1143 944 1187 est:
968 1151 1033 1186 cum
1051 1136 1086 1187 sit

51 1200 136 1250 cenis
154 1200 310 1251 communis
334 1203 458 1269 generis,
481 1204 554 1254 unde
578 1204 631 1253 hoo
656 1204 785 1256 nascitur.
818 1205 891 1255 Nem
912 1204 942 1254 iu
964 1196 1084 1256 diminu-x
1175 1237 1178 1245 ·

49 1266 127 1319 tione
144 1269 262 1319 mtitavit
278 1284 373 1337 genus:
405 1272 528 1338 [Steriles
553 1290 665 1323 exurere
690 1291 790 1339 agros3
815 1273 952 1323 exurendo
976 1272 1083 1325 steriles
1104 1289 1108 1295 ·

47 1333 191 1405 reddere]
208 1362 243 1375 ·-
277 1341 338 1394 142.
355 1339 437 1406 Seges
461 1358 563 1407 aegra,·
588 1359 664 1408 seges
687 1341 827 1393 interdum
851 1347 957 1391 terram
981 1338 1084 1409 signifi·

48 1411 109 1457 ut:
125 1412 161 1455 ut
174 1405 304 1457 Horatius
321 1407 417 1478 (Epist.
435 1414 467 1473 1,
483 1417 516 1473 7,
532 1409 601 1471 21.):
624 1408 701 1459 Haec
719 1427 795 1476 seges
814 1413 942 1475 ingratos
961 1411 1041 1473 tulit,
1058 1421 1084 1459 et

25 1472 121 1542 ‘feret
145 1476 280 1529 omnibus
303 1479 397 1527 annis.
438 1477 582 1529 Interdum
605 1480 784 1530 frumentum·
800 1478 889 1545 (codd.
908 1477 1082 1545 frumental:

47 1541 269 1611 ut(G.1,1.):
292 1541 371 1609 Quid
389 1545 485 1613 faciat
508 1547 597 1597 laetas
622 1559 732 1614 segetes.
768 1548 826 1597 Hoc
849 1546 911 1596 loco
935 1553 1083 1614 utrumque

45 1618 141 1681 potest
155 1611 289 1680 intelligi.
306 1636 340 1650 -·
375 1618 435 1671 144.
453 1614 603 1682 [Hortatur
619 1628 697 1682 pater
722 1617 762 1665 ire
781 1616 870 1679 mari3
898 1614 970 1679 bens
992 1613 1083 1665 filium
1168 1654 1172 1661 ,
1201 1654 1204 1667 .

46 1679 155 1744 mittit,
173 1681 240 1748 quia
256 1681 359 1732 erroris
375 1699 456 1735 caiisa
472 1690 552 1754 peter
567 1683 678 1748 fuerat]
716 1683 884 1751 Veniamque
901 1685 1012 1749 precari
1018 1705 1028 1747 ,·
1054 1686 1083 1733 et

44 1746 232 1801 beneficiam:
254 1757 286 1799 ut
301 1756 345 1816 (1,
363 1751 448 1812 519.):
477 1753 599 1803 Orontes
621 1755 741 1803 veniam.
778 1753 814 1802 Et
835 1768 867 1802 re
891 1767 956 1802 vera
972 1751 1082 1803 veniam

45 1816 154 1869 erroris
168 1816 318 1884 Anchisae,
335 1820 393 1889 [qui
411 1821 553 1872 oraculiun
570 1821 643 1873 mule
661 1821 856 1890 interpretatus
873 1818 933 1883 est]
950 1844 984 1873 -·.·
1018 1822 1082 1877 145.

45 1884 194 1937 Laborem
218 1889 322 1938 nutari
346 1889 504 1947 aue-ilium
529 1890 692 1956 Herbarum,
714 1888 916 1959 periculorum,
938 1894 969 1937 ut
992 1886 1036 1953 (G.
1056 1894 1082 1951 3,

44 1953 138 2016 ml:
155 1952 224 2006 Non
241 1966 334 2006 tamen
353 1958 412 2007 ulla
432 1961 523 2024 ntagis
541 1975 674 2025 praesens
685 1958 808 2027 fortuna
829 1958 965 2007 laborum.
1002 1954 1082 2005 Tem·
1140 1986 1149 1999 ·

43 2025 124 2099 ptari
142 2031 237 2097 autem
254 2025 383 2075 laborum
407 2025 563 2090 sterilium]
589 2034 704 2097 propter
727 2026 912 2096 pestilentiam
936 2023 1028 2091 [dixitz
1053 2027 1082 2075 et
1176 2036 1183 2049 ·

46 2092 164 2161 quidm
180 2095 325 2143 auxilium
350 2093 536 2162 distinguunt,
560 2103 591 2145 ut
612 2102 754 2164 sequatur:
776 2094 873 2144 lubeat
899 2110 952 2159 quo
977 2105 1081 2143 vertere

45 2178 158 2215 cursus.
182 2176 218 2199 ..-.
252 2167 313 2220 146.
341 2162 447 2214 Vertere
472 2181 590 2228 cursus5
616 2171 730 2234 propter
755 2163 831 2214 sedes
854 2159 925 2229 [ait]
949 2183 983 2195 ··
1019 2162 1089 2216 148.-

45 2229 310 2348 ffffigies'saerae
339 2233 458 2296 divum,
489 2231 659 2301 Phrygiique
689 2244 822 2299 penates3
861 2225 890 2281 ‘ir
919 2226 965 2281 tri
996 2224 1080 2284 δυοῖν.
1140 2278 1142 2283 .

71 2312 137 2351 arro
153 2314 220 2351 sane
236 2315 332 2352 rerum
348 2300 536 2353 humansrum
552 2302 671 2354 secundo
689 2302 741 2353 ait:
763 2305 886 2352 Aeneam
908 2300 973 2350 deos
996 2315 1080 2370 pene·

45 2374 88 2420 tes
101 2367 134 2419 in
149 2366 259 2420 ltaliam
274 2369 424 2435 reduxisse,
441 2371 578 2438 quaedam
594 2370 688 2439 lignea
703 2368 746 2421 vel
760 2369 870 2436 lapidea
886 2368 906 2418 si
928 2367 989 2431 illa,
1005 2365 1081 2435 quod

45 2435 188 2489 evidenter
201 2436 334 2504 exprimit
350 2439 480 2502 dicendo,
505 2438 626 2507 Effigies
650 2455 747 2489 sacrae
772 2439 884 2502 divum,
909 2384 1080 2502 i’hrygr'ique

45 2516 168 2573 penates«
204 2504 333 2573 Quemvis
356 2507 409 2558 alio
431 2507 492 2559 loco
516 2508 582 2558 alias
600 2507 741 2577 opiniones
758 2514 864 2558 secutus
882 2505 989 2557 diversa
1007 2504 1081 2556 dixe·

44 2574 89 2625 rit.
122 2572 196 2643 Sane
214 2574 264 2626 hos
277 2574 341 2625 deos
351 2575 514 2643 Dardanum
528 2592 559 2627 ex
572 2574 759 2627 Samothracia
776 2576 806 2626 in
818 2573 976 2641 Phrygiam,
991 2573 1080 2626 Aene-

44 2658 92 2694 am
106 2658 174 2695 vero
191 2642 222 2695 in
237 2642 346 2694 Italiam
363 2661 395 2696 ex
411 2644 531 2711 Phrygia
549 2642 733 2710 transtulisse,
755 2644 830 2696 idem
848 2644 937 2695 Varro
954 2648 1079 2705 testatur,

45 2725 114 2780 quoa
130 2710 247 2780 quidam
264 2711 365 2778 dictent,
382 2713 444 2765 ideo
462 2714 586 2765 inductos
605 2731 621 2765 a
638 2717 719 2782 poeta
736 2729 852 2764 monere
870 2728 919 2778 per
933 2724 1077 2760 somnum:

45 2779 155 2831 monitu
176 2797 245 2833 nam
262 2797 360 2834 eorum
383 2798 433 2851 per
451 2783 573 2848 quietem
594 2781 698 2831 iussum
722 2796 787 2831 cum
804 2780 903 2830 Latino
926 2779 1021 2837 foedus
1039 2778 1080 2829 le-

44 2848 136 2901 siner
150 2864 250 2901 eorum
265 2851 352 2902 etiam
369 2852 476 2901 monitu
495 2850 625 2900 Latinum
642 2850 751 2901 Aeneae
768 2865 796 2900 se
814 2846 999 2910 conimixisse,
1022 2861 1080 2897 eoe-

45 2916 111 2970 dem
125 2918 214 2973 tradit
230 2919 298 2969 visos
315 2919 478 2986 aliquotiens
495 2918 638 2969 insomnis
653 2917 718 2985 quid
732 2917 794 2969 lieri
807 2915 907 2968 vellent
917 2915 1080 2984 imperasse,

45 2995 263 3057 sequanorum
279 2987 395 3104 publice
419 3003 526 3038 curasse
548 2986 675 3037 malores.
697 3010 733 3022 -
774 2987 835 3041 149.
859 2983 1019 3049 Mediisque
1044 2999 1078 3032 ea

46 3056 163 3124 ignibus
181 3057 262 3107 urbis
304 3058 457 3118 retuleram,¹
476 3056 528 3106 hoc
546 3054 711 3122 quibusdam
726 3053 834 3104 videtur
851 3053 886 3104 ad
904 3052 1078 3103 maiestatem
1101 3078 1107 3083 ·

45 3124 134 3195 potius
149 3124 269 3179 deoriun
284 3126 476 3188 referendmn,
500 3138 585 3191 qsiam
602 3123 637 3174 ad
659 3123 821 3174 iactantiam
837 3121 944 3171 virtutis
961 3121 1078 3182 Aeneae,

46 3200 75 3245 et
94 3192 293 3263 significantius
317 3193 385 3258 erit,
413 3194 436 3244 si
460 3204 530 3260 qiiae
553 3207 610 3243 non
632 3191 732 3256 legeris
755 3187 917 3256 intelligas]
940 3218 975 3230 -
1012 3192 1078 3245 150.

49 3260 111 3314 risi
128 3275 238 3326 astare5
261 3277 319 3315 uon
343 3261 500 3314 adstabant:
528 3261 575 3312 sed
598 3258 767 3311 videbantur.
802 3258 880 3308 Unde
904 3265 932 3306 et
948 3257 1012 3305 visa
1038 3253 1077 3305 di·

48 3338 158 3385 auutur:
174 3347 233 3385 nou
249 3331 325 3384 enim
342 3339 419 3396 sunt,
435 3331 482 3383 sed
499 3330 631 3397 videntur.
652 3354 685 3364 —
721 3333 782 3384 151.
800 3326 835 3375 1η
853 3328 977 3391 somnis3
996 3321 1078 3375 multi

46 3397 90 3453 ht·
105 3400 290 3470 distinguunt,
315 3408 343 3453 et
364 3401 459 3451 volunt
481 3414 565 3450 unam
591 3402 699 3462 partem
717 3412 774 3448 esse
792 3393 939 3457 orationis,
961 3392 980 3444 i.
999 3410 1022 3443 e.
1039 3389 1077 3440 vi·

116 3476 166 3522 tes.
200 3469 285 3537 [Nam
298 3469 533 3538 quemadmodum
546 3465 771 3517 videbatLunam
784 3465 906 3514 inlusum
919 3456 1077 3523 fenestrisl]
1131 3454 1137 3465 “

78 3536 126 3589 ulti
141 3540 175 3590 in
192 3539 302 3589 somnis
319 3538 428 3602 dicunt,
445 3540 486 3605 [et
503 3535 700 3604 posterioribus
717 3535 849 3600 iungunt3
867 3531 939 3583 unde
958 3538 986 3582 et
1000 3529 1074 3591 visi;

47 3605 91 3661 ted
111 3622 212 3675 corpus
236 3615 298 3673 post
314 3622 416 3658 somno
440 3606 511 3657 vinei
536 3605 640 3667 vohmt,
670 3610 793 3654 mentem
819 3614 882 3650 vero
910 3599 1022 3667 vigilare
1047 3602 1076 3648 et

49 3675 205 3728 meminisse
224 3676 365 3727 omnium:
389 3676 452 3727 ideo
471 3675 557 3725 etiam
573 3673 713 3725 dormiens
732 3670 766 3721 de
783 3669 862 3720 Luna
880 3667 949 3719 seire
966 3664 1083 3738 potuit]

49 3740 112 3797 Sane
128 3746 162 3797 'in
180 3746 290 3796 somnis
308 3745 409 3796 collisio
428 3752 468 3796 est
485 3742 572 3808 (codd.
590 3750 713 3792 tantum:
731 3751 761 3788 ut
779 3739 818 3787 sit
836 3736 917 3802 coll),
935 3733 1074 3804 quomodo

49 3814 135 3880 peculi
170 3829 204 3864 ro
222 3815 334 3880 peculii.
370 3814 463 3866 Multo
483 3813 606 3875 ininius,
631 3825 696 3859 cum
719 3806 815 3859 nimbo
840 3821 903 3856 suo:
925 3805 984 3874 [qui
1000 3802 1075 3857 eirca

50 3882 107 3936 deos
122 3832 195 3936 soiet
211 3881 317 3948 videet]
334 3909 367 3920 -
402 3888 461 3940 152.
481 3882 620 3941 Insertas,·
646 3885 694 3928 aut
710 3877 810 3927 claras:
828 3882 946 3926 autnon
964 3879 1075 3932 seratas,

19 3952 23 3959 '
51 3957 76 4002 ol
94 3951 230 4023 sitquasi
256 3953 413 4015 inseratur,
429 3955 445 4001 i.
464 3971 486 4001 e.
513 3966 569 4004 non
593 3949 711 3999 clamas:
738 3952 766 3995 et
789 3944 910 4007 dietum,
934 3939 1073 4010 quomodo

50 4019 201 4091 Amorque
227 4021 363 4084 molares,
392 4035 442 4090 pro
467 4035 595 4086 asperos.-
628 4026 787 4080 compostus
810 4027 862 4081 pro
887 4011 1072 4076 compositus:
