2454 4500
44 236 66 301 ἰ
153 234 218 328 iso
378 244 550 316 -s'naru
575 246 946 343 constantinus-

155 426 243 507 fldem
260 437 346 486 Varro
365 441 393 486 et
408 394 642 500 aliitiomplures,
661 450 778 499 magnos
797 435 862 486 cleos
879 410 1028 486 adfirmant
1043 430 1193 483 simulacra

45 475 67 562 ‘¹
156 508 210 558 duo
228 504 332 567 virilia,
349 501 514 554 Castoris-et
529 501 652 566 Pollucis,
669 501 698 551 in
714 503 902 554 Samothracia
919 510 983 553 ante
1000 500 1121 571 portum
1133 501 1193 562 sita,

156 570 256 642 quibus
273 572 418 638 naufragio
440 568 552 622 liberati
568 579 630 621 vota
655 571 804 633 soulebant'.
838 570 974 623 Aliideos
993 586 1114 636 magnos
1130 569 1193 619 coe·

155 640 215 694 lum
232 658 264 693 ac
280 648 386 692 terram
398 646 514 708 ‚putant,
532 654 630 716 aokper
647 637 697 688 hos
713 640 804 707 Iovem
823 646 852 690 et
867 641 1009 690 lunonem.
1044 637 1091 687 Dii
1108 651 1192 706 perra·

134 717 197 775 „tes
223 726 239 762 a
263 706 452 775 Samothracia
475 705 589 770 sublati,
609 707 655 757 ‘ab
678 708 772 759 Aenea
801 707 832 757 in
852 707 963 759 ltaliam
986 704 1096 757 advecti
1122 710 1191 765 sunt,

156 778 229 830 unde
246 776 437 828 Samothraces
455 775 563 842 cognati
581 775 776 825 Romanorum
794 791 853 839 esse¹
869 776 1014 837 dicuntur,
1031 789 1100 841 quos
1117 772 1189 825 inter

36 837 42 847 ⁵
127 894 129 899 ,
147 855 267 922 caetera
280 844 347 897 'ideo
363 861 480 910 magnos
497 843 643 912 appellant,
660 843 733 912 quud
745 844 779 894 de
790 843 904 894 Lavinio
919 842 1046 894 translati
1060 841 1190 906 Rumam,

157 913 199 968 bis
224 915 254 966 in
277 912 371 965 locum
394 928 474 961 suum
491 912 645 985 ‘redierim
676 912 749 978 quud
773 911 1013 978 Imperatorestin
1036 910 1190 980 provincias

157 983 226 1037 ituri
243 981 315 1052 apud
334 997 379 1032 eos
398 980 520 1046 primum
538 980 736 1044 immolabant,
759 982 833 1048 quod
851 996 950 1031 eorum
972 980 1090 1030 nomina
1107 993 1188 1031 nemo

158 1051 241 1117 scint,
263 1047 336 1117 quod
354 1057 512 1118 praesentes
531 1049 623 1103 adesse
650 1047 809 1100 sentiantur.
846 1039 1001 1109 Nemeum
1019 1048 1121 1098 amhae
1138 1047 1189 1098 vir-

76 1130 79 1139 '
147 1121 237 1190 ¹gines
260 1119 409 1184 intemplo
429 1117 546 1177 deorum
563 1115 659 1167 Lavini
675 1117 757 1166 simul
774 1117 942 1182 dormirent,
965 1124 1083 1185 atquae
1100 1115 1189 1168 minus

100 1192 104 1229 -'
158 1196 232 1255 casta
255 1192 316 1239 erat
338 1185 453 1237 fulmine
477 1186 647 1248 exanimata,
671 1183 788 1236 alteram
812 1185 1034 1247 nihil'sertsisse‚
1058 1199 1126 1252 quos
1148 1185 1188 1236 in-

158 1244 250 1320 mani,
266 1257 280 1286 *
296 1254 403 1323 penitus
421 1249 504 1320 (quod
522 1254 647 1304 Rotnani
666 1252 791 1316 Penates)
810 1253 840 1303 in
865 1253 940 1304 cultu
962 1253 1099 1315 habeant,
1124 1266 1189 1321 quos

157 1325 210 1379 nisi
228 1322 364 1375 sacerdoti
381 1323 481 1375 uidere
496 1324 538 1374 sas
561 1322 630 1373 nulli
653 1321 701 1386 sit,
725 1322 772 1390 qui
794 1321 856 1372 ideo
878 1333 991 1391 penates
1009 1321 1189 1391 appellanttu,

159 1391 233 1462 quod
256 1390 286 1443 in
310 1390 495 1460 penetralibus
521 1391 632 1442 aedium
657 1390 729 1442 coeli
750 1391 863 1442 sedeant
886 1391 952 1458 (coli
967 1389 1101 1454 soleant),
1124 1405 1189 1441 nem

158 1469 187 1515 et
202 1461 293 1530 ipsum
310 1461 433 1524 penetral
450 1464 539 1526 penus
557 1458 672 1522 dicitur,
696 1465 726 1507 ut
748 1457 830 1527 hodie
848 1474 957 1527 quoque
981 1476 1073 1526 penus
1096 1457 1189 1509 Vestae

159 1529 256 1580 claudi
273 1528 439 1594 veluperiri
456 1527 564 1578 dicitur.
598 1528 649 1580 Vel
668 1524 783 1587 Penates
801 1535 893 1591 erant,
911 1542 978 1596 quos
996 1528 1080 1579 domo
1097 1538 1189 1580 secum

158 1597 301 1660 studeret,
317 1597 358 1648 dii
374 1596 540 1657 seruiliares3
563 1595 593 1647 hi
611 1598 689 1657 vc'r0,
713 1603 743 1644 ut
759 1595 924 1660 Palladium,
938 1602 970 1646 et
986 1612 1055 1663 quos
1072 1595 1188 1647 Pauthru

160 1664 193 1720 ex
217 1663 330 1717 arcessi
353 1663 502 1728 attulerat]
518 1691 552 1702 -·
595 1669 637 1722 13.
663 1662 750 1714 Terra
774 1665 888 1731 procul5
920 1664 1022 1732 procul
1043 1671 1086 1716 est
1115 1660 1190 1732 quasi

159 1752 243 1803 porro
263 1734 296 1784 ab
317 1735 415 1784 oculis.
450 1733 527 1784 Unde
544 1740 634 1799 potest
650 1724 864 1800 etsatis‘l'onge
888 1732 1058 1801 significare,
1082 1741 1110 1786 et
1133 1748 1189 1783 non

71 1830 74 1837 ·
155 1804 256 1866 valde,
281 1802 358 1853 utin
376 1801 471 1869 quinto
496 1800 590 1868 (’124.);
614 1799 664 1850 Est
680 1803 779 1867 procul
804 1804 835 1851 in
852 1803 951 1868 pelago
977 1810 1096 1868 sonum,
1120 1797 1189 1869 quod

159 1874 222 1924 satis
239 1869 319 1940 longe
338 1871 420 1921 fuisse
436 1870 555 1938 intelligi
571 1885 628 1921 non
645 1878 747 1940 potest,
770 1889 805 1922 ne
824 1870 946 1938 voluptas
969 1877 1067 1938 pereat
1089 1877 1189 1940 specta·

90 1946 94 1959 ¹
159 1940 229 2002 culi3
247 1955 413 2006 ‘quanquam
437 1946 464 1990 et
480 1938 526 1988 hic
549 1938 644 1990 similis
664 1939 752 2008 possit
768 1955 826 1990 esse
843 1938 1020 2005 significati03
1044 1938 1136 1992 brevis
1152 1944 1189 2003 est

160 2008 236 2060 enim
253 2005 421 2076 Hellesponti
437 2006 574 2058 transitus.
613 2003 723 2070 Vastis,·
741 2015 790 2057 aut
806 2007 932 2074 vastatis,
950 2009 990 2075 [et
1007 2023 1059 2074 per
1075 2008 1131 2063 hoc
1146 2004 1206 2059 de‘

161 2075 242 2128 sertis
250 2073 267 2139 3]
285 2083 335 2133 aut
349 2075 464 2142 magnis.
481 2101 517 2112 -
550 2079 593 2133 14.
612 2075 733 2127 Thraces
752 2075 1001 2147 arantifiguratffl
1017 2093 1085 2128 nam
1102 2075 1190 2127 minus

160 2152 201 2198 est
219 2141 319 2209 Quam.
354 2144 434 2207 Acri5
458 2159 546 2211 saevo,
556 2154 583 2194 et
599 2151 721 2197 cruento.
756 2143 915 2212 [Lycurg03
939 2145 1082 2212 Lycurgus
1100 2139 1189 2213 [vero,]

79 2268 83 2273 ,
160 2222 192 2264 ut
208 2212 255 2264 alii
272 2213 379 2275 dicunt,
401 2228 465 2261 cum
488 2211 693 2278 indignaretur,
715 2211 850 2264 Liberum
867 2214 902 2263 ab
920 2213 1048 2264 omnihus
1067 2212 1189 2280 gentibus

159 2281 230 2346 ooli,
252 2288 283 2330 ut
305 2279 429 2346 primum
446 2297 510 2331 euru
528 2281 662 2332 Thraciae
678 2281 749 2349 lines
762 2298 827 2332 cum
851 2281 924 2332 socio
942 2282 1086 2332 comitatu
1098 2279 1191 2333 introi·

158 2351 210 2402 isse
235 2347 376 2416 cognovit,
406 2349 617 2418 'comprehensas
648 2350 768 2401 Bacchas
799 2352 856 2402 eius
886 2351 1003 2417 flagellis
1032 2350 1190 2413 verberavit,

160 2416 252 2488 ipsum
268 2431 333 2468 vero
350 2417 471 2484 insequi,
488 2425 518 2467 ut
535 2419 680 2482 occideret,
697 2419 795 2485 coepit.
830 2419 883 2471 Sed
895 2426 1045 2490 postquam
1062 2435 1091 2471 se
1108 2419 1190 2469 Liber

160 2487 284 2551 fugiens,
302 2491 332 2535 ut
349 2486 475 2537 evaderet
491 2487 680 2556 praecipitavit
696 2489 726 2538 iu
743 2505 836 2550 mare,
859 2497 886 2539 et
903 2489 1000 2540 Athen.
1019 2525 1025 2538 .
1043 2488 1056 2518 ’¹
1075 2491 1103 2552 (a
1124 2486 1190 2536 Tbe-

163 2554 235 2614 tide)
260 2555 381 2622 nympha
405 2563 529 2623 exceptus
560 2557 692 2608 liberatus
717 2555 793 2620 estJ,
816 2555 967 2624 Lycurgus
992 2563 1085 2608 autern
1125 2556 1193 2624 [hta

160 2621 232 2674 silius
249 2619 410 2689 Dryantis,]
434 2640 482 2673 rex
504 2625 606 2692 [gentis
623 2624 778 2688 Bistonum]
802 2624 960 2691 (Thraciae)
983 2625 1051 2676 suit:
1076 2626 1139 2693 qui,
1162 2635 1190 2678 ut

161 2691 247 2744 habet
263 2690 371 2755 fabula,
395 2691 462 2741 dum
479 2701 657 2745 contemnens
674 2693 809 2746 Liberum
828 2692 985 2764 [patrem,]
1004 2693 1078 2760 (eius
1095 2711 1191 2762 ampu-

161 2759 214 2824 tat)
237 2758 303 2810 vites
327 2760 423 2825 [manu
439 2776 488 2810 sua
504 2758 614 2832 s'cmper
632 2762 805 2814 abscinderet
821 2763 944 2814 immisso
962 2780 978 2813 a
995 2763 1100 2815 Libero
1117 2765 1191 2816 furo·

161 2847 209 2893 re,
237 2824 314 2897 ipse]
337 2845 418 2879 crura
442 2828 496 2878 sibi
518 2832 638 2882 succidit.
680 2830 722 2883 Re
750 2849 812 2882 vera
836 2839 929 2883 nutem
953 2831 1104 2890 abstemius
1128 2834 1191 2884 suit:

182 2913 230 2947 uos
248 2903 354 2949 constat
377 2897 491 2948 acrioris
515 2917 573 2951 esse
598 2908 729 2965 naturae,
752 2899 825 2968 quod
849 2903 934 2952 etiam
951 2901 984 2952 de
1002 2901 1193 2955 Demosthene

162 2915 269 3020 dictum
295 2974 342 3016 est.
384 2964 454 3033 [Alii
477 2967 515 3017 sic
538 2971 678 3020 referunt:
703 2968 766 3020 Fuit
788 2968 943 3038 Lycurgus,
975 2968 1114 3037 Thraciae
1138 2987 1192 3037 rex,

102 3066 107 3077 ·
161 3034 232 3088 filius
249 3033 390 3100 Dryantis,
414 3037 461 3103 qui
485 3035 558 3104 quod
575 3037 697 3088 Thraces
719 3037 902 3090 immoderato
926 3039 987 3090 vino
1005 3038 1112 3090 deditos
1129 3048 1192 3093 con·

163 3103 296 3170 spiceret,
319 3101 386 3154 vites
410 3118 505 3156 omnes
522 3114 580 3156 toto
604 3122 690 3174 regno
709 3107 798 3157 excidi
811 3108 901 3173 iussit,
925 3116 955 3156 ut
976 3107 1073 3158 scribit
1089 3109 1192 3162 Plutar-

164 3173 231 3226 chus
256 3185 289 3222 eo
317 3171 347 3231 in
371 3174 514 3240 opusculo,
543 3176 616 3242 quod
640 3175 673 3226 de
698 3175 846 3226 Po'e'tarum
875 3174 993 3228 utilitate
1023 3177 1191 3259 conscripsit.

164 3242 234 3295 Hinc
264 3238 341 3290 datus
371 3247 413 3292 est
440 3242 527 3309 poetis
558 3244 633 3295 locus
663 3238 787 3296 fabulae:
827 3245 986 3312 Lycurgum
1015 3244 1190 3299 infestissimo

161 3308 305 3360 Bacchum
328 3306 390 3361 odio
420 3321 597 3374 prosecutum
621 3329 692 3377 esse,
722 3313 791 3365 adeo
821 3321 851 3362 ut
875 3321 903 3364 et
924 3314 1046 3366 nutrices
1068 3315 1141 3367 illius
1163 3318 1190 3369 in

164 3378 237 3444 Nysa
265 3378 395 3442 latentes,
423 3390 651 3449 persequeretur,
681 3391 709 3434 et
732 3381 840 3433 Baccho
857 3381 924 3448 ipsi
946 3389 1056 3433 tantum
1079 3386 1191 3437 terroris

163 3443 323 3509 incusserit,
345 3455 392 3512 ut,
414 3447 560 3526 praecipiti
576 3453 641 3517 fuga
657 3452 772 3503 traiecto
790 3450 877 3515 mari,
900 3450 930 3501 in
948 3451 1057 3502 Nasum
1073 3470 1102 3504 se
1119 3471 1192 3511 rece·

122 3532 126 3540 ·
165 3512 252 3586 perit·‚
274 3512 391 3582 ideoque
412 3524 484 3566 iusta
500 3517 621 3568 numinis
644 3518 686 3570 ira
703 3518 862 3586 Lycurgum
885 3519 914 3570 in
938 3522 1065 3572 furorem
1082 3536 1192 3576 conver·

164 3599 241 3644 sum,
264 3589 306 3647 et,
330 3600 393 3633 cum
411 3584 476 3635 vites
498 3600 622 3654 quoque,
644 3607 680 3640 ne
704 3589 811 3639 Baccho
835 3589 864 3638 in
888 3596 1029 3657 posterum
1051 3590 1193 3656 libaretur,

164 3650 291 3729 excidere
309 3650 396 3727 yellet,
412 3652 493 3704 tibias
509 3653 562 3707 sibi
578 3652 741 3720 succidisse]
775 3657 1118 3726 Regnatuaparticipium
1131 3657 1192 3729 [est]

165 3719 223 3770 sine
245 3734 354 3785 urigine
377 3721 462 3772 verbi.
482 3749 522 3759 --
563 3730 604 3780 15.
634 3721 796 3792 Hospitium
824 3728 991 3791 antipam,-
1015 3735 1064 3777 aut
1088 3745 1192 3796 carum,

164 3794 213 3839 aut
235 3804 267 3865 re
283 3804 347 3838 vera
371 3790 521 3856 antiquum.
556 3792 638 3859 Nam,
652 3802 728 3846 tanta
752 3796 823 3846 inter
847 3795 919 3864 ipsos
941 3795 1117 3849 familiaritas
1134 3798 1193 3863 fuit,

164 3864 196 3906 ut
218 3855 304 3908 [lione
334 3854 391 3908 tilia
413 3859 514 3911 Priami
541 3860 738 3928 Polymnestori
769 3864 862 3930 (codd.
887 3863 1052 3930 Polymest.)
1077 3867 1195 3920 nuberet

163 3923 304 3976 Thracum
321 3926 395 3992 regi,
418 3928 462 3978 cui
479 3927 644 3996 Polydorum
667 3931 753 3982 lilium
771 3934 814 3999 [ex
830 3931 955 3996 Hecuba]
971 3933 1098 3985 Priamus
1118 3934 1194 4003 (belli

161 3999 287 4064 tempore
309 3994 453 4064 pusiilmn
478 4000 719 4055 commendaverat
741 3999 889 4065 alendum.)
907 4003 1006 4073 [puter'
1021 4002 1102 4059 initio
1128 4002 1194 4060 belli
