<?xml version="1.0" encoding="UTF-8"?>
<!DOCTYPE html PUBLIC "-//W3C//DTD XHTML 1.0 Transitional//EN"
    "http://www.w3.org/TR/xhtml1/DTD/xhtml1-transitional.dtd">
<html xmlns="http://www.w3.org/1999/xhtml" xml:lang="en" lang="en">
 <head>
  <title>
</title>
<meta http-equiv="Content-Type" content="text/html;charset=utf-8" />
  <meta name='ocr-system' content='tesseract 3.04.00' />
  <meta name='ocr-capabilities' content='ocr_page ocr_carea ocr_par ocr_line ocrx_word'/>
</head>
<body>
  <div class='ocr_page' id='page_1' title='image "./commentariiinvi00liongoog_0464.png"; bbox 0 0 2454 4500; ppageno 0'>
   <div class='ocr_carea' id='block_1_1' title="bbox 104 220 914 363">
    <p class='ocr_par' dir='ltr' id='par_1_1' title="bbox 104 220 914 363">
     <span class='ocr_line' id='line_1_1' title="bbox 104 220 914 363; baseline 0.004 -49"><span class='ocrx_word' id='word_1_1' title='bbox 104 246 173 315; x_wconf 74' lang='grc' dir='ltr'>ιιι</span> <span class='ocrx_word' id='word_1_2' title='bbox 364 220 508 316; x_wconf 80' lang='lat' dir='ltr'>servu</span> <span class='ocrx_word' id='word_1_3' title='bbox 531 251 914 363; x_wconf 74' lang='grc' dir='ltr'>οοιιιιιιιιτιιιιιιεΙ</span> 
     </span>
    </p>
   </div>
   <div class='ocr_carea' id='block_1_2' title="bbox 95 426 1171 4078">
    <p class='ocr_par' dir='ltr' id='par_1_2' title="bbox 100 426 1127 715">
     <span class='ocr_line' id='line_1_2' title="bbox 102 426 1124 511; baseline 0.001 -22"><span class='ocrx_word' id='word_1_4' title='bbox 102 432 167 509; x_wconf 65' lang='grc'>740.</span> <span class='ocrx_word' id='word_1_5' title='bbox 189 426 307 511; x_wconf 75' lang='lat' dir='ltr'>Moenia</span> <span class='ocrx_word' id='word_1_6' title='bbox 331 433 441 504; x_wconf 78' lang='lat' dir='ltr'>Belias,-</span> <span class='ocrx_word' id='word_1_7' title='bbox 470 438 553 492; x_wconf 86' lang='lat' dir='ltr'>multi</span> <span class='ocrx_word' id='word_1_8' title='bbox 574 438 679 493; x_wconf 83' lang='lat' dir='ltr'>Nolam</span> <span class='ocrx_word' id='word_1_9' title='bbox 702 441 797 493; x_wconf 82' lang='lat' dir='ltr'>volunt</span> <span class='ocrx_word' id='word_1_10' title='bbox 818 440 954 511; x_wconf 83' lang='lat' dir='ltr'>intelligi,</span> <span class='ocrx_word' id='word_1_11' title='bbox 990 449 1019 495; x_wconf 84' lang='lat' dir='ltr'>et</span> <span class='ocrx_word' id='word_1_12' title='bbox 1039 437 1124 504; x_wconf 63' lang='lat' dir='ltr'>Urunt</span> 
     </span>
     <span class='ocr_line' id='line_1_3' title="bbox 100 502 1125 580; baseline 0.01 -31"><span class='ocrx_word' id='word_1_13' title='bbox 100 504 206 579; x_wconf 73' lang='lat' dir='ltr'>tratum</span> <span class='ocrx_word' id='word_1_14' title='bbox 233 502 379 571; x_wconf 73' lang='lat' dir='ltr'>Virgilium</span> <span class='ocrx_word' id='word_1_15' title='bbox 406 523 510 561; x_wconf 87' lang='lat' dir='ltr'>nomen</span> <span class='ocrx_word' id='word_1_16' title='bbox 540 511 597 562; x_wconf 87' lang='lat' dir='ltr'>eius</span> <span class='ocrx_word' id='word_1_17' title='bbox 627 518 747 563; x_wconf 85' lang='lat' dir='ltr'>mutasse</span> <span class='ocrx_word' id='word_1_18' title='bbox 775 517 890 580; x_wconf 86' lang='lat' dir='ltr'>propter</span> <span class='ocrx_word' id='word_1_19' title='bbox 922 510 980 561; x_wconf 92' lang='lat' dir='ltr'>sibi</span> <span class='ocrx_word' id='word_1_20' title='bbox 1010 516 1125 577; x_wconf 69' lang='lat' dir='ltr'>negatur</span> 
     </span>
     <span class='ocr_line' id='line_1_4' title="bbox 100 564 1125 647; baseline 0.013 -28"><span class='ocrx_word' id='word_1_21' title='bbox 100 564 270 647; x_wconf 70' lang='lat' dir='ltr'>hospitium:</span> <span class='ocrx_word' id='word_1_22' title='bbox 295 581 324 624; x_wconf 86' lang='lat' dir='ltr'>et</span> <span class='ocrx_word' id='word_1_23' title='bbox 339 574 368 626; x_wconf 88' lang='lat' dir='ltr'>id</span> <span class='ocrx_word' id='word_1_24' title='bbox 389 585 484 647; x_wconf 85' lang='lat' dir='ltr'>aperte</span> <span class='ocrx_word' id='word_1_25' title='bbox 500 578 618 631; x_wconf 86' lang='lat' dir='ltr'>noluisse</span> <span class='ocrx_word' id='word_1_26' title='bbox 634 580 741 644; x_wconf 83' lang='lat' dir='ltr'>dicere,</span> <span class='ocrx_word' id='word_1_27' title='bbox 764 579 813 632; x_wconf 89' lang='lat' dir='ltr'>sed</span> <span class='ocrx_word' id='word_1_28' title='bbox 829 580 981 632; x_wconf 83' lang='lat' dir='ltr'>ostendere</span> <span class='ocrx_word' id='word_1_29' title='bbox 1070 576 1125 647; x_wconf 75' lang='lat' dir='ltr'>ptri·</span> 
     </span>
     <span class='ocr_line' id='line_1_5' title="bbox 119 634 1127 715; baseline 0.007 -28"><span class='ocrx_word' id='word_1_30' title='bbox 119 634 224 715; x_wconf 71' lang='lat' dir='ltr'>brutus.</span> <span class='ocrx_word' id='word_1_31' title='bbox 258 638 333 692; x_wconf 73' lang='lat' dir='ltr'>Nam</span> <span class='ocrx_word' id='word_1_32' title='bbox 352 642 409 695; x_wconf 88' lang='lat' dir='ltr'>illic</span> <span class='ocrx_word' id='word_1_33' title='bbox 424 646 527 699; x_wconf 85' lang='lat' dir='ltr'>Punica</span> <span class='ocrx_word' id='word_1_34' title='bbox 550 649 624 699; x_wconf 86' lang='lat' dir='ltr'>mala</span> <span class='ocrx_word' id='word_1_35' title='bbox 647 655 810 713; x_wconf 84' lang='lat' dir='ltr'>nascuntur,</span> <span class='ocrx_word' id='word_1_36' title='bbox 833 657 866 698; x_wconf 91' lang='lat' dir='ltr'>ut</span> <span class='ocrx_word' id='word_1_37' title='bbox 888 665 968 699; x_wconf 88' lang='lat' dir='ltr'>nunc</span> <span class='ocrx_word' id='word_1_38' title='bbox 1013 647 1068 697; x_wconf 89' lang='lat' dir='ltr'>ella</span> <span class='ocrx_word' id='word_1_39' title='bbox 1088 659 1127 715; x_wconf 81' lang='lat' dir='ltr'>pro</span> 
     </span>
    </p>

    <p class='ocr_par' dir='ltr' id='par_1_3' title="bbox 95 704 1171 4078">
     <span class='ocr_line' id='line_1_6' title="bbox 131 704 1128 785; baseline 0.001 -24"><span class='ocrx_word' id='word_1_40' title='bbox 131 704 178 755; x_wconf 65' lang='lat' dir='ltr'>viu</span> <span class='ocrx_word' id='word_1_41' title='bbox 196 710 329 777; x_wconf 72' lang='lat' dir='ltr'>posuerit</span> <span class='ocrx_word' id='word_1_42' title='bbox 360 712 425 781; x_wconf 77' lang='lat' dir='ltr'>[arii</span> <span class='ocrx_word' id='word_1_43' title='bbox 439 714 516 767; x_wconf 87' lang='lat' dir='ltr'>idern</span> <span class='ocrx_word' id='word_1_44' title='bbox 532 733 549 768; x_wconf 87' lang='lat' dir='ltr'>a</span> <span class='ocrx_word' id='word_1_45' title='bbox 566 717 681 785; x_wconf 79' lang='lat' dir='ltr'>Virgilio</span> <span class='ocrx_word' id='word_1_46' title='bbox 697 716 726 767; x_wconf 91' lang='lat' dir='ltr'>in</span> <span class='ocrx_word' id='word_1_47' title='bbox 743 715 887 783; x_wconf 83' lang='lat' dir='ltr'>Georgicis</span> <span class='ocrx_word' id='word_1_48' title='bbox 904 718 1018 768; x_wconf 80' lang='lat' dir='ltr'>factum</span> <span class='ocrx_word' id='word_1_49' title='bbox 1035 729 1128 766; x_wconf 80' lang='lat' dir='ltr'>meno-</span> 
     </span>
     <span class='ocr_line' id='line_1_7' title="bbox 98 778 1131 853; baseline -0.001 -20"><span class='ocrx_word' id='word_1_50' title='bbox 98 780 180 833; x_wconf 58' lang='grc' dir='ltr'>ΝΜ,</span> <span class='ocrx_word' id='word_1_51' title='bbox 206 784 237 827; x_wconf 83' lang='lat' dir='ltr'>ut</span> <span class='ocrx_word' id='word_1_52' title='bbox 262 778 350 832; x_wconf 77' lang='lat' dir='ltr'>etiam</span> <span class='ocrx_word' id='word_1_53' title='bbox 372 782 408 834; x_wconf 85' lang='lat' dir='ltr'>ab</span> <span class='ocrx_word' id='word_1_54' title='bbox 431 784 500 835; x_wconf 78' lang='lat' dir='ltr'>Aulo</span> <span class='ocrx_word' id='word_1_55' title='bbox 526 785 618 837; x_wconf 81' lang='lat' dir='ltr'>Gellio</span> <span class='ocrx_word' id='word_1_56' title='bbox 640 786 765 837; x_wconf 86' lang='lat' dir='ltr'>traditur.</span> <span class='ocrx_word' id='word_1_57' title='bbox 814 784 870 853; x_wconf 84' lang='lat' dir='ltr'>Qui</span> <span class='ocrx_word' id='word_1_58' title='bbox 893 801 963 836; x_wconf 85' lang='lat' dir='ltr'>erun</span> <span class='ocrx_word' id='word_1_59' title='bbox 988 802 1007 836; x_wconf 88' lang='lat' dir='ltr'>a</span> <span class='ocrx_word' id='word_1_60' title='bbox 1030 783 1131 835; x_wconf 77' lang='lat' dir='ltr'>Nolanis</span> 
     </span>
     <span class='ocr_line' id='line_1_8' title="bbox 98 848 1131 925; baseline 0.004 -28"><span class='ocrx_word' id='word_1_61' title='bbox 98 848 348 921; x_wconf 21' lang='lat' dir='ltr'>&amp;qtatftflpetiisen</span> <span class='ocrx_word' id='word_1_62' title='bbox 363 852 405 903; x_wconf 86' lang='lat' dir='ltr'>uti</span> <span class='ocrx_word' id='word_1_63' title='bbox 421 851 535 905; x_wconf 86' lang='lat' dir='ltr'>duceret</span> <span class='ocrx_word' id='word_1_64' title='bbox 551 855 580 905; x_wconf 90' lang='lat' dir='ltr'>in</span> <span class='ocrx_word' id='word_1_65' title='bbox 597 856 782 925; x_wconf 86' lang='lat' dir='ltr'>propinquum</span> <span class='ocrx_word' id='word_1_66' title='bbox 797 869 860 917; x_wconf 84' lang='lat' dir='ltr'>rus,</span> <span class='ocrx_word' id='word_1_67' title='bbox 877 853 1006 904; x_wconf 80' lang='lat' dir='ltr'>Nolanos</span> <span class='ocrx_word' id='word_1_68' title='bbox 1023 853 1131 923; x_wconf 79' lang='lat' dir='ltr'>petitam</span> 
     </span>
     <span class='ocr_line' id='line_1_9' title="bbox 97 906 1131 987; baseline 0.006 -24"><span class='ocrx_word' id='word_1_69' title='bbox 97 906 270 987; x_wconf 56' lang='lat' dir='ltr'>binomium</span> <span class='ocrx_word' id='word_1_70' title='bbox 293 933 350 970; x_wconf 89' lang='lat' dir='ltr'>nou</span> <span class='ocrx_word' id='word_1_71' title='bbox 372 921 484 983; x_wconf 85' lang='lat' dir='ltr'>iecisse;</span> <span class='ocrx_word' id='word_1_72' title='bbox 508 924 623 975; x_wconf 66' lang='lat' dir='ltr'>Portam</span> <span class='ocrx_word' id='word_1_73' title='bbox 644 927 778 977; x_wconf 82' lang='lat' dir='ltr'>offensum</span> <span class='ocrx_word' id='word_1_74' title='bbox 801 937 909 974; x_wconf 88' lang='lat' dir='ltr'>nomen</span> <span class='ocrx_word' id='word_1_75' title='bbox 935 922 1017 972; x_wconf 89' lang='lat' dir='ltr'>urbis</span> <span class='ocrx_word' id='word_1_76' title='bbox 1035 935 1131 983; x_wconf 70' lang='lat' dir='ltr'>eornm,</span> 
     </span>
     <span class='ocr_line' id='line_1_10' title="bbox 97 984 1131 1059; baseline 0.006 -24"><span class='ocrx_word' id='word_1_77' title='bbox 97 992 180 1047; x_wconf 61' lang='lat' dir='ltr'>{Q</span> <span class='ocrx_word' id='word_1_78' title='bbox 196 998 231 1059; x_wconf 65' lang='lat' dir='ltr'>et</span> <span class='ocrx_word' id='word_1_79' title='bbox 245 984 394 1039; x_wconf 82' lang='lat' dir='ltr'>horninum</span> <span class='ocrx_word' id='word_1_80' title='bbox 411 991 562 1057; x_wconf 85' lang='lat' dir='ltr'>memoria,</span> <span class='ocrx_word' id='word_1_81' title='bbox 579 994 617 1044; x_wconf 88' lang='lat' dir='ltr'>sic</span> <span class='ocrx_word' id='word_1_82' title='bbox 634 1011 666 1046; x_wconf 88' lang='lat' dir='ltr'>ex</span> <span class='ocrx_word' id='word_1_83' title='bbox 682 988 805 1043; x_wconf 82' lang='lat' dir='ltr'>carmine</span> <span class='ocrx_word' id='word_1_84' title='bbox 822 1007 872 1042; x_wconf 88' lang='lat' dir='ltr'>suo</span> <span class='ocrx_word' id='word_1_85' title='bbox 886 991 1057 1051; x_wconf 78' lang='lat' dir='ltr'>detraxisse3</span> <span class='ocrx_word' id='word_1_86' title='bbox 1073 1003 1131 1041; x_wconf 82' lang='lat' dir='ltr'>mm</span> 
     </span>
     <span class='ocr_line' id='line_1_11' title="bbox 96 1056 1132 1127; baseline 0.004 -25"><span class='ocrx_word' id='word_1_87' title='bbox 96 1060 166 1099; x_wconf 62' lang='lat' dir='ltr'>wrm</span> <span class='ocrx_word' id='word_1_88' title='bbox 189 1064 314 1119; x_wconf 76' lang='lat' dir='ltr'>primum</span> <span class='ocrx_word' id='word_1_89' title='bbox 337 1056 374 1109; x_wconf 88' lang='lat' dir='ltr'>ab</span> <span class='ocrx_word' id='word_1_90' title='bbox 397 1074 432 1111; x_wconf 89' lang='lat' dir='ltr'>eo</span> <span class='ocrx_word' id='word_1_91' title='bbox 449 1058 596 1113; x_wconf 76' lang='lat' dir='ltr'>recitdtum</span> <span class='ocrx_word' id='word_1_92' title='bbox 620 1069 648 1114; x_wconf 89' lang='lat' dir='ltr'>et</span> <span class='ocrx_word' id='word_1_93' title='bbox 664 1062 768 1114; x_wconf 90' lang='lat' dir='ltr'>editum</span> <span class='ocrx_word' id='word_1_94' title='bbox 783 1059 822 1110; x_wconf 88' lang='lat' dir='ltr'>sic</span> <span class='ocrx_word' id='word_1_95' title='bbox 838 1068 911 1112; x_wconf 90' lang='lat' dir='ltr'>esset</span> <span class='ocrx_word' id='word_1_96' title='bbox 934 1058 985 1127; x_wconf 87' lang='lat' dir='ltr'>(G.</span> <span class='ocrx_word' id='word_1_97' title='bbox 1004 1058 1132 1125; x_wconf 64' lang='lat' dir='ltr'>2,21,t):</span> 
     </span>
     <span class='ocr_line' id='line_1_12' title="bbox 101 1110 1133 1200; baseline 0.008 -32"><span class='ocrx_word' id='word_1_98' title='bbox 101 1110 250 1197; x_wconf 57' lang='lat' dir='ltr'>Strenua</span> <span class='ocrx_word' id='word_1_99' title='bbox 272 1122 372 1178; x_wconf 85' lang='lat' dir='ltr'>l&#39;esevv</span> <span class='ocrx_word' id='word_1_100' title='bbox 391 1126 467 1180; x_wconf 83' lang='lat' dir='ltr'>Nola</span> <span class='ocrx_word' id='word_1_101' title='bbox 486 1132 570 1197; x_wconf 80' lang='lat' dir='ltr'>iugo,·</span> <span class='ocrx_word' id='word_1_102' title='bbox 596 1131 656 1182; x_wconf 89' lang='lat' dir='ltr'>Ora</span> <span class='ocrx_word' id='word_1_103' title='bbox 674 1145 724 1200; x_wconf 89' lang='lat' dir='ltr'>pro</span> <span class='ocrx_word' id='word_1_104' title='bbox 740 1125 971 1194; x_wconf 79' lang='lat' dir='ltr'>Nala&#39;mutavit,</span> <span class='ocrx_word' id='word_1_105' title='bbox 994 1135 1079 1197; x_wconf 73' lang='lat' dir='ltr'>atque</span> <span class='ocrx_word' id='word_1_106' title='bbox 1098 1126 1133 1178; x_wconf 83' lang='lat' dir='ltr'>ita</span> 
     </span>
     <span class='ocr_line' id='line_1_13' title="bbox 96 1190 1133 1267; baseline 0.008 -29"><span class='ocrx_word' id='word_1_107' title='bbox 96 1196 227 1265; x_wconf 44' lang='lat' dir='ltr'>taliq-tiu:</span> <span class='ocrx_word' id='word_1_108' title='bbox 254 1190 287 1243; x_wconf 77' lang='lat' dir='ltr'>Fr</span> <span class='ocrx_word' id='word_1_109' title='bbox 314 1197 410 1247; x_wconf 83' lang='lat' dir='ltr'>vicina</span> <span class='ocrx_word' id='word_1_110' title='bbox 432 1196 532 1249; x_wconf 77' lang='lat' dir='ltr'>Vesevo</span> <span class='ocrx_word' id='word_1_111' title='bbox 552 1216 602 1249; x_wconf 89' lang='lat' dir='ltr'>ora</span> <span class='ocrx_word' id='word_1_112' title='bbox 627 1196 718 1267; x_wconf 72' lang='lat' dir='ltr'>iugo.)</span> <span class='ocrx_word' id='word_1_113' title='bbox 757 1197 809 1249; x_wconf 82' lang='lat' dir='ltr'>Alii</span> <span class='ocrx_word' id='word_1_114' title='bbox 832 1197 903 1266; x_wconf 84' lang='lat' dir='ltr'>[ite]</span> <span class='ocrx_word' id='word_1_115' title='bbox 925 1197 1029 1248; x_wconf 84' lang='lat' dir='ltr'>volunt</span> <span class='ocrx_word' id='word_1_116' title='bbox 1051 1193 1133 1263; x_wconf 85' lang='lat' dir='ltr'>accipi</span> 
     </span>
     <span class='ocr_line' id='line_1_14' title="bbox 96 1260 1132 1335; baseline 0.007 -30"><span class='ocrx_word' id='word_1_117' title='bbox 96 1270 223 1335; x_wconf 53' lang='lat' dir='ltr'>,tamara</span> <span class='ocrx_word' id='word_1_118' title='bbox 246 1260 350 1329; x_wconf 75' lang='lat' dir='ltr'>ileliae]</span> <span class='ocrx_word' id='word_1_119' title='bbox 388 1274 418 1315; x_wconf 89' lang='lat' dir='ltr'>ut</span> <span class='ocrx_word' id='word_1_120' title='bbox 442 1265 476 1316; x_wconf 91' lang='lat' dir='ltr'>sit</span> <span class='ocrx_word' id='word_1_121' title='bbox 493 1266 678 1335; x_wconf 77' lang='lat' dir='ltr'>synaloepha,</span> <span class='ocrx_word' id='word_1_122' title='bbox 704 1276 732 1320; x_wconf 92' lang='lat' dir='ltr'>et</span> <span class='ocrx_word' id='word_1_123' title='bbox 752 1267 862 1335; x_wconf 79' lang='lat' dir='ltr'>legatur</span> <span class='ocrx_word' id='word_1_124' title='bbox 888 1269 1009 1318; x_wconf 88' lang='lat' dir='ltr'>moenia</span> <span class='ocrx_word' id='word_1_125' title='bbox 1027 1264 1132 1316; x_wconf 87' lang='lat' dir='ltr'>Abellae</span> 
     </span>
     <span class='ocr_line' id='line_1_15' title="bbox 96 1301 1131 1441; baseline 0.01 -67"><span class='ocrx_word' id='word_1_126' title='bbox 96 1324 186 1441; x_wconf 52' lang='lat' dir='ltr'>ppulo„</span> <span class='ocrx_word' id='word_1_127' title='bbox 209 1332 303 1391; x_wconf 66' lang='lat' dir='ltr'>saul.</span> <span class='ocrx_word' id='word_1_128' title='bbox 336 1301 469 1401; x_wconf 59' lang='lat' dir='ltr'>[Quidam</span> <span class='ocrx_word' id='word_1_129' title='bbox 485 1335 558 1387; x_wconf 73' lang='lat' dir='ltr'>harre</span> <span class='ocrx_word' id='word_1_130' title='bbox 574 1338 713 1389; x_wconf 83' lang='lat' dir='ltr'>civitatem</span> <span class='ocrx_word' id='word_1_131' title='bbox 730 1354 747 1389; x_wconf 91' lang='lat' dir='ltr'>a</span> <span class='ocrx_word' id='word_1_132' title='bbox 762 1351 830 1403; x_wconf 82' lang='lat' dir='ltr'>rege</span> <span class='ocrx_word' id='word_1_133' title='bbox 849 1335 977 1386; x_wconf 80' lang='lat' dir='ltr'>Murano</span> <span class='ocrx_word' id='word_1_134' title='bbox 996 1334 1131 1386; x_wconf 80' lang='lat' dir='ltr'>conditam</span> 
     </span>
     <span class='ocr_line' id='line_1_16' title="bbox 97 1400 1130 1474; baseline 0.001 -23"><span class='ocrx_word' id='word_1_135' title='bbox 97 1420 109 1441; x_wconf 69' lang='grc' dir='ltr'>ι</span> <span class='ocrx_word' id='word_1_136' title='bbox 131 1410 227 1445; x_wconf 62' lang='lat' dir='ltr'>wan</span> <span class='ocrx_word' id='word_1_137' title='bbox 251 1400 365 1454; x_wconf 70' lang='lat' dir='ltr'>rrsunine</span> <span class='ocrx_word' id='word_1_138' title='bbox 388 1411 514 1456; x_wconf 73' lang='lat' dir='ltr'>rocamm</span> <span class='ocrx_word' id='word_1_139' title='bbox 536 1405 662 1470; x_wconf 88' lang='lat' dir='ltr'>fuerunt,</span> <span class='ocrx_word' id='word_1_140' title='bbox 686 1405 734 1458; x_wconf 88' lang='lat' dir='ltr'>sed</span> <span class='ocrx_word' id='word_1_141' title='bbox 751 1403 873 1456; x_wconf 86' lang='lat' dir='ltr'>Graecos</span> <span class='ocrx_word' id='word_1_142' title='bbox 896 1404 996 1474; x_wconf 84' lang='lat' dir='ltr'>primo</span> <span class='ocrx_word' id='word_1_143' title='bbox 1015 1419 1080 1455; x_wconf 87' lang='lat' dir='ltr'>eam</span> <span class='ocrx_word' id='word_1_144' title='bbox 1094 1402 1130 1452; x_wconf 91' lang='lat' dir='ltr'>in·</span> 
     </span>
     <span class='ocr_line' id='line_1_17' title="bbox 95 1460 1131 1539; baseline 0.011 -28"><span class='ocrx_word' id='word_1_145' title='bbox 95 1460 213 1515; x_wconf 62' lang='lat' dir='ltr'>exuuiae</span> <span class='ocrx_word' id='word_1_146' title='bbox 230 1482 302 1535; x_wconf 79' lang='lat' dir='ltr'>quac</span> <span class='ocrx_word' id='word_1_147' title='bbox 319 1468 356 1522; x_wconf 88' lang='lat' dir='ltr'>ab</span> <span class='ocrx_word' id='word_1_148' title='bbox 372 1473 489 1523; x_wconf 86' lang='lat' dir='ltr'>nucibus</span> <span class='ocrx_word' id='word_1_149' title='bbox 507 1473 645 1524; x_wconf 79' lang='lat' dir='ltr'>abellanis</span> <span class='ocrx_word' id='word_1_150' title='bbox 670 1472 762 1537; x_wconf 81' lang='lat' dir='ltr'>(avel.)</span> <span class='ocrx_word' id='word_1_151' title='bbox 781 1474 879 1524; x_wconf 81' lang='lat' dir='ltr'>Abella</span> <span class='ocrx_word' id='word_1_152' title='bbox 897 1488 1010 1525; x_wconf 87' lang='lat' dir='ltr'>nomeu</span> <span class='ocrx_word' id='word_1_153' title='bbox 1028 1486 1131 1539; x_wconf 75' lang='lat' dir='ltr'>accept·</span> 
     </span>
     <span class='ocr_line' id='line_1_18' title="bbox 95 1534 1129 1610; baseline 0.006 -30"><span class='ocrx_word' id='word_1_154' title='bbox 95 1536 143 1581; x_wconf 63' lang='lat' dir='ltr'>til.</span> <span class='ocrx_word' id='word_1_155' title='bbox 179 1534 230 1585; x_wconf 62' lang='lat' dir='ltr'>¹llu&#39;</span> <span class='ocrx_word' id='word_1_156' title='bbox 247 1536 322 1605; x_wconf 79' lang='lat' dir='ltr'>quod</span> <span class='ocrx_word' id='word_1_157' title='bbox 340 1539 449 1592; x_wconf 76' lang='lat' dir='ltr'>imbelle</span> <span class='ocrx_word' id='word_1_158' title='bbox 466 1543 560 1610; x_wconf 77' lang='lat' dir='ltr'>vidgus</span> <span class='ocrx_word' id='word_1_159' title='bbox 577 1551 605 1593; x_wconf 89' lang='lat' dir='ltr'>et</span> <span class='ocrx_word' id='word_1_160' title='bbox 621 1542 738 1594; x_wconf 89' lang='lat' dir='ltr'>otiosum</span> <span class='ocrx_word' id='word_1_161' title='bbox 754 1542 794 1593; x_wconf 88' lang='lat' dir='ltr'>ibi</span> <span class='ocrx_word' id='word_1_162' title='bbox 810 1542 911 1607; x_wconf 81' lang='lat' dir='ltr'>luerit,</span> <span class='ocrx_word' id='word_1_163' title='bbox 927 1542 997 1593; x_wconf 87' lang='lat' dir='ltr'>ideo</span> <span class='ocrx_word' id='word_1_164' title='bbox 1012 1541 1129 1591; x_wconf 82' lang='lat' dir='ltr'>Abellam</span> 
     </span>
     <span class='ocr_line' id='line_1_19' title="bbox 95 1598 1129 1682; baseline 0.004 -29"><span class='ocrx_word' id='word_1_165' title='bbox 95 1598 280 1669; x_wconf 58' lang='lat' dir='ltr'>appallateam</span> <span class='ocrx_word' id='word_1_166' title='bbox 297 1606 378 1658; x_wconf 85' lang='lat' dir='ltr'>lnrius</span> <span class='ocrx_word' id='word_1_167' title='bbox 394 1610 465 1662; x_wconf 83' lang='lat' dir='ltr'>cives</span> <span class='ocrx_word' id='word_1_168' title='bbox 482 1627 547 1662; x_wconf 89' lang='lat' dir='ltr'>cum</span> <span class='ocrx_word' id='word_1_169' title='bbox 562 1612 624 1662; x_wconf 91' lang='lat' dir='ltr'>loca</span> <span class='ocrx_word' id='word_1_170' title='bbox 640 1612 714 1664; x_wconf 86' lang='lat' dir='ltr'>circa</span> <span class='ocrx_word' id='word_1_171' title='bbox 731 1611 854 1682; x_wconf 78' lang='lat' dir='ltr'>Capuam</span> <span class='ocrx_word' id='word_1_172' title='bbox 872 1610 1061 1680; x_wconf 78' lang='lat' dir='ltr'>possiderent,</span> <span class='ocrx_word' id='word_1_173' title='bbox 1076 1608 1129 1658; x_wconf 78' lang='lat' dir='ltr'>olto</span> 
     </span>
     <span class='ocr_line' id='line_1_20' title="bbox 96 1670 1129 1747; baseline 0.003 -26"><span class='ocrx_word' id='word_1_174' title='bbox 96 1670 220 1725; x_wconf 68' lang='lat' dir='ltr'>multllm</span> <span class='ocrx_word' id='word_1_175' title='bbox 236 1674 386 1744; x_wconf 84' lang='lat' dir='ltr'>interiisse,</span> <span class='ocrx_word' id='word_1_176' title='bbox 407 1679 528 1747; x_wconf 88' lang='lat' dir='ltr'>aliosque</span> <span class='ocrx_word' id='word_1_177' title='bbox 549 1680 685 1747; x_wconf 83' lang='lat' dir='ltr'>fugientes</span> <span class='ocrx_word' id='word_1_178' title='bbox 701 1680 869 1733; x_wconf 80' lang='lat' dir='ltr'>Moeranum</span> <span class='ocrx_word' id='word_1_179' title='bbox 891 1677 1014 1747; x_wconf 89' lang='lat' dir='ltr'>abiisse,</span> <span class='ocrx_word' id='word_1_180' title='bbox 1036 1684 1065 1729; x_wconf 86' lang='lat' dir='ltr'>et</span> <span class='ocrx_word' id='word_1_181' title='bbox 1081 1675 1129 1727; x_wconf 88' lang='lat' dir='ltr'>eius</span> 
     </span>
     <span class='ocr_line' id='line_1_21' title="bbox 96 1736 1128 1816; baseline 0.003 -27"><span class='ocrx_word' id='word_1_182' title='bbox 96 1736 366 1797; x_wconf 55' lang='lat' dir='ltr'>rusurrianensis*</span> <span class='ocrx_word' id='word_1_183' title='bbox 383 1750 536 1812; x_wconf 79' lang='lat' dir='ltr'>(serviisse)</span> <span class='ocrx_word' id='word_1_184' title='bbox 554 1757 582 1800; x_wconf 91' lang='lat' dir='ltr'>et</span> <span class='ocrx_word' id='word_1_185' title='bbox 598 1749 671 1816; x_wconf 85' lang='lat' dir='ltr'>quod</span> <span class='ocrx_word' id='word_1_186' title='bbox 686 1748 853 1801; x_wconf 90' lang='lat' dir='ltr'>imbelliores</span> <span class='ocrx_word' id='word_1_187' title='bbox 875 1746 1004 1812; x_wconf 82' lang='lat' dir='ltr'>luerint,</span> <span class='ocrx_word' id='word_1_188' title='bbox 1027 1745 1128 1796; x_wconf 87' lang='lat' dir='ltr'>Abella·</span> 
     </span>
     <span class='ocr_line' id='line_1_22' title="bbox 97 1806 1128 1878; baseline 0.001 -20"><span class='ocrx_word' id='word_1_189' title='bbox 97 1822 150 1859; x_wconf 76' lang='lat' dir='ltr'>iser</span> <span class='ocrx_word' id='word_1_190' title='bbox 168 1806 275 1878; x_wconf 68' lang='lat' dir='ltr'>dictos]</span> <span class='ocrx_word' id='word_1_191' title='bbox 292 1840 326 1850; x_wconf 89' lang='lat'>-</span> <span class='ocrx_word' id='word_1_192' title='bbox 359 1819 422 1873; x_wconf 80' lang='lat'><strong>741.</strong></span> <span class='ocrx_word' id='word_1_193' title='bbox 441 1815 567 1877; x_wconf 59' lang='lat' dir='ltr'>cateiam</span> <span class='ocrx_word' id='word_1_194' title='bbox 584 1817 638 1868; x_wconf 85' lang='lat' dir='ltr'>tela</span> <span class='ocrx_word' id='word_1_195' title='bbox 655 1817 768 1871; x_wconf 86' lang='lat' dir='ltr'>Gallica.</span> <span class='ocrx_word' id='word_1_196' title='bbox 801 1815 881 1867; x_wconf 87' lang='lat' dir='ltr'>Unde</span> <span class='ocrx_word' id='word_1_197' title='bbox 900 1823 929 1868; x_wconf 88' lang='lat' dir='ltr'>et</span> <span class='ocrx_word' id='word_1_198' title='bbox 948 1814 1128 1867; x_wconf 77' lang='lat' dir='ltr'>Teutonicum</span> 
     </span>
     <span class='ocr_line' id='line_1_23' title="bbox 98 1878 1128 2000; baseline 0.003 -71"><span class='ocrx_word' id='word_1_199' title='bbox 98 1888 184 1929; x_wconf 77' lang='grc' dir='ltr'>ιιιιιιιι</span> <span class='ocrx_word' id='word_1_200' title='bbox 197 1878 272 1931; x_wconf 68' lang='lat' dir='ltr'>elisit</span> <span class='ocrx_word' id='word_1_201' title='bbox 308 1882 444 1951; x_wconf 78' lang='lat' dir='ltr'>[Caietam</span> <span class='ocrx_word' id='word_1_202' title='bbox 463 1886 575 1953; x_wconf 86' lang='lat' dir='ltr'>quidam</span> <span class='ocrx_word' id='word_1_203' title='bbox 592 1894 716 1938; x_wconf 85' lang='lat' dir='ltr'>asserunt</span> <span class='ocrx_word' id='word_1_204' title='bbox 731 1885 778 1938; x_wconf 91' lang='lat' dir='ltr'>teli</span> <span class='ocrx_word' id='word_1_205' title='bbox 795 1898 883 1952; x_wconf 85' lang='lat' dir='ltr'>genus</span> <span class='ocrx_word' id='word_1_206' title='bbox 895 1900 958 1936; x_wconf 88' lang='lat' dir='ltr'>esse</span> <span class='ocrx_word' id='word_1_207' title='bbox 975 1883 1042 1948; x_wconf 87' lang='lat' dir='ltr'>tale,</span> <span class='ocrx_word' id='word_1_208' title='bbox 1057 1880 1128 2000; x_wconf 73' lang='lat' dir='ltr'>‹prale</span> 
     </span>
     <span class='ocr_line' id='line_1_24' title="bbox 97 1944 1128 2023; baseline 0.001 -24"><span class='ocrx_word' id='word_1_209' title='bbox 97 1944 205 1999; x_wconf 57' lang='lat' dir='ltr'>«stitis</span> <span class='ocrx_word' id='word_1_210' title='bbox 228 1957 304 2015; x_wconf 88' lang='lat' dir='ltr'>sunt,</span> <span class='ocrx_word' id='word_1_211' title='bbox 329 1969 362 2003; x_wconf 81' lang='lat' dir='ltr'>ex</span> <span class='ocrx_word' id='word_1_212' title='bbox 385 1954 504 2006; x_wconf 82' lang='lat' dir='ltr'>materia</span> <span class='ocrx_word' id='word_1_213' title='bbox 527 1972 610 2023; x_wconf 83' lang='lat' dir='ltr'>qrram</span> <span class='ocrx_word' id='word_1_214' title='bbox 634 1956 755 2007; x_wconf 89' lang='lat' dir='ltr'>maxime</span> <span class='ocrx_word' id='word_1_215' title='bbox 775 1952 868 2017; x_wconf 88' lang='lat' dir='ltr'>lenta,</span> <span class='ocrx_word' id='word_1_216' title='bbox 993 1954 1007 1985; x_wconf 81' lang='lat'>*</span> <span class='ocrx_word' id='word_1_217' title='bbox 1029 1967 1064 2002; x_wconf 91' lang='lat' dir='ltr'>cu</span> <span class='ocrx_word' id='word_1_218' title='bbox 1083 1949 1128 2000; x_wconf 86' lang='lat' dir='ltr'>itus</span> 
     </span>
     <span class='ocr_line' id='line_1_25' title="bbox 96 2012 1126 2093; baseline -0.001 -24"><span class='ocrx_word' id='word_1_219' title='bbox 96 2012 285 2083; x_wconf 62' lang='lat' dir='ltr'>lungitudine,</span> <span class='ocrx_word' id='word_1_220' title='bbox 307 2027 365 2072; x_wconf 86' lang='lat' dir='ltr'>tota</span> <span class='ocrx_word' id='word_1_221' title='bbox 380 2024 441 2074; x_wconf 83' lang='lat' dir='ltr'>lere</span> <span class='ocrx_word' id='word_1_222' title='bbox 457 2023 538 2074; x_wconf 85' lang='lat' dir='ltr'>clavis</span> <span class='ocrx_word' id='word_1_223' title='bbox 554 2024 651 2075; x_wconf 81' lang='lat' dir='ltr'>ferreis</span> <span class='ocrx_word' id='word_1_224' title='bbox 673 2024 793 2093; x_wconf 83' lang='lat' dir='ltr'>illigata,</span> <span class='ocrx_word' id='word_1_225' title='bbox 816 2036 902 2089; x_wconf 84' lang='lat' dir='ltr'>quam</span> <span class='ocrx_word' id='word_1_226' title='bbox 918 2020 953 2071; x_wconf 85' lang='lat' dir='ltr'>in</span> <span class='ocrx_word' id='word_1_227' title='bbox 970 2019 1081 2072; x_wconf 88' lang='lat' dir='ltr'>hostem</span> <span class='ocrx_word' id='word_1_228' title='bbox 1095 2018 1126 2068; x_wconf 85' lang='lat' dir='ltr'>ia·</span> 
     </span>
     <span class='ocr_line' id='line_1_26' title="bbox 95 2082 1128 2159; baseline -0.001 -22"><span class='ocrx_word' id='word_1_229' title='bbox 95 2082 222 2137; x_wconf 66' lang='lat' dir='ltr'>sitientes</span> <span class='ocrx_word' id='word_1_230' title='bbox 251 2087 331 2139; x_wconf 89' lang='lat' dir='ltr'>lineis</span> <span class='ocrx_word' id='word_1_231' title='bbox 355 2091 453 2158; x_wconf 84' lang='lat' dir='ltr'>quibus</span> <span class='ocrx_word' id='word_1_232' title='bbox 486 2108 548 2143; x_wconf 88' lang='lat' dir='ltr'>eam</span> <span class='ocrx_word' id='word_1_233' title='bbox 572 2092 757 2143; x_wconf 83' lang='lat' dir='ltr'>adnexuerant</span> <span class='ocrx_word' id='word_1_234' title='bbox 784 2090 964 2159; x_wconf 79' lang='lat' dir='ltr'>reciprocam</span> <span class='ocrx_word' id='word_1_235' title='bbox 989 2087 1128 2141; x_wconf 85' lang='lat' dir='ltr'>iaciebant.</span> 
     </span>
     <span class='ocr_line' id='line_1_27' title="bbox 98 2152 1171 2226; baseline 0 -22"><span class='ocrx_word' id='word_1_236' title='bbox 98 2152 211 2204; x_wconf 46' lang='lat' dir='ltr'>thiriae</span> <span class='ocrx_word' id='word_1_237' title='bbox 237 2164 344 2221; x_wconf 78' lang='lat' dir='ltr'>utitem,</span> <span class='ocrx_word' id='word_1_238' title='bbox 368 2158 460 2224; x_wconf 78' lang='lat' dir='ltr'>lingua</span> <span class='ocrx_word' id='word_1_239' title='bbox 486 2160 629 2212; x_wconf 86' lang='lat' dir='ltr'>Theolisca</span> <span class='ocrx_word' id='word_1_240' title='bbox 654 2160 696 2226; x_wconf 91' lang='lat' dir='ltr'>(al.</span> <span class='ocrx_word' id='word_1_241' title='bbox 715 2160 844 2221; x_wconf 82' lang='lat' dir='ltr'>Thusca,</span> <span class='ocrx_word' id='word_1_242' title='bbox 868 2157 1039 2221; x_wconf 61' lang='lat' dir='ltr'>Theotieca,</span> <span class='ocrx_word' id='word_1_243' title='bbox 1063 2155 1125 2205; x_wconf 88' lang='lat' dir='ltr'>Teu·</span> <span class='ocrx_word' id='word_1_244' title='bbox 1164 2200 1171 2219; x_wconf 82' lang='grc'>,</span> 
     </span>
     <span class='ocr_line' id='line_1_28' title="bbox 98 2222 1125 2295; baseline 0.006 -27"><span class='ocrx_word' id='word_1_245' title='bbox 98 2222 200 2279; x_wconf 67' lang='lat' dir='ltr'>elissa)</span> <span class='ocrx_word' id='word_1_246' title='bbox 218 2224 312 2276; x_wconf 78' lang='lat' dir='ltr'>hastae</span> <span class='ocrx_word' id='word_1_247' title='bbox 329 2226 474 2292; x_wconf 67' lang='lat' dir='ltr'>dicuntur}</span> <span class='ocrx_word' id='word_1_248' title='bbox 489 2257 523 2265; x_wconf 90' lang='lat'>—</span> <span class='ocrx_word' id='word_1_249' title='bbox 556 2234 619 2287; x_wconf 70' lang='lat'>742.</span> <span class='ocrx_word' id='word_1_250' title='bbox 636 2230 745 2295; x_wconf 79' lang='lat' dir='ltr'>Raptus</span> <span class='ocrx_word' id='word_1_251' title='bbox 764 2229 795 2277; x_wconf 88' lang='lat' dir='ltr'>de</span> <span class='ocrx_word' id='word_1_252' title='bbox 814 2228 912 2277; x_wconf 83' lang='lat' dir='ltr'>subere</span> <span class='ocrx_word' id='word_1_253' title='bbox 932 2239 1045 2288; x_wconf 77' lang='lat' dir='ltr'>cortex3</span> <span class='ocrx_word' id='word_1_254' title='bbox 1062 2226 1125 2276; x_wconf 87' lang='lat' dir='ltr'>bene</span> 
     </span>
     <span class='ocr_line' id='line_1_29' title="bbox 100 2295 1127 2366; baseline 0.005 -29"><span class='ocrx_word' id='word_1_255' title='bbox 100 2304 213 2355; x_wconf 70' lang='lat' dir='ltr'>ruptiis,</span> <span class='ocrx_word' id='word_1_256' title='bbox 236 2295 272 2361; x_wconf 86' lang='lat' dir='ltr'>[i.</span> <span class='ocrx_word' id='word_1_257' title='bbox 291 2313 313 2345; x_wconf 87' lang='lat' dir='ltr'>e.</span> <span class='ocrx_word' id='word_1_258' title='bbox 335 2297 437 2364; x_wconf 87' lang='lat' dir='ltr'>raptim</span> <span class='ocrx_word' id='word_1_259' title='bbox 461 2297 612 2362; x_wconf 56' lang='lat' dir='ltr'>sublatae]</span> <span class='ocrx_word' id='word_1_260' title='bbox 643 2300 707 2366; x_wconf 87' lang='lat' dir='ltr'>quia</span> <span class='ocrx_word' id='word_1_261' title='bbox 729 2312 826 2348; x_wconf 85' lang='lat' dir='ltr'>recens</span> <span class='ocrx_word' id='word_1_262' title='bbox 848 2296 960 2347; x_wconf 85' lang='lat' dir='ltr'>suberis</span> <span class='ocrx_word' id='word_1_263' title='bbox 986 2303 1080 2346; x_wconf 75' lang='lat' dir='ltr'>cortex</span> <span class='ocrx_word' id='word_1_264' title='bbox 1102 2295 1127 2343; x_wconf 89' lang='lat' dir='ltr'>in</span> 
     </span>
     <span class='ocr_line' id='line_1_30' title="bbox 118 2362 1171 2419; baseline -0.001 -10"><span class='ocrx_word' id='word_1_265' title='bbox 118 2362 222 2410; x_wconf 70' lang='lat' dir='ltr'>usuriis</span> <span class='ocrx_word' id='word_1_266' title='bbox 253 2365 373 2413; x_wconf 80' lang='lat' dir='ltr'>formam</span> <span class='ocrx_word' id='word_1_267' title='bbox 403 2372 459 2414; x_wconf 88' lang='lat' dir='ltr'>tota</span> <span class='ocrx_word' id='word_1_268' title='bbox 491 2366 612 2416; x_wconf 84' lang='lat' dir='ltr'>flectitur</span> <span class='ocrx_word' id='word_1_269' title='bbox 641 2368 781 2418; x_wconf 83' lang='lat' dir='ltr'>facilitate.</span> <span class='ocrx_word' id='word_1_270' title='bbox 811 2389 846 2400; x_wconf 82' lang='lat'><em>—</em></span> <span class='ocrx_word' id='word_1_271' title='bbox 893 2370 960 2419; x_wconf 76' lang='lat'><strong>744.</strong></span> <span class='ocrx_word' id='word_1_272' title='bbox 985 2364 1126 2414; x_wconf 88' lang='lat' dir='ltr'>Montosae</span> <span class='ocrx_word' id='word_1_273' title='bbox 1166 2380 1171 2389; x_wconf 91' lang='lat'><em>·</em></span> 
     </span>
     <span class='ocr_line' id='line_1_31' title="bbox 97 2378 1126 2500; baseline 0.009 -19"><span class='ocrx_word' id='word_1_274' title='bbox 97 2378 230 2493; x_wconf 69' lang='lat' dir='ltr'>bursae,-</span> <span class='ocrx_word' id='word_1_275' title='bbox 255 2432 347 2481; x_wconf 83' lang='lat' dir='ltr'>civitas</span> <span class='ocrx_word' id='word_1_276' title='bbox 370 2432 400 2482; x_wconf 84' lang='lat' dir='ltr'>in</span> <span class='ocrx_word' id='word_1_277' title='bbox 424 2434 564 2483; x_wconf 85' lang='lat' dir='ltr'>montibus</span> <span class='ocrx_word' id='word_1_278' title='bbox 587 2437 682 2500; x_wconf 83' lang='lat' dir='ltr'>posita.</span> <span class='ocrx_word' id='word_1_279' title='bbox 702 2459 735 2472; x_wconf 83' lang='grc'>-</span> <span class='ocrx_word' id='word_1_280' title='bbox 776 2436 837 2490; x_wconf 77' lang='grc'><strong>745·</strong></span> <span class='ocrx_word' id='word_1_281' title='bbox 864 2432 1016 2497; x_wconf 70' lang='lat' dir='ltr'>Insignem</span> <span class='ocrx_word' id='word_1_282' title='bbox 1034 2433 1126 2499; x_wconf 64' lang='lat' dir='ltr'>fama,</span> 
     </span>
     <span class='ocr_line' id='line_1_32' title="bbox 100 2498 1126 2570; baseline -0.002 -21"><span class='ocrx_word' id='word_1_283' title='bbox 100 2498 170 2549; x_wconf 79' lang='lat' dir='ltr'>bene</span> <span class='ocrx_word' id='word_1_284' title='bbox 188 2498 289 2565; x_wconf 80' lang='lat' dir='ltr'>sarna,</span> <span class='ocrx_word' id='word_1_285' title='bbox 312 2500 376 2567; x_wconf 86' lang='lat' dir='ltr'>quia</span> <span class='ocrx_word' id='word_1_286' title='bbox 400 2502 552 2552; x_wconf 87' lang='lat' dir='ltr'>occidetur:</span> <span class='ocrx_word' id='word_1_287' title='bbox 576 2512 606 2552; x_wconf 91' lang='lat' dir='ltr'>ut</span> <span class='ocrx_word' id='word_1_288' title='bbox 630 2510 694 2570; x_wconf 78' lang='lat'>(12,</span> <span class='ocrx_word' id='word_1_289' title='bbox 711 2502 799 2562; x_wconf 55' lang='lat' dir='ltr'><strong>460)ss</strong></span> <span class='ocrx_word' id='word_1_290' title='bbox 826 2499 1012 2567; x_wconf 80' lang='lat' dir='ltr'>Ufentemque</span> <span class='ocrx_word' id='word_1_291' title='bbox 1038 2499 1126 2566; x_wconf 70' lang='lat' dir='ltr'>Gyas5</span> 
     </span>
     <span class='ocr_line' id='line_1_33' title="bbox 100 2566 1126 2637; baseline -0.004 -20"><span class='ocrx_word' id='word_1_292' title='bbox 100 2566 177 2619; x_wconf 68' lang='lat' dir='ltr'>curiit</span> <span class='ocrx_word' id='word_1_293' title='bbox 205 2570 261 2633; x_wconf 88' lang='lat' dir='ltr'>ipse</span> <span class='ocrx_word' id='word_1_294' title='bbox 281 2567 451 2618; x_wconf 84' lang='lat' dir='ltr'>Tolumnius</span> <span class='ocrx_word' id='word_1_295' title='bbox 476 2588 577 2637; x_wconf 82' lang='lat' dir='ltr'>augur.</span> <span class='ocrx_word' id='word_1_296' title='bbox 595 2600 629 2608; x_wconf 93' lang='lat'><em>-</em></span> <span class='ocrx_word' id='word_1_297' title='bbox 670 2579 731 2629; x_wconf 80' lang='grc'><strong>746.</strong></span> <span class='ocrx_word' id='word_1_298' title='bbox 754 2570 883 2620; x_wconf 81' lang='lat' dir='ltr'>Horrida</span> <span class='ocrx_word' id='word_1_299' title='bbox 907 2573 1061 2635; x_wconf 81' lang='lat' dir='ltr'>praecipue</span> <span class='ocrx_word' id='word_1_300' title='bbox 1086 2567 1126 2616; x_wconf 87' lang='lat' dir='ltr'>cui</span> 
     </span>
     <span class='ocr_line' id='line_1_34' title="bbox 101 2637 1127 2705; baseline -0.001 -20"><span class='ocrx_word' id='word_1_301' title='bbox 101 2652 185 2705; x_wconf 50' lang='lat' dir='ltr'>geum·</span> <span class='ocrx_word' id='word_1_302' title='bbox 214 2637 385 2703; x_wconf 82' lang='lat' dir='ltr'>aequicolam</span> <span class='ocrx_word' id='word_1_303' title='bbox 415 2646 528 2703; x_wconf 84' lang='lat' dir='ltr'>gentem</span> <span class='ocrx_word' id='word_1_304' title='bbox 558 2640 637 2704; x_wconf 88' lang='lat' dir='ltr'>dicit,</span> <span class='ocrx_word' id='word_1_305' title='bbox 669 2648 696 2690; x_wconf 83' lang='lat' dir='ltr'>et</span> <span class='ocrx_word' id='word_1_306' title='bbox 717 2655 829 2690; x_wconf 89' lang='lat' dir='ltr'>morum</span> <span class='ocrx_word' id='word_1_307' title='bbox 852 2645 880 2688; x_wconf 88' lang='lat' dir='ltr'>et</span> <span class='ocrx_word' id='word_1_308' title='bbox 903 2639 979 2688; x_wconf 86' lang='lat' dir='ltr'>vitae</span> <span class='ocrx_word' id='word_1_309' title='bbox 1003 2637 1127 2704; x_wconf 80' lang='lat' dir='ltr'>qualitate</span> 
     </span>
     <span class='ocr_line' id='line_1_35' title="bbox 101 2704 1127 2776; baseline -0.004 -20"><span class='ocrx_word' id='word_1_310' title='bbox 101 2704 277 2773; x_wconf 79' lang='lat' dir='ltr'>praeduram.</span> <span class='ocrx_word' id='word_1_311' title='bbox 312 2705 381 2758; x_wconf 88' lang='lat' dir='ltr'>Sane</span> <span class='ocrx_word' id='word_1_312' title='bbox 400 2707 473 2757; x_wconf 86' lang='lat' dir='ltr'>aliud</span> <span class='ocrx_word' id='word_1_313' title='bbox 491 2709 593 2776; x_wconf 87' lang='lat' dir='ltr'>pendet</span> <span class='ocrx_word' id='word_1_314' title='bbox 608 2725 642 2760; x_wconf 84' lang='lat' dir='ltr'>ex</span> <span class='ocrx_word' id='word_1_315' title='bbox 660 2708 721 2760; x_wconf 87' lang='lat' dir='ltr'>alio.</span> <span class='ocrx_word' id='word_1_316' title='bbox 757 2708 821 2758; x_wconf 90' lang='lat' dir='ltr'>Ideo</span> <span class='ocrx_word' id='word_1_317' title='bbox 835 2714 916 2757; x_wconf 89' lang='lat' dir='ltr'>erant</span> <span class='ocrx_word' id='word_1_318' title='bbox 933 2705 1054 2770; x_wconf 85' lang='lat' dir='ltr'>horridi,</span> <span class='ocrx_word' id='word_1_319' title='bbox 1070 2704 1127 2772; x_wconf 86' lang='lat' dir='ltr'>quia</span> 
     </span>
     <span class='ocr_line' id='line_1_36' title="bbox 100 2773 1127 2844; baseline -0.004 -21"><span class='ocrx_word' id='word_1_320' title='bbox 100 2773 285 2825; x_wconf 75' lang='lat' dir='ltr'>variabantur:</span> <span class='ocrx_word' id='word_1_321' title='bbox 307 2773 369 2824; x_wconf 88' lang='lat' dir='ltr'>ideo</span> <span class='ocrx_word' id='word_1_322' title='bbox 392 2774 574 2840; x_wconf 87' lang='lat' dir='ltr'>venabantur,</span> <span class='ocrx_word' id='word_1_323' title='bbox 598 2777 662 2844; x_wconf 88' lang='lat' dir='ltr'>quia</span> <span class='ocrx_word' id='word_1_324' title='bbox 679 2776 821 2829; x_wconf 88' lang='lat' dir='ltr'>habebant</span> <span class='ocrx_word' id='word_1_325' title='bbox 837 2775 920 2824; x_wconf 87' lang='lat' dir='ltr'>duras</span> <span class='ocrx_word' id='word_1_326' title='bbox 939 2774 1050 2841; x_wconf 85' lang='lat' dir='ltr'>glebas,</span> <span class='ocrx_word' id='word_1_327' title='bbox 1073 2773 1090 2823; x_wconf 89' lang='lat' dir='ltr'>i.</span> <span class='ocrx_word' id='word_1_328' title='bbox 1106 2789 1127 2821; x_wconf 90' lang='lat' dir='ltr'>e.</span> 
     </span>
     <span class='ocr_line' id='line_1_37' title="bbox 100 2838 1127 2910; baseline 0 -15"><span class='ocrx_word' id='word_1_329' title='bbox 100 2842 241 2895; x_wconf 81' lang='lat' dir='ltr'>infertiles.</span> <span class='ocrx_word' id='word_1_330' title='bbox 275 2842 347 2891; x_wconf 91' lang='lat' dir='ltr'>Nam</span> <span class='ocrx_word' id='word_1_331' title='bbox 369 2844 478 2906; x_wconf 89' lang='lat' dir='ltr'>molles,</span> <span class='ocrx_word' id='word_1_332' title='bbox 499 2846 604 2896; x_wconf 86' lang='lat' dir='ltr'>feraces</span> <span class='ocrx_word' id='word_1_333' title='bbox 627 2853 702 2896; x_wconf 85' lang='lat' dir='ltr'>sunt:</span> <span class='ocrx_word' id='word_1_334' title='bbox 724 2853 754 2894; x_wconf 91' lang='lat' dir='ltr'>ut</span> <span class='ocrx_word' id='word_1_335' title='bbox 775 2844 806 2895; x_wconf 89' lang='lat' dir='ltr'>in</span> <span class='ocrx_word' id='word_1_336' title='bbox 823 2843 971 2910; x_wconf 82' lang='lat' dir='ltr'>Georgicis</span> <span class='ocrx_word' id='word_1_337' title='bbox 997 2848 1046 2909; x_wconf 81' lang='lat'>(2,</span> <span class='ocrx_word' id='word_1_338' title='bbox 1064 2838 1127 2898; x_wconf 66' lang='lat'>204)</span> 
     </span>
     <span class='ocr_line' id='line_1_38' title="bbox 100 2910 1128 2976; baseline -0.005 -15"><span class='ocrx_word' id='word_1_339' title='bbox 100 2912 193 2965; x_wconf 86' lang='lat' dir='ltr'>docet:</span> <span class='ocrx_word' id='word_1_340' title='bbox 212 2910 246 2958; x_wconf 86' lang='lat' dir='ltr'>Et</span> <span class='ocrx_word' id='word_1_341' title='bbox 263 2913 310 2959; x_wconf 90' lang='lat' dir='ltr'>cui</span> <span class='ocrx_word' id='word_1_342' title='bbox 327 2923 406 2976; x_wconf 84' lang='lat' dir='ltr'>putre</span> <span class='ocrx_word' id='word_1_343' title='bbox 425 2914 531 2975; x_wconf 75' lang='lat' dir='ltr'>mlum,-</span> <span class='ocrx_word' id='word_1_344' title='bbox 556 2930 674 2976; x_wconf 82' lang='lat' dir='ltr'>namque</span> <span class='ocrx_word' id='word_1_345' title='bbox 692 2914 743 2964; x_wconf 85' lang='lat' dir='ltr'>boc</span> <span class='ocrx_word' id='word_1_346' title='bbox 762 2915 909 2963; x_wconf 88' lang='lat' dir='ltr'>imitamur</span> <span class='ocrx_word' id='word_1_347' title='bbox 929 2913 977 2976; x_wconf 86' lang='lat' dir='ltr'>(al.</span> <span class='ocrx_word' id='word_1_348' title='bbox 998 2913 1128 2971; x_wconf 86' lang='lat' dir='ltr'>imitatur,</span> 
     </span>
     <span class='ocr_line' id='line_1_39' title="bbox 103 2978 1126 3048; baseline -0.004 -17"><span class='ocrx_word' id='word_1_349' title='bbox 103 2980 263 3036; x_wconf 80' lang='lat' dir='ltr'>imitantur)</span> <span class='ocrx_word' id='word_1_350' title='bbox 283 2981 399 3029; x_wconf 81' lang='lat' dir='ltr'>arando.</span> <span class='ocrx_word' id='word_1_351' title='bbox 418 3008 451 3016; x_wconf 93' lang='lat'><strong>—</strong></span> <span class='ocrx_word' id='word_1_352' title='bbox 486 2990 546 3038; x_wconf 78' lang='lat'><strong>750.</strong></span> <span class='ocrx_word' id='word_1_353' title='bbox 564 2982 643 3046; x_wconf 81' lang='lat' dir='ltr'>Quin</span> <span class='ocrx_word' id='word_1_354' title='bbox 662 2995 686 3031; x_wconf 88' lang='lat' dir='ltr'>et</span> <span class='ocrx_word' id='word_1_355' title='bbox 704 2991 768 3042; x_wconf 75' lang='lat' dir='ltr'>etc,</span> <span class='ocrx_word' id='word_1_356' title='bbox 785 2978 909 3048; x_wconf 88' lang='lat' dir='ltr'>[scilicet]</span> <span class='ocrx_word' id='word_1_357' title='bbox 926 2980 1034 3032; x_wconf 83' lang='lat' dir='ltr'>Medea</span> <span class='ocrx_word' id='word_1_358' title='bbox 1049 2995 1126 3047; x_wconf 80' lang='lat' dir='ltr'>qrun·</span> 
     </span>
     <span class='ocr_line' id='line_1_40' title="bbox 100 3047 1127 3118; baseline -0.003 -19"><span class='ocrx_word' id='word_1_359' title='bbox 100 3051 136 3104; x_wconf 89' lang='lat' dir='ltr'>do</span> <span class='ocrx_word' id='word_1_360' title='bbox 153 3048 255 3100; x_wconf 73' lang='lat' dir='ltr'>relictis</span> <span class='ocrx_word' id='word_1_361' title='bbox 274 3047 380 3098; x_wconf 89' lang='lat' dir='ltr'>Colchis</span> <span class='ocrx_word' id='word_1_362' title='bbox 397 3049 523 3099; x_wconf 88' lang='lat' dir='ltr'>Iasonem</span> <span class='ocrx_word' id='word_1_363' title='bbox 540 3059 632 3101; x_wconf 88' lang='lat' dir='ltr'>secuta</span> <span class='ocrx_word' id='word_1_364' title='bbox 656 3058 712 3112; x_wconf 92' lang='lat' dir='ltr'>est,</span> <span class='ocrx_word' id='word_1_365' title='bbox 735 3050 835 3101; x_wconf 90' lang='lat' dir='ltr'>dicitur</span> <span class='ocrx_word' id='word_1_366' title='bbox 852 3049 887 3100; x_wconf 88' lang='lat' dir='ltr'>ad</span> <span class='ocrx_word' id='word_1_367' title='bbox 904 3049 1019 3100; x_wconf 87' lang='lat' dir='ltr'>Italiam</span> <span class='ocrx_word' id='word_1_368' title='bbox 1043 3063 1127 3118; x_wconf 87' lang='lat' dir='ltr'>perve-</span> 
     </span>
     <span class='ocr_line' id='line_1_41' title="bbox 101 3115 1127 3184; baseline -0.005 -15"><span class='ocrx_word' id='word_1_369' title='bbox 101 3120 187 3179; x_wconf 79' lang='lat' dir='ltr'>nisse3</span> <span class='ocrx_word' id='word_1_370' title='bbox 205 3125 232 3167; x_wconf 87' lang='lat' dir='ltr'>et</span> <span class='ocrx_word' id='word_1_371' title='bbox 251 3117 362 3184; x_wconf 83' lang='lat' dir='ltr'>populos</span> <span class='ocrx_word' id='word_1_372' title='bbox 380 3117 521 3183; x_wconf 85' lang='lat' dir='ltr'>quosdam,</span> <span class='ocrx_word' id='word_1_373' title='bbox 538 3120 612 3169; x_wconf 87' lang='lat' dir='ltr'>circa</span> <span class='ocrx_word' id='word_1_374' title='bbox 629 3120 764 3169; x_wconf 83' lang='lat' dir='ltr'>Fucinum</span> <span class='ocrx_word' id='word_1_375' title='bbox 781 3119 925 3184; x_wconf 87' lang='lat' dir='ltr'>ingentem</span> <span class='ocrx_word' id='word_1_376' title='bbox 944 3118 1040 3168; x_wconf 88' lang='lat' dir='ltr'>lacum</span> <span class='ocrx_word' id='word_1_377' title='bbox 1058 3115 1127 3167; x_wconf 87' lang='lat' dir='ltr'>habi·</span> 
     </span>
     <span class='ocr_line' id='line_1_42' title="bbox 100 3180 1128 3253; baseline -0.01 -12"><span class='ocrx_word' id='word_1_378' title='bbox 100 3197 205 3251; x_wconf 78' lang='lat' dir='ltr'>tantas,</span> <span class='ocrx_word' id='word_1_379' title='bbox 227 3185 274 3253; x_wconf 87' lang='lat' dir='ltr'>qui</span> <span class='ocrx_word' id='word_1_380' title='bbox 292 3186 437 3236; x_wconf 83' lang='lat' dir='ltr'>Marrubii</span> <span class='ocrx_word' id='word_1_381' title='bbox 461 3187 684 3252; x_wconf 82' lang='lat' dir='ltr'>appellabantur,</span> <span class='ocrx_word' id='word_1_382' title='bbox 708 3187 784 3253; x_wconf 87' lang='lat' dir='ltr'>quasi</span> <span class='ocrx_word' id='word_1_383' title='bbox 809 3180 886 3236; x_wconf 85' lang='lat' dir='ltr'>circ&#39;a</span> <span class='ocrx_word' id='word_1_384' title='bbox 906 3203 986 3238; x_wconf 89' lang='lat' dir='ltr'>mare</span> <span class='ocrx_word' id='word_1_385' title='bbox 1004 3186 1128 3235; x_wconf 86' lang='lat' dir='ltr'>babitan-</span> 
     </span>
     <span class='ocr_line' id='line_1_43' title="bbox 101 3254 1130 3326; baseline -0.005 -20"><span class='ocrx_word' id='word_1_386' title='bbox 101 3272 156 3319; x_wconf 58' lang='grc' dir='ltr'>ειη</span> <span class='ocrx_word' id='word_1_387' title='bbox 180 3263 294 3326; x_wconf 88' lang='lat' dir='ltr'>propter</span> <span class='ocrx_word' id='word_1_388' title='bbox 317 3254 420 3324; x_wconf 80' lang='lat' dir='ltr'>paludis</span> <span class='ocrx_word' id='word_1_389' title='bbox 444 3255 678 3318; x_wconf 75' lang='lat' dir='ltr'>magnitudinem,</span> <span class='ocrx_word' id='word_1_390' title='bbox 701 3256 795 3307; x_wconf 89' lang='lat' dir='ltr'>docuit</span> <span class='ocrx_word' id='word_1_391' title='bbox 816 3254 942 3306; x_wconf 84' lang='lat' dir='ltr'>remedia</span> <span class='ocrx_word' id='word_1_392' title='bbox 966 3263 1066 3306; x_wconf 89' lang='lat' dir='ltr'>contra</span> <span class='ocrx_word' id='word_1_393' title='bbox 1082 3269 1130 3303; x_wconf 89' lang='lat' dir='ltr'>ser·</span> 
     </span>
     <span class='ocr_line' id='line_1_44' title="bbox 100 3323 1129 3401; baseline -0.007 -22"><span class='ocrx_word' id='word_1_394' title='bbox 100 3335 205 3401; x_wconf 89' lang='lat' dir='ltr'>pentes.</span> <span class='ocrx_word' id='word_1_395' title='bbox 241 3323 404 3391; x_wconf 87' lang='lat' dir='ltr'>Quanquam</span> <span class='ocrx_word' id='word_1_396' title='bbox 422 3324 469 3374; x_wconf 88' lang='lat' dir='ltr'>alii</span> <span class='ocrx_word' id='word_1_397' title='bbox 486 3323 651 3374; x_wconf 83' lang='lat' dir='ltr'>Marrubios</span> <span class='ocrx_word' id='word_1_398' title='bbox 669 3340 685 3372; x_wconf 87' lang='lat' dir='ltr'>a</span> <span class='ocrx_word' id='word_1_399' title='bbox 701 3341 767 3392; x_wconf 83' lang='lat' dir='ltr'>rege</span> <span class='ocrx_word' id='word_1_400' title='bbox 784 3325 869 3374; x_wconf 89' lang='lat' dir='ltr'>dictos</span> <span class='ocrx_word' id='word_1_401' title='bbox 886 3324 983 3376; x_wconf 85' lang='lat' dir='ltr'>velint.</span> <span class='ocrx_word' id='word_1_402' title='bbox 1016 3325 1052 3374; x_wconf 89' lang='lat' dir='ltr'>Hi</span> <span class='ocrx_word' id='word_1_403' title='bbox 1071 3335 1129 3388; x_wconf 84' lang='lat' dir='ltr'>ergo</span> 
     </span>
     <span class='ocr_line' id='line_1_45' title="bbox 102 3390 1127 3469; baseline -0.006 -24"><span class='ocrx_word' id='word_1_404' title='bbox 102 3395 197 3469; x_wconf 89' lang='lat' dir='ltr'>populi</span> <span class='ocrx_word' id='word_1_405' title='bbox 211 3393 342 3444; x_wconf 85' lang='lat' dir='ltr'>Medeam</span> <span class='ocrx_word' id='word_1_406' title='bbox 359 3392 503 3459; x_wconf 78' lang='lat' dir='ltr'>Angitiam</span> <span class='ocrx_word' id='word_1_407' title='bbox 520 3394 732 3444; x_wconf 87' lang='lat' dir='ltr'>nominaverunt</span> <span class='ocrx_word' id='word_1_408' title='bbox 755 3392 791 3444; x_wconf 89' lang='lat' dir='ltr'>ab</span> <span class='ocrx_word' id='word_1_409' title='bbox 809 3408 842 3442; x_wconf 91' lang='lat' dir='ltr'>eo</span> <span class='ocrx_word' id='word_1_410' title='bbox 860 3392 935 3459; x_wconf 86' lang='lat' dir='ltr'>quod</span> <span class='ocrx_word' id='word_1_411' title='bbox 961 3393 1021 3444; x_wconf 89' lang='lat' dir='ltr'>eius</span> <span class='ocrx_word' id='word_1_412' title='bbox 1037 3390 1127 3445; x_wconf 87' lang='lat' dir='ltr'>carmi·</span> 
     </span>
     <span class='ocr_line' id='line_1_46' title="bbox 102 3458 1129 3530; baseline -0.008 -13"><span class='ocrx_word' id='word_1_413' title='bbox 102 3465 183 3517; x_wconf 82' lang='lat' dir='ltr'>uibus</span> <span class='ocrx_word' id='word_1_414' title='bbox 200 3469 340 3530; x_wconf 84' lang='lat' dir='ltr'>serpentes</span> <span class='ocrx_word' id='word_1_415' title='bbox 359 3473 499 3527; x_wconf 82' lang='lat' dir='ltr'>angerent.</span> <span class='ocrx_word' id='word_1_416' title='bbox 540 3462 581 3512; x_wconf 89' lang='lat' dir='ltr'>Ab</span> <span class='ocrx_word' id='word_1_417' title='bbox 603 3461 645 3512; x_wconf 87' lang='lat' dir='ltr'>his</span> <span class='ocrx_word' id='word_1_418' title='bbox 662 3477 735 3510; x_wconf 88' lang='lat' dir='ltr'>nunc</span> <span class='ocrx_word' id='word_1_419' title='bbox 752 3461 926 3511; x_wconf 83' lang='lat' dir='ltr'>Umbronem</span> <span class='ocrx_word' id='word_1_420' title='bbox 944 3463 1054 3513; x_wconf 87' lang='lat' dir='ltr'>venisse</span> <span class='ocrx_word' id='word_1_421' title='bbox 1071 3458 1129 3512; x_wconf 84' lang='lat' dir='ltr'>dicit</span> 
     </span>
     <span class='ocr_line' id='line_1_47' title="bbox 103 3528 1128 3600; baseline -0.004 -16"><span class='ocrx_word' id='word_1_422' title='bbox 103 3550 158 3587; x_wconf 89' lang='lat' dir='ltr'>non</span> <span class='ocrx_word' id='word_1_423' title='bbox 184 3545 296 3596; x_wconf 77' lang='lat' dir='ltr'>regem,</span> <span class='ocrx_word' id='word_1_424' title='bbox 321 3531 368 3580; x_wconf 87' lang='lat' dir='ltr'>sed</span> <span class='ocrx_word' id='word_1_425' title='bbox 392 3532 501 3580; x_wconf 87' lang='lat' dir='ltr'>ducem.</span> <span class='ocrx_word' id='word_1_426' title='bbox 535 3528 603 3579; x_wconf 86' lang='lat' dir='ltr'>Sunt</span> <span class='ocrx_word' id='word_1_427' title='bbox 625 3538 718 3580; x_wconf 83' lang='lat' dir='ltr'>autem</span> <span class='ocrx_word' id='word_1_428' title='bbox 741 3529 784 3580; x_wconf 88' lang='lat' dir='ltr'>isti</span> <span class='ocrx_word' id='word_1_429' title='bbox 801 3530 964 3580; x_wconf 82' lang='lat' dir='ltr'>Marsorum</span> <span class='ocrx_word' id='word_1_430' title='bbox 982 3530 1085 3600; x_wconf 77' lang='lat' dir='ltr'>populi</span> <span class='ocrx_word' id='word_1_431' title='bbox 1100 3552 1128 3563; x_wconf 92' lang='lat'>-</span> 
     </span>
     <span class='ocr_line' id='line_1_48' title="bbox 103 3597 1127 3667; baseline -0.011 -6"><span class='ocrx_word' id='word_1_432' title='bbox 103 3607 165 3661; x_wconf 74' lang='lat'>751.</span> <span class='ocrx_word' id='word_1_433' title='bbox 182 3597 291 3650; x_wconf 84' lang='lat' dir='ltr'>Fronde</span> <span class='ocrx_word' id='word_1_434' title='bbox 309 3606 374 3658; x_wconf 75' lang='lat' dir='ltr'>etc,</span> <span class='ocrx_word' id='word_1_435' title='bbox 397 3597 540 3648; x_wconf 87' lang='lat' dir='ltr'>frondibus</span> <span class='ocrx_word' id='word_1_436' title='bbox 558 3605 683 3667; x_wconf 88' lang='lat' dir='ltr'>comptus</span> <span class='ocrx_word' id='word_1_437' title='bbox 699 3599 785 3650; x_wconf 85' lang='lat' dir='ltr'>festae</span> <span class='ocrx_word' id='word_1_438' title='bbox 803 3598 847 3662; x_wconf 89' lang='lat' dir='ltr'>(al.</span> <span class='ocrx_word' id='word_1_439' title='bbox 866 3600 969 3662; x_wconf 88' lang='lat' dir='ltr'>sertae)</span> <span class='ocrx_word' id='word_1_440' title='bbox 989 3599 1081 3650; x_wconf 81' lang='lat' dir='ltr'>olivae.</span> <span class='ocrx_word' id='word_1_441' title='bbox 1099 3622 1127 3632; x_wconf 91' lang='lat'>-</span> 
     </span>
     <span class='ocr_line' id='line_1_49' title="bbox 103 3665 1127 3735; baseline -0.002 -21"><span class='ocrx_word' id='word_1_442' title='bbox 103 3676 166 3729; x_wconf 71' lang='lat'>753.</span> <span class='ocrx_word' id='word_1_443' title='bbox 188 3666 300 3733; x_wconf 85' lang='lat' dir='ltr'>Vipereo</span> <span class='ocrx_word' id='word_1_444' title='bbox 319 3669 415 3732; x_wconf 74' lang='lat' dir='ltr'>generi</span> <span class='ocrx_word' id='word_1_445' title='bbox 421 3690 430 3729; x_wconf 89' lang='lat'>,·</span> <span class='ocrx_word' id='word_1_446' title='bbox 454 3665 571 3716; x_wconf 84' lang='lat' dir='ltr'>terrenis</span> <span class='ocrx_word' id='word_1_447' title='bbox 589 3665 768 3735; x_wconf 85' lang='lat' dir='ltr'>serpentibus.</span> <span class='ocrx_word' id='word_1_448' title='bbox 805 3665 937 3717; x_wconf 84' lang='lat' dir='ltr'>Graviter</span> <span class='ocrx_word' id='word_1_449' title='bbox 958 3667 1127 3734; x_wconf 84' lang='lat' dir='ltr'>spirantibus</span> 
     </span>
     <span class='ocr_line' id='line_1_50' title="bbox 104 3732 1126 3810; baseline -0.004 -24"><span class='ocrx_word' id='word_1_450' title='bbox 104 3737 218 3810; x_wconf 75' lang='lat' dir='ltr'>hydris3</span> <span class='ocrx_word' id='word_1_451' title='bbox 243 3752 329 3801; x_wconf 86' lang='lat' dir='ltr'>aquae</span> <span class='ocrx_word' id='word_1_452' title='bbox 355 3733 541 3800; x_wconf 87' lang='lat' dir='ltr'>serpentibus;</span> <span class='ocrx_word' id='word_1_453' title='bbox 566 3732 696 3787; x_wconf 74' lang='lat' dir='ltr'>Graviter</span> <span class='ocrx_word' id='word_1_454' title='bbox 720 3733 835 3802; x_wconf 87' lang='lat' dir='ltr'>[autem]</span> <span class='ocrx_word' id='word_1_455' title='bbox 859 3738 1059 3801; x_wconf 87' lang='lat' dir='ltr'>spirantibus,</span> <span class='ocrx_word' id='word_1_456' title='bbox 1079 3734 1126 3784; x_wconf 87' lang='lat' dir='ltr'>solo</span> 
     </span>
     <span class='ocr_line' id='line_1_51' title="bbox 104 3802 1125 3869; baseline -0.007 -8"><span class='ocrx_word' id='word_1_457' title='bbox 104 3802 265 3861; x_wconf 66' lang='lat' dir='ltr'>uincentibus</span> <span class='ocrx_word' id='word_1_458' title='bbox 288 3803 366 3853; x_wconf 86' lang='lat' dir='ltr'>flatu.</span> <span class='ocrx_word' id='word_1_459' title='bbox 406 3804 534 3853; x_wconf 86' lang='lat' dir='ltr'>Lucanus</span> <span class='ocrx_word' id='word_1_460' title='bbox 558 3807 607 3869; x_wconf 86' lang='lat'>(9,</span> <span class='ocrx_word' id='word_1_461' title='bbox 630 3803 713 3864; x_wconf 81' lang='lat'>725.):</span> <span class='ocrx_word' id='word_1_462' title='bbox 737 3803 804 3852; x_wconf 85' lang='lat' dir='ltr'>Ante</span> <span class='ocrx_word' id='word_1_463' title='bbox 829 3821 936 3854; x_wconf 87' lang='lat' dir='ltr'>venena</span> <span class='ocrx_word' id='word_1_464' title='bbox 965 3817 1064 3856; x_wconf 87' lang='lat' dir='ltr'>nocent</span> <span class='ocrx_word' id='word_1_465' title='bbox 1086 3802 1125 3867; x_wconf 82' lang='lat' dir='ltr'>(V.</span> 
     </span>
     <span class='ocr_line' id='line_1_52' title="bbox 104 3867 1126 3940; baseline 0.001 -15"><span class='ocrx_word' id='word_1_466' title='bbox 104 3872 196 3931; x_wconf 76' lang='lat' dir='ltr'>(irrcll.</span> <span class='ocrx_word' id='word_1_467' title='bbox 208 3872 228 3920; x_wconf 92' lang='lat' dir='ltr'>l.</span> <span class='ocrx_word' id='word_1_468' title='bbox 247 3871 367 3929; x_wconf 82' lang='lat' dir='ltr'>nocens).</span> <span class='ocrx_word' id='word_1_469' title='bbox 404 3872 553 3939; x_wconf 81' lang='lat' dir='ltr'>Spargere;</span> <span class='ocrx_word' id='word_1_470' title='bbox 570 3870 715 3937; x_wconf 82' lang='lat' dir='ltr'>conficere,</span> <span class='ocrx_word' id='word_1_471' title='bbox 731 3879 761 3920; x_wconf 91' lang='lat' dir='ltr'>ut</span> <span class='ocrx_word' id='word_1_472' title='bbox 778 3872 887 3940; x_wconf 85' lang='lat' dir='ltr'>[Cicero</span> <span class='ocrx_word' id='word_1_473' title='bbox 907 3873 1001 3937; x_wconf 75' lang='lat' dir='ltr'>(Catil.</span> <span class='ocrx_word' id='word_1_474' title='bbox 1015 3882 1043 3936; x_wconf 86' lang='lat'>2,</span> <span class='ocrx_word' id='word_1_475' title='bbox 1058 3867 1126 3931; x_wconf 77' lang='lat'><strong>10·)]³</strong></span> 
     </span>
     <span class='ocr_line' id='line_1_53' title="bbox 106 3940 1127 4007; baseline -0.002 -17"><span class='ocrx_word' id='word_1_476' title='bbox 106 3942 141 3995; x_wconf 71' lang='lat' dir='ltr'>lh</span> <span class='ocrx_word' id='word_1_477' title='bbox 163 3957 293 4007; x_wconf 79' lang='lat' dir='ltr'>spargere</span> <span class='ocrx_word' id='word_1_478' title='bbox 319 3956 422 3988; x_wconf 79' lang='lat' dir='ltr'>venena</span> <span class='ocrx_word' id='word_1_479' title='bbox 449 3940 615 3988; x_wconf 84' lang='lat' dir='ltr'>didicerunt.</span> <span class='ocrx_word' id='word_1_480' title='bbox 633 3965 667 3976; x_wconf 92' lang='lat'>—</span> <span class='ocrx_word' id='word_1_481' title='bbox 700 3943 761 3996; x_wconf 78' lang='lat'>755.</span> <span class='ocrx_word' id='word_1_482' title='bbox 783 3940 847 3991; x_wconf 89' lang='lat' dir='ltr'>Arte</span> <span class='ocrx_word' id='word_1_483' title='bbox 873 3943 1000 4004; x_wconf 81' lang='lat' dir='ltr'>levabat3</span> <span class='ocrx_word' id='word_1_484' title='bbox 1027 3940 1127 3993; x_wconf 82' lang='lat' dir='ltr'>leviores</span> 
     </span>
     <span class='ocr_line' id='line_1_54' title="bbox 106 4004 1127 4078; baseline -0.003 -18"><span class='ocrx_word' id='word_1_485' title='bbox 106 4028 164 4067; x_wconf 76' lang='lat' dir='ltr'>aeae</span> <span class='ocrx_word' id='word_1_486' title='bbox 182 4007 315 4070; x_wconf 79' lang='lat' dir='ltr'>iaciebat,</span> <span class='ocrx_word' id='word_1_487' title='bbox 338 4015 369 4055; x_wconf 86' lang='lat' dir='ltr'>nt</span> <span class='ocrx_word' id='word_1_488' title='bbox 386 4012 429 4072; x_wconf 80' lang='lat' dir='ltr'>(l,</span> <span class='ocrx_word' id='word_1_489' title='bbox 447 4004 533 4068; x_wconf 81' lang='lat'>330.):</span> <span class='ocrx_word' id='word_1_490' title='bbox 556 4005 745 4075; x_wconf 82' lang='lat' dir='ltr'>Nostrumque</span> <span class='ocrx_word' id='word_1_491' title='bbox 769 4010 841 4061; x_wconf 84' lang='lat' dir='ltr'>lever</span> <span class='ocrx_word' id='word_1_492' title='bbox 859 4027 1045 4078; x_wconf 75' lang='lat' dir='ltr'>quaecunque</span> <span class='ocrx_word' id='word_1_493' title='bbox 1062 4009 1127 4061; x_wconf 86' lang='lat' dir='ltr'>labo·</span> 
     </span>
    </p>
   </div>
   <div class='ocr_carea' id='block_1_3' title="bbox 170 4282 253 4395">
    <p class='ocr_par' dir='ltr' id='par_1_4' title="bbox 170 4282 253 4395">
     <span class='ocr_line' id='line_1_55' title="bbox 170 4282 253 4395; baseline 0 0"><span class='ocrx_word' id='word_1_494' title='bbox 170 4282 253 4395; x_wconf 60' lang='lat' dir='ltr'><strong><em>f</em></strong></span> 
     </span>
    </p>
   </div>
   <div class='ocr_carea' id='block_1_4' title="bbox 0 0 1232 4500">
    <p class='ocr_par' dir='ltr' id='par_1_5' title="bbox 0 0 1232 4500">
     <span class='ocr_line' id='line_1_56' title="bbox 0 0 1232 4500; baseline 0 0"><span class='ocrx_word' id='word_1_495' title='bbox 0 0 1232 4500; x_wconf 95' lang='lat' dir='ltr'> </span> 
     </span>
    </p>
   </div>
  </div>
 </body>
</html>
