2454 4500
424 46 426 51 '
501 52 507 80 i

184 302 223 349 n«.
244 284 406 354 vinam
430 285 605 350 auvam.
628 286 709 350 uo.
734 287 795 371 vr,
810 293 1000 360 97-10s,
1044 295 1110 361 en
1173 302 1184 380 χ

55 473 205 542 pandetur
221 474 256 526 al
276 473 359 534 urlsr
376 481 493 543 propter
510 473 681 543 Euandrum,
736 474 751 526 l
764 490 830 527 eum
847 474 875 527 in
892 475 1029 528 Tusciam,
1039 476 1107 529 mia-
1160 491 1164 508 ¹

53 547 142 594 'eurus
161 542 196 595 ad
213 541 404 595 Tarchontem
423 552 471 594 est.
489 569 522 580 -
557 548 600 602 98.
618 543 661 593 Er
679 563 696 593 a
718 546 773 605 ito;
791 544 884 596 locum
902 544 1107 598 vaticinatiurua

57 612 190 663 ostendit.
226 611 349 662 Cumaea
367 611 496 679 Sibyllar
518 611 666 679 [Cumaea]
690 612 762 667 hene
783 605 892 666 ”addidit
915 623 1029 684 propter
1052 613 1106 666 dis·

55 680 216 734 cretionem
233 679 435 749 [Erythraeae]
449 707 483 731 -,-
518 684 561 738 99.
579 684 720 749 Antraque
740 685 861 750 remugit
866 707 876 748 ,·
894 682 960 752 quia
977 684 1105 736 in‘antra

58 747 141 818 [est],
165 759 196 799 ut
219 751 375 817 (5‚150.):
400 748 510 802 Pulsati
534 752 618 801 colles
644 752 766 804 clamore
795 752 939 804 resultant.
966 777 998 790 -
1041 757 1103 810 100.

60 817 205 872 Obscuris
223 837 289 870 vcro
308 819 472 884 involvens,
501 835 565 870 vera
582 827 610 872 et
627 819 745 872 obscura
762 821 933 874 confundens
952 828 1106 880 astantem
1184 863 1188 877 .

57 886 227 957 Hy1rallagc:
250 887 321 939 veris
345 887 463 941 obscura
485 890 618 941 inserens.
643 915 678 929 ·-
719 895 779 947 102.
808 888 899 942 Cessit
918 889 1023 959 faron·
1047 905 1105 943 nou
1184 900 1187 907 '

57 956 170 1028 penitus
194 956 320 1022 recessit,
344 957 392 1009 sed
415 956 548 1027 partiatim
572 959 666 1027 coepit
686 955 825 1010 imminui.
859 959 933 1011 Nom
958 966 1000 1011 cst
1022 957 1132 1029 paulo·

57 1032 125 1096 post
141 1024 177 1077 de
190 1024 293 1091 Miseni
310 1035 401 1078 morte
419 1026 541 1081 dictura:
557 1027 632 1094 quod
648 1043 705 1078 non
722 1027 850 1096 procedit
866 1028 889 1079 si
906 1045 980 1082 nunc
997 1043 1104 1082 numen

56 1094 181 1145 recessit.
200 1119 234 1131 ·-
271 1100 332 1153 103.
350 1094 429 1162 [Non
448 1096 508 1146 ulla
527 1094 674 1159 laborm,-
692 1110 746 1160 pro
762 1095 846 1162 nulla,
864 1104 899 1147 ut
912 1097 959 1164 (G.
978 1103 1002 1163 l,
1019 1095 1109 1159 506.):'
1160 1130 1161 1134 =
1199 1148 1201 1152 Α

54 1159 125 1214 Non
151 1164 229 1214 ullus
252 1176 349 1216 aratro
375 1165 465 1215 Cessit
488 1161 598 1228 honac]
615 1190 649 1202 -
686 1167 746 1222 104.
765 1164 910 1233 O'uirgo,·
937 1184 952 1215 o
977 1164 1044 1218 licet
1065 1164 1101 1215 rit
1133 1189 1137 1193 >
1159 1218 1162 1225 Ι

58 1231 226 1289 naturaliter
250 1232 342 1285 brevis
366 1233 395 1285 in
413 1233 519 1287 Latinis
537 1231 727 1297 sermonibus,
752 1233 829 1305 apud
844 1235 991 1300 Virgilium
1008 1235 1105 1286 tamen

58 1315 114 1368 pro
131 1300 216 1370 longa
233 1300 367 1367 habetur,
391 1309 422 1352 ut
435 1303 490 1354 hoc
505 1302 579 1355 loco:
604 1301 630 1354 Ο
649 1302 739 1369 virg'o.
775 1305 847 1354 Item
864 1303 932 1355 alibi
956 1310 997 1371 (6,
1015 1302 1104 1364 842.):

59 1367 138 1436 Quis
163 1383 187 1426 ta
213 1388 315 1438 magns
341 1371 408 1425 Coto
433 1374 559 1424 tacitum.
596 1370 724 1444 Exceptis
749 1389 814 1440 egat
840 1379 870 1422 ut
894 1373 946 1438 (i,
963 1372 1031 1434 46.);
1054 1372 1104 1423 Ast
1139 1398 1144 1409 ι

59 1456 112 1507 ego
131 1442 330 1509 quacdr'vum.
364 1438 422 1510 [Et]
439 1443 510 1506 duo,
532 1448 564 1490 ut
581 1440 713 1505 (8,43.):
737 1439 769 1491 Si
786 1441 842 1492 duo
860 1452 1012 1510 praeterea.
1046 1435 1104 1510 [Et]

59 1510 187 1574 ecio,.ut
204 1514 263 1579 (ll,
280 1507 368 1571 265.):
392 1507 478 1560 Nunc
495 1511 555 1561 scio
573 1509 644 1576 quid
662 1512 701 1561 sit
717 1527 812 1562 amari
838 1517 866 1561 et
884 1511 994 1576 nescio,
1010 1509 1104 1578 ut'(E.
1144 1536 1147 1541 ·

56 1578 86 1642 B,
105 1577 193 1642 103.):
211 1576 314 1629 Nescio
332 1580 398 1646 quis
416 1591 525 1629 teneros
544 1579 636 1637 oculis
655 1577 727 1632 mihi
737 1577 871 1646 fascinat
887 1596 987 1646 agnos.
1022 1574 1105 1647 Apud
1155 1591 1157 1594 “

59 1645 130 1702 alios
149 1665 165 1699 o
181 1646 235 1699 nisi
258 1648 288 1699 in
306 1647 422 1702 Graecis
438 1646 597 1699 nominibus
613 1661 671 1703 nou
687 1647 863 1717 producitur:
906 1648 961 1700 uod
979 1654 1008 1700 et
1028 1660 1104 1698 nunc

59 1715 142 1783 sequi
160 1716 302 1771 debemus.
336 1715 440 1768 Dicunt
455 1725 552 1769 tamen
570 1714 699 1783 quidam,
717 1733 732 1767 c
750 1710 815 1766 tunc
832 1664 949 1789 proiluci
965 1715 996 1769 in
1013 1711 1104 1772 nomi·

59 1783 172 1850 nativo,
193 1786 305 1854 quando
330 1785 406 1837 etin
429 1786 549 1854 genitivo
567 1784 704 1854 producta
719 1784 821 1836 fuerit:
844 1784 1035 1852 quodfalsum
1053 1788 1117 1849 est.-

59 1853 136 1906 Nam
153 1862 182 1905 et
198 1854 327 1924 Virgilius
345 1854 473 1920 produxit
490 1857 599 1920 uirgas
610 1868 676 1904 cum
694 1855 820 1920 uirginis
842 1852 941 1918 faciat,
966 1859 995 1906 et
1015 1844 1104 1904 Lucass

59 1938 113 1976 uus
139 1921 207 1976 Cato
225 1923 376 1994 corripuit:
399 1931 430 1973 ut
454 1923 600 1990 (9‚,227.);
622 1920 699 1985 Nos,
722 1920 791 1975 Cata
816 1921 1008 1975 ‹ia-veniam:
1028 1935 1103 1971 ¹cum

60 1990 183 2050 Catonis
199 1993 291 2046 faciat.
325 1991 396 2044 Item
413 1990 487 2043 Iuno
505 2007 571 2043 cum
588 1990 723 2061 producat
736 1989 874 2058 Virgilius,
889 1988 990 2057 Statius
1006 1996 1103 2043 tamea

59 2060 181 2133 corripit
197 2068 239 2129 (1,
255 2059 336 2122 250).
370 2059 442 2113 Saue
458 2059 616 2125 sciendum,
639 2058 837 2114 allocutionem
860 2058 934 2112 hanc
958 2075 1016 2112 esse
1040 2073 1103 2110 sru-

58 2131 168 2184 roriam
184 2147 250 2182 cum
272 2129 397 2199 partibus
421 2130 484 2184 suis.
517 2129 591 2180 Nam
613 2128 764 2181 honestum
787 2135 843 2194 est,
869 2128 944 2199 quod
967 2127 1050 2192 dicit,
1072 2141 1102 2178 se

61 2206 175 2276 patrem
195 2196 356 2269 requirere:
380 2199 461 2266 utile,
484 2205 515 2250 ut
538 2198 626 2253 abeo
649 2197 758 2268 patriae
774 2195 1031 2266 originemdiscatr
1053 2212 1102 2248 ne·

58 2267 229 2335 cessarium,
252 2268 318 2336 quia
341 2267 457 2320 iusserat
479 2275 574 2336 pater:
597 2273 629 2319 ut
652 2270 695 2331 (5,
711 2266 803 2328 732.):
825 2265 907 2317 Ditis
925 2280 1019 2317 cainan
1037 2275 1103 2316 ante

59 2336 198 2406 Infernas
215 2339 313 2389 accede
331 2337 444 2388 domos.-
461 2337 605 2404 possibile‚
622 2336 687 2404 quia
704 2336 757 2399 ait:
785 2333 909 2402 Quando
922 2335 973 2393 'hic
992 2333 1103 2404 inferni

61 2409 155 2470 ianua
184 2409 259 2475 regis
285 2407 375 2475 (Lips.
400 2406 433 2456 R.
458 2406 550 2478 Steph.
575 2404 610 2456 al,
636 2403 729 2468 Diris)
747 2403 873 2456 Dicitur.
911 2407 997 2458 ltem:
1022 2401 1102 2461 Pater

60 2493 183 2543 namque
201 2479 314 2529 omnia.-
331 2476 354 2526 si
372 2476 480 2540 onmia,
497 2472 604 2544 et[iam]
621 2472 682 2525 hoc.
718 2470 800 2524 Nova
820 2474 861 2523 mi
879 2473 989 2542 facies,-
1014 2471 1051 2541 [i.
1068 2466 1113 2537 erl

60 2545 175 2614 species.
210 2545 248 2598 Et
263 2544 421 2613 sciendum,
445 2560 601 2617 pronomen
626 2541 698 2594 mihi
720 2556 865 2611 nunquam
881 2543 912 2594 in
928 2540 1102 2610 synaeresim
1165 2585 1167 2589 .

58 2608 172 2680 venire,
197 2631 233 2666 ne
249 2613 366 2687 incipiat
382 2631 440 2666 esse
458 2612 623 2669 blandientis
647 2610 823 2675 adverbium:
847 2618 876 2664 et
897 2612 964 2664 licet
987 2609 1102 2683 quidum
1192 2614 1197 2625 “

59 2683 144 2743 huius
166 2682 222 2735 loci
244 2683 370 2737 nitantur
393 2684 534 2752 exemplo,
557 2696 616 2734 non
638 2679 779 2751 procedit,
801 2679 846 2732 vel
869 2679 933 2748 quic
956 2695 1043 2735 rmum
1061 2685 1103 2731 est

59 2749 257 2824 [exemplumL
282 2751 326 2806 vel
347 2751 414 2822 quia
436 2758 527 2821 potest
549 2766 608 2802 esse
632 2748 907 2805 etiamtundnntis
930 2747 1103 2814 adverbium,

60 2821 144 2878 nihil
158 2819 227 2888 (nil)
254 2836 320 2874 vero
343 2838 396 2891 pro
418 2820 503 2874 metri
526 2818 704 2882 necessitate,
733 2818 855 2886 cogitur.¹
891 2817 973 2871 Nam.
989 2817 1012 2870 si
1036 2820 1105 2884 pure

60 2907 180 2960 sequens
197 2888 329 2948 motionis
352 2909 369 2942 a
387 2889 474 2941 vocali
494 2887 633 2951 inchoet,·
646 2885 724 2938 nihil
747 2886 878 2951 dicimus,
900 2893 931 2939 ut
953 2888 995 2952 (2,
1011 2885 1100 2945 402oe

60 2959 128 3011 Heu
147 2957 222 3012 nihil
239 2959 412 3079 inuitisfflsas
431 2973 596 3027 quemquam
608 2955 700 3024 fidere
719 2956 814 3006 divin·
838 2953 866 3005 Si
890 2963 985 3007 antem
1002 2974 1018 3007 a
1036 2969 1107 3011 con·.

61 3036 178 3089 sonante
194 3028 322 3092 inchoet,
369 3031 392 3079 il
409 3028 554 3096 ponimus,
571 3032 602 3075 ut
617 3024 750 3078 Iuvenalis
766 3028 810 3093 (4,
827 3023 896 3087 22.):
913 3023 965 3075 Nil
982 3024 1037 3074 tals
1054 3039 1104 3073 esa

59 3110 169 3170 pectes:
194 3099 261 3151 amit
284 3099 343 3150 ribi
368 3099 471 3163 muira,
494 3097 633 3149 videmus.
654 3092 833 3163 'inopinave
857 3097 969 3166 surgit(
997 3108 1102 3154 nomen
1181 3097 1183 3101 ’

62 3174 121 3233 est,
137 3182 195 3220 non
211 3167 397 3238 perticipium.
432 3167 505 3223 riam
523 3166 672 3231 inopinata
690 3161 810 3229 diceret,
834 3163 908 3232 quod
931 3177 988 3215 non
1005 3175 1105 3232 proce..

40 3249 41 3252 ’
61 3234 104 3288 dit
120 3235 164 3303 (R.
182 3238 213 3287 V.
231 3235 307 3307 Lips,
325 3235 473 3300 provenit).
510 3235 654 3302 Opinatus
672 3231 749 3284 enim
767 3231 841 3288 venit
863 3232 899 3286 ab
917 3246 951 3283 eo
970 3230 1044 3298 quod
1061 3234 1103 3280 est

64 3306 176 3372 opinor.
211 3303 263 3368 Sed
288 3305 352 3375 quia
378 3308 513 3371 inopinor
534 3319 592 3355 nou
616 3301 747 3367 dicimus,
770 3301 833 3352 ideo
855 3315 907 3354 nec
933 3300 1102 3366 inopinatus

57 3373 138 3432 facit
182 3373 257 3427 Sicut
280 3382 309 3426 et
336 3391 440 3426 nocens
462 3372 640 3445 perticipium
665 3377 725 3434 est,
751 3374 816 3438 quia
838 3368 992 3425 invenimus
1016 3383 1100 3425 nuceo

62 3443 197 3500 verbum:
227 3445 365 3498 innocens
389 3440 490 3511 [vero]
513 3456 631 3495 nomen.
663 3439 728 3507 quia
753 3443 875 3490 innocen
895 3453 952 3488 non
976 3430 1103 3502 dicimus,

63 3515 147 3584 [esse
164 3513 344 3590 participium
367 3529 426 3566 non
448 3509 567 3583 potest]
613 3507 730 3564 Nullum
751 3515 793 3559 est
815 3506 893 3567 enim
913 3504 1102 3584 participium,
1140 3504 1145 3521 ¹

63 3582 141 3652 quod
163 3580 214 3653 [et]
237 3599 254 3634 a
275 3583 362 3636 ‘verbo
386 3598 448 3638 non.
465 3580 614 3634 traluturr·
636 3578 702 3637 licet
728 3595 746 3635 a
767 3577 810 3629 sui
832 3575 909 3627 verbi
931 3576 1023 3627 forma
1044 3588 1102 3629 uon

62 3650 175 3719 veniat,
194 3659 226 3702 ut
241 3653 364 3719 piacita3
387 3650 454 3704 licet
470 3651 583 3715 piaceor
599 3663 658 3705 non
673 3647 813 3710 dicamus,
833 3652 930 3700 tamen
947 3645 1045 3712 placeo
1059 3643 1103 3693 iu·

18 3774 22 3783 ,
63 3721 191 3773 venimus
208 3721 292 3794 [sicut
305 3729 333 3774 et
350 3737 475 3791 pransus
493 3727 521 3771 et
540 3729 659 3775 conatus
677 3723 705 3768 et
722 3713 894 3782 titubatusr]
910 3713 984 3777 item
999 3728 1103 3780 regna·
1169 3766 1171 3773 y

63 3803 104 3854 ta,
121 3789 304 3857 triumphata.
341 3790 422 3843 Unde-
436 3789 567 3861 galeatus
586 3795 613 3838 et
630 3788 776 3844 tunicatus
793 3785 834 3852 [et
848 3780 970 3852 togatus]
983 3781 1105 3853 ⁸nomime
1124 3793 1128 3816 ¹

62 3860 293 3930 comprobantur.
328 3859 442 3910 Nullum
465 3858 541 3910 enim
564 3855 681 3908 verbum
704 3855 806 3904 horum
824 3852 939 3922 originis
954 3849 1104 3922 reperitur.

46 3957 99 3991 Υ·τ·
137 3933 197 3987 105.
217 3928 324 3985 Omnia
341 3929 471 3996 praecepi
488 3935 555 3989 etc,
578 3925 707 3993 praecepi
725 3921 768 3987 (al.
785 3921 882 3987 perc),
905 3929 970 3972 ante
986 3916 1109 3986 cognovi
1188 3930 1191 3935 '

64 3998 102 4051 ab
120 3998 243 4063 Heleno,
264 3997 307 4048 vel
324 4014 341 4049 a
373 3994 452 4062 'atre,
475 3997 524 4064 qui
541 3996 595 4048 eit:
620 3992 695 4058 Gens
714 3993 787 4066 dura
804 4003 888 4059 atquc
906 4007 1005 4057 aspera
1024 3987 1104 4066 cuitu

64 4067 243 4120 Debellanda
274 4067 329 4118 tibi
385 4067 444 4118 atio
475 4072 523 4118 ert.
570 4062 646 4115 Dicit
676 4069 785 4129 avitam,
816 4077 846 4113 se
875 4060 969 4111 futura
999 4063 1102 4128 partun
