2454 4500
164 264 228 330 sss
415 260 556 322 suuvu
577 258 927 323 coustuurtums
979 332 986 341 ,
1057 300 1063 321 .

170 444 262 506 nam),
284 442 442 510 magistros,
464 457 564 510 pueros
579 440 659 505 dicit,
682 451 824 511 sequentes
839 456 919 508 tero,
939 442 1104 495 muriceis
1118 449 1187 495 sets·

167 514 211 561 tis.
227 538 261 548 —
295 516 355 569 554.
372 508 449 574 Ques
467 512 559 559 omnis
576 524 687 570 euntes;
712 526 780 578 quos
803 518 899 563 etmtee
922 510 1012 561 omnis
1028 511 1116 573 tttrbu
1135 512 1187 563 ire*

170 580 236 644 mit,
251 578 270 629 i.
287 597 310 631 e.
334 593 399 628 oum
421 578 514 629 tutore
536 580 718 646 prosequitur.
736 603 771 615 --
805 583 864 636 556.
881 575 978 628 Tenea
996 593 1095 641 eema;
1116 592 1186 629 eom·

169 647 265 715 posite.
298 646 371 697 Nem
386 646 497 715 proprie
514 660 607 695 comae
621 653 685 695 sunt
700 661 757 697 non
773 645 845 697 oeesi
860 642 958 714 capilli.
992 643 1095 697 Pressa
1113 663 1184 699 eoro-

171 731 225 773 ne;
248 714 267 764 i.
292 732 317 765 e.
339 714 425 780 galee.
460 713 496 762 Et
517 728 646 764 sermone
668 712 783 765 Homeri
805 712 867 762 usus
892 720 940 765 est
983 711 1060 763 Num
1083 713 1184 793 gedeum

170 787 299 848 eriperer
315 782 381 832 dixit
396 782 441 845 (ΙΙ.
458 799 491 846 η,
508 780 577 841 12).
610 781 647 830 Et
661 798 694 832 re
711 798 777 833 rere
792 792 895 833 corone
909 795 967 831 non
983 786 1078 846 potest
1091 780 1184 833 iutelli-

192 853 215 915 ‘,
236 866 302 901 eum
324 857 451 916 sequetur
475 850 573 914 (time
601 846 717 898 Galeam
740 861 804 899 ente
826 848 907 915 pedes
923 850 1042 915 proiecit
1066 850 1183 900 inanem.

171 919 225 972 bed
246 919 294 970 elii
316 917 423 980 dicunt,
445 916 563 986 petresse
585 931 632 967 eos
654 918 745 983 gotter
765 915 869 968 habere
885 923 1039 967 coronatus.
1074 914 1185 969 Baebius

171 987 274 1053 (Guelf.
290 986 311 1034 Ι.
327 983 449 1045 brevius)
465 992 559 1035 temen
574 984 670 1035 Meter
686 984 767 1048 dicit,
790 1002 808 1035 e
824 983 941 1035 Caesare
959 984 983 1033 A
1094 982 1184 1065 puerit

171 1054 219 1124 qui
235 1052 357 1106 luserunt
372 1052 502 1116 Troiam,
524 1052 637 1102 donatas
657 1068 716 1103 esse
737 1053 842 1117 erlem,
865 1058 894 1103 et
916 1051 984 1103 bine
1028 1051 1130 1103 estibus
1150 1050 1183 1103 ed

170 1121 246 1192 quod
261 1120 404 1188 Virgilium
426 1125 533 1171 constet
555 1119 706 1184 (cenum)
729 1121 864 1171 adludere.
881 1142 916 1156 -·
949 1122 1008 1176 558
1034 1116 1063 1169 It
1084 1132 1182 1186 pectere

173 1205 296 1250 summm
318 1188 357 1239 sic
372 1188 519 1254 legendtuu
534 1184 617 1254 [est,]
631 1205 667 1239 ne
684 1189 719 1237 sit
733 1188 920 1239 soloecismus:
943 1195 973 1238 et
987 1186 1031 1237 rei
1047 1184 1181 1239 iuerrimeli

170 1256 246 1309 dedit
260 1262 382 1319 motum,
397 1256 511 1307 dicendo
528 1257 558 1304 it.
592 1256 733 1305 Summum
752 1263 843 1307 eutem
859 1265 953 1322 peetus
968 1252 1009 1305 eit
1023 1254 1141 1323 pectoris
1154 1260 1180 1307 et

170 1325 235 1376 colli
257 1323 414 1375 confinium.
439 1350 474 1359 -
514 1328 574 1379 560.
597 1323 664 1377 Tres
687 1330 810 1389 equitum
833 1339 947 1373 numere
970 1333 1100 1386 turem,—
1125 1337 1180 1375 retu

170 1393 314 1443 Romanae
331 1390 444 1442 militiae
459 1405 509 1440 suo
526 1391 622 1441 inserit
637 1392 760 1443 carmini.
794 1390 867 1440 Num
882 1397 1002 1454 corutet,
1024 1390 1117 1459 primo
1131 1398 1181 1442 tres

170 1468 262 1528 partes
276 1461 358 1510 fuisse
374 1459 467 1538 populi
483 1456 617 1508 Romanis
638 1473 724 1509 uuum
740 1456 909 1510 'rudensium
925 1458 967 1524 (V.
985 1456 1071 1521 Tit),
1084 1470 1109 1510 's
1124 1458 1180 1509 Tito

170 1528 252 1580 Tatio
269 1527 338 1579 duee
355 1525 518 1580 Sabinorum
534 1523 592 1576 iem
608 1527 699 1577 emico
714 1534 776 1593 post
791 1526 916 1577 foedera:
933 1526 1053 1577 alterum
1068 1524 1178 1577 Ramne-

170 1605 232 1647 tum
254 1613 271 1647 e
292 1595 424 1646 Romulo:
453 1592 567 1646 tertium
589 1592 741 1659 Lucerum,
767 1608 884 1661 (prorum
905 1593 1058 1645 secuudum
1080 1592 1179 1645 Livium

171 1665 286 1729 (1,13.)
310 1668 339 1715 et
360 1678 460 1713 nomeu
479 1669 507 1713 et
521 1676 602 1712 cetus
626 1664 655 1712 in
672 1662 776 1713 occulto
798 1670 868 1712 sunt.
900 1660 987 1712 Varro
1003 1667 1100 1713 temen
1114 1659 1180 1725 duit,

171 1732 321 1781 Romulum
337 1730 514 1782 dimicantem
530 1736 626 1780 contra
642 1730 737 1780 Titum
752 1730 864 1781 Tatium
880 1747 897 1781 a
912 1728 1119 1780 Lucumonibus
1132 1728 1179 1779 boo

172 1806 212 1853 est
230 1798 324 1849 Tuscis
348 1798 445 1850 utuilie
467 1797 621 1865 postulasse.
655 1797 734 1849 Unde
789 1798 862 1848 'dum
878 1796 952 1849 venit
972 1808 1040 1847 cum
1056 1794 1180 1849 exercitu:

172 1868 217 1919 oui
232 1875 342 1936 recepto
359 1868 416 1917 iam
429 1866 509 1918 Tatio
526 1880 588 1934 pers
604 1862 680 1915 urbis
696 1874 737 1917 est
788 1873 828 1916 ts:
843 1882 861 1917 u
874 1880 927 1931 quo
944 1864 975 1915 in
990 1864 1063 1916 urbe
1078 1863 1179 1929 'fuscus

171 1937 258 1987 dictus
280 1941 321 1986 est
343 1935 423 1985 vicus.
457 1933 585 1985 Horatius
607 1933 709 1998 (Serm.
726 1942 759 1999 2,
774 1943 807 1998 2,
824 1930 900 1993 32.):
931 1932 969 1979 Ae
994 1931 1084 1982 Tusci
1105 1932 1180 1982 turbe

147 2004 261 2069 ‘impie
279 2004 342 2053 vici.
378 2003 453 2069 Ergo
469 2002 658 2053 eLueumone
671 2001 789 2052 Luceres
804 2001 870 2053 dicti
886 2007 956 2051 sunt.
989 1998 1033 2049 Sic
1048 1997 1181 2052 suumin

171 2079 227 2122 tres
244 2077 334 2140 partes
350 2070 464 2120 diuisum
487 2070 568 2120 {trisse
590 2066 720 2137 populmn
735 2066 913 2136 [Romanum]
929 2074 1048 2133 constet,
1066 2066 1135 2119 edeo
1154 2072 1182 2115 ut

174 2141 260 2190 etiam
277 2138 325 2205 qui
347 2142 492 2203 praeerunt
508 2137 619 2204 singulis
634 2136 771 2206 pertibus,
792 2135 896 2187 tribtmi
912 2135 1077 2188 dicerentur.
1109 2134 1180 2185 Unde

172 2208 257 2258 etiem
274 2214 404 2271 sumptus,
421 2221 487 2271 quos
504 2205 606 2254 dabant
623 2204 732 2270 populo,
748 2206 850 2255 tributo
866 2203 1053 2253 nominarunt.
1086 2203 1180 2266 Terei:
1220 2238 1224 2245 .

173 2290 252 2326 more
277 2289 324 2322 suo
348 2274 400 2323 hoe
426 2278 465 2322 est
488 2279 550 2323 tres.
567 2298 602 2308 —-
642 2278 701 2328 etjl.
727 2272 864 2322 Ductores
888 2275 983 2335 pueri5
1007 2271 1054 2320 hic
1076 2271 1180 2337 quidum

171 2344 356 2408 distinguunt,
379 2347 409 2388 ut
433 2339 547 2390 diximus
570 2355 658 2408 supra.
676 2365 709 2376 —
744 2346 803 2397 5t32.
830 2340 1000 2404 Peridusque
1027 2341 1179 2404 magistris;

173 2408 278 2477 [velet]
303 2422 334 2457 ex
350 2409 403 2458 hoe
420 2409 529 2458 adludit.
563 2408 633 2456 Nam
651 2408 788 2475 hodieque
810 2410 931 2473 sortitum
951 2407 1081 2472 magistri
1097 2404 1182 2456 dicun·

172 2486 226 2528 tur.
243 2504 277 2513 -
312 2480 370 2532 564.
391 2474 475 2525 Polite
493 2478 638 2542 progenies
645 2499 654 2538 ‚·
678 2476 756 2525 illum
772 2475 839 2526 dicit
854 2491 936 2543 quem
953 2491 1037 2539 supra
1053 2493 1070 2527 e
1085 2475 1181 2540 Pyrrho

173 2545 322 2595 introduxit
342 2545 473 2607 occisum;
505 2544 539 2594 de
563 2560 616 2610 quo
635 2545 702 2593 Cato
726 2544 755 2592 in
779 2544 927 2611 originibus
950 2543 1031 2606 dicit,
1078 2543 1130 2592 uod
1152 2540 1183 2591 ed

172 2614 280 2662 ltaliam
297 2613 415 2675 venerit,
439 2620 466 2661 et
488 2620 645 2678 segregatus
662 2612 697 2660 ab
715 2614 808 2662 Aenea
824 2611 975 2661 condiderit
991 2560 1124 2677 oppiiiunr
1139 2610 1183 2659 Po·

172 2680 295 2730 litorium
319 2697 335 2729 e
358 2695 406 2728 suo
430 2679 549 2730 nornine.
570 2704 602 2714 ·-
645 2684 703 2736 555.
731 2679 819 2743 Quem
845 2679 984 2729 Thracius
1008 2681 1097 2743 elbis5
1126 2692 1183 2728 cum

172 2757 227 2799 tres
244 2749 340 2799 dixerit
356 2748 446 2809 duces,
462 2748 578 2798 duorum
596 2762 679 2813 equos
696 2756 902 2798 commemoret.
936 2747 989 2798 Sed
1006 2756 1056 2797 aut
1069 2753 1183 2815 praeter

174 2814 262 2880 misit,
279 2815 352 2884 qiiod
369 2824 399 2864 ut
416 2823 626 2882 consequeretur
643 2832 752 2866 necesse
770 2825 842 2867 erat:
858 2832 909 2866 nec
927 2815 1002 2866 enim
1020 2831 1089 2865 unus
1107 2815 1182 2880 pedes

174 2900 230 2936 esse
248 2890 362 2953 poteret.
397 2884 449 2932 Aut
471 2883 516 2932 illo
540 2881 659 2933 reddidit
676 2884 749 2935 loco:
773 2891 816 2933 ut:
842 2884 935 2933 Cetera
959 2883 1046 2947 pubet
1070 2883 1184 2932 senioris

172 2954 283 3001 Acestae
301 2951 399 3000 Fertur
417 2954 502 3016 equis.
537 2951 711 3016 Quemquam
735 2953 813 3001 inulti
828 2949 998 3002 distinctione
1016 2956 1122 3002 mutata
1137 2958 1185 3001 tres

174 3036 256 3087 equos
281 3026 512 3069 commemorent:
537 3025 567 3068 ut
591 3019 628 3068 sit
648 3020 752 3087 primus
770 3021 868 3085 (Guels.
886 3020 905 3068 I.
931 3020 1024 3084 plene,
1048 3019 1081 3069 el.
1099 3017 1185 3083 piene)

172 3089 269 3154 Equus
287 3088 392 3137 bicolor
416 3087 550 3150 runculis,
573 3094 602 3138 et
618 3087 653 3137 de
676 3088 730 3137 olio
747 3088 852 3138 dicetur
875 3089 993 3152 vestigio
1018 3089 1106 3151 primi
1123 3088 1185 3137 Atta

173 3158 267 3224 pedis,·
285 3156 302 3206 i.
317 3173 340 3205 e.
356 3150 510 3223 primorum
526 3155 628 3237 pedum
644 3155 762 3223 vestigia.
798 3157 834 3204 Et
845 3155 972 3206 Frontem
990 3157 1085 3205 elbam
1104 3168 1186 3206 osten·

174 3226 250 3275 tabet
273 3225 350 3274 alter.
368 3248 401 3258 -
436 3223 609 3280 558.(1etrus
635 3226 706 3272 unde
731 3224 796 3289 Atyt'
820 3221 920 3273 duxere
937 3222 1039 3273 Latini
1045 3247 1054 3286 ,·
1079 3231 1186 3293 propter

173 3294 263 3344 Atium
281 3292 321 3357 (L.
339 3290 445 3356 Atyam,
464 3293 492 3340 V.
510 3292 616 3354 Adiam,
633 3290 723 3360 Stepb.
744 3294 855 3355 Attium,
872 3293 951 3343 Febr.
968 3290 1052 3343 Besil.
1068 3294 1185 3355 Actiem3

173 3361 263 3411 Guelf.
279 3362 299 3410 Ι.
317 3361 440 3422 aerium,
457 3358 488 3407 II.
507 3360 608 3418 eciam)
625 3359 704 3423 dicit,
728 3368 845 3410 matrem
863 3360 991 3428 Augusti:
1016 3362 1052 3411 de
1070 3377 1124 3427 qua
1140 3362 1186 3410 Au·

173 3428 262 3478 tonius
279 3429 331 3492 eit,
354 3428 471 3477 Aricina
490 3431 549 3494 (pro
567 3429 608 3475 ait
625 3428 669 3478 Ar.
686 3427 718 3477 L.
736 3430 902 3491 Astraeum,
924 3429 957 3477 R.
976 3426 1006 3477 V.
1027 3428 1185 3489 Araricum

173 3494 263 3560 steph.
280 3495 340 3545 Bas.
358 3496 436 3545 Actia
455 3493 554 3544 Latini
573 3507 672 3559 mater,
689 3497 779 3547 Guelf.
795 3497 815 3546 1.
832 3497 982 3556 etaricim')
1000 3509 1096 3547 meter.
1130 3496 1187 3545 Vult

174 3564 250 3613 enim
274 3563 330 3612 eius
354 3565 437 3614 etiem
460 3571 617 3612 maternum
641 3577 697 3614 esse
719 3580 805 3631 genus
822 3564 1049 3631 antiquissimum.
1065 3591 1099 3603 —
1134 3569 1186 3619 570.

175 3630 338 3692 Extremus;
364 3638 497 3697 qtrentum
521 3631 555 3680 ud
578 3646 725 3681 numerum
741 3641 851 3698 spectet.
868 3658 902 3669 -·
936 3641 998 3689 573.
1017 3634 1110 3683 Cetera
1130 3632 1186 3681 'Pri-

175 3701 282 3748 noeriis
287 3720 296 3760 ‚·
313 3706 404 3751 cetera
421 3699 505 3766 pubes
523 3697 597 3764 equis
611 3700 720 3751 Acestae
737 3700 836 3764 (Guelf.
850 3702 870 3752 1.
888 3704 921 3752 ab
940 3702 1040 3761 ecesse)
1056 3705 1187 3754 fertur.-

174 3773 233 3824 575.
253 3765 387 3827 Pauid0s;
405 3768 508 3835 gloriae
526 3766 671 3832 cupiditate
689 3769 830 3819 sollicitos:
847 3777 877 3818 ut
894 3771 936 3835 (G.
955 3778 981 3831 3,
998 3772 1083 3831 istud:
1102 3768 1186 3821 Cerdo

173 3852 260 3899 pavor
283 3833 409 3896 pulsans.
426 3860 460 3871 —-
496 3839 555 3890 579.
572 3832 713 3899 Flagelle,·
737 3837 812 3902 virge
836 3854 905 3904 quse
928 3844 1007 3887 sonet
1030 3838 1060 3890 in
1083 3851 1186 3888 rnorem

172 3900 333 3969 flagelli-
368 3908 427 3958 561,
447 3902 563 3964 Cheris;
581 3901 697 3953 aciebus.
736 3902 848 3969 Vocati)-
871 3906 928 3956 ictu
943 3907 1047 3971 virgae.
1066 3932 1100 3944 ·-
1134 3910 1187 3963 556.

172 3969 206 4021 Et
230 3984 305 4019 nurse
330 3980 405 4036 terga
431 3972 555 4032 nudant‚·
586 3969 640 4021 tria
664 3978 726 4020 sunt
749 3988 819 4040 quoe
840 3975 870 4024 in
893 3972 971 4025 bellis
994 3983 1145 4040 geruntur,
1165 3978 1188 4023 et
