2454 4500
153 292 219 359 582
418 283 558 347 SERVII
579 280 955 349 COMMENTARIUS

158 471 230 526 milri
244 480 375 538 negares,
397 469 465 536 quin
475 482 589 537 possem
604 483 716 535 pugnae
730 465 893 517 subducere
913 467 1065 519 Turnum.
1092 465 1204 519 llliilrst¹

159 556 246 608 genus
262 539 421 591 elocutionis
437 539 589 607 accipiunt,
610 544 641 585 ut
663 552 716 601 per
733 553 766 585 ea
782 550 859 600 quae
886 536 922 586 in
943 537 1110 604 parenthesi
1124 536 1185 603 pasin

160 616 239 670 sunt,
254 608 362 673 reliquo
379 608 468 656 sensui
484 613 659 667 occurratur,
682 620 739 654 uon
756 604 799 653 his
818 620 896 669 quae
916 606 1022 671 primo
1040 607 1125 674 posita
1138 610 1186 665 uui.

161 675 208 729 hic
226 676 300 727 enim
319 674 354 723 ad
370 675 437 726 illud
454 673 527 741 quod
543 675 676 724 insertum
694 680 749 722 est:
767 672 833 721 Nor.
852 672 912 722 hoc
933 674 1013 724 milri
1031 670 1200 740 namqueue'

162 759 242 811 geres
260 744 449 809 Omnipotens,
464 744 531 809 quin
548 750 576 792 et
591 756 698 809 pugnae
714 740 876 790 subducere
894 741 1056 805 Tur-unm,
1073 751 1101 793 et
1116 741 1186 793 Dauus

117 860 120 865 ,
182 827 273 861 assem
289 813 458 861 incolumem
475 827 582 861 servare
599 809 715 875 parenti.
748 808 883 875 Alioquin
901 811 1032 876 dempta
1049 811 1101 861 hac
1116 824 1204 877 parer.

162 830 249 941 lieri,
264 895 321 929 uon
338 880 466 945 congruit
483 881 604 945 primum
622 894 686 926 cum
704 886 864 944 postremo,
881 879 907 928 si
928 880 976 929 ita
994 880 1087 943 dicas,
1102 877 1127 928 Si
1139 873 1186 927 mih?

163 963 234 1015 quae
252 948 392 1013 quondam
409 949 499 1001 fuerat
514 963 651 1015 quamque
669 962 728 996 esse
744 945 867 996 decebat
884 948 948 1011 sis,
975 949 1047 1015 quin
1065 955 1095 999 et
1108 959 1201 1015 pugnus

164 1015 303 1067 abducere
321 1016 462 1077 Turnum,
478 1017 514 1065 Et
525 1017 622 1065 Dauno
638 1014 809 1064 incolumem
828 1031 953 1081 possem
972 1033 1086 1068 servare
1101 1012 1186 1084 puerili

164 1082 275 1135 Plautus
295 1084 326 1133 in
350 1083 501 1134 Cistellaria
525 1084 624 1147 (Casia.
646 1082 719 1132 Prol.
734 1084 803 1143 tol:
830 1083 863 1132 Is
889 1102 1021 1149 servus,
1043 1085 1091 1135 sad
1112 1082 1199 1133 ubilat

166 1167 258 1203 annos
270 1149 382 1216 fuctum
401 1165 441 1202 est
457 1151 552 1213 XIII,
577 1168 640 1200 cum
664 1154 914 1217 conspicatus'est
933 1157 1036 1219 prima
1056 1148 1186 1219 crepusculi

149 1220 287 1287 'puellum
306 1220 427 1287 equrii]
445 1246 477 1256 ·-
512 1226 573 1277 617.
590 1219 674 1269 Il'unc
691 1231 785 1284 pereat
801 1227 876 1279 etc.;
895 1218 1047 1274 «lesatensis
1065 1230 1110 1272 est
1138 1220 1186 1269 teu

165 1302 222 1341 non
241 1288 313 1352 agit,
336 1296 367 1337 ut
382 1296 490 1356 pereat:
515 1290 562 1338 sed
586 1289 675 1352 magis
698 1290 772 1339 taret
792 1287 855 1337 eius
882 1291 986 1341 saluti.
1023 1292 1106 1357 [Nem
1120 1287 1184 1339 autu

165 1355 310 1407 sribiicitur
332 1372 381 1407 cur
404 1357 515 1423 indigne
538 1355 598 1407 fiat:
628 1357 679 1407 itte
704 1368 795 1405 tamea
828 1371 937 1408 nostru
966 1362 1085 1409 deducit
1106 1358 1184 1422 origia

166 1438 283 1485 nomen,
307 1431 337 1472 ut
360 1423 390 1475 in
412 1424 531 1475 secundo
558 1426 654 1487 (103·)²
679 1424 851 1473 Iuradudum
871 1431 990 1487 sumite
1008 1444 1125 1495 poenus,
1143 1422 1182 1472 flu

165 1490 281 1543 Ithacus
299 1493 380 1554 uelit,
403 1505 427 1542 ct
446 1510 547 1558 magna
566 1505 721 1543 mercentur
737 1493 876 1557 Atridua]
915 1497 1006 1563 Quod
1031 1504 1121 1546 autem
1141 1492 1182 1543 dut

166 1562 213 1627 pio
232 1563 386 1625 sunguine,
409 1563 516 1612 Aeneae
534 1578 598 1613 eum
620 1562 737 1612 latenter
754 1570 911 1628 exaequat,
938 1565 993 1632 qui
1011 1565 1113 1632 ubique
1131 1560 1181 1612 indu

167 1627 239 1679 citur
261 1629 350 1679 cultor
372 1628 495 1681 deorum.
512 1655 544 1666 —-
578 1636 639 1686 618.
657 1630 707 1679 Illa
732 1642 840 1690 tamen3
864 1648 1044 1699 quanquam
1067 1630 1181 1681 moritus

167 1703 224 1759 est,
246 1703 341 1747 tamen
358 1714 374 1747 a
390 1698 442 1749 diis
459 1698 502 1762 (al.
519 1717 537 1747 a
556 1698 646 1756 nabis)
672 1697 809 1766 originem
833 1699 925 1749 ducit.
964 1701 1093 1763 Austro,-
1114 1698 1179 1751 divin

169 1763 199 1833 [I.
223 1781 246 1817 e.
270 1773 317 1814 aut
340 1767 422 1829 Iovis,
446 1774 494 1816 aut
514 1768 639 1831 Iunonis,
667 1773 715 1816 aut
737 1766 866 1818 omnium
892 1769 1051 1834 deorum]
1075 1794 1106 1805 -
1132 1768 1193 1822 tlt-

168 1830 296 1897 Quartus
313 1846 405 1896 patu,-
422 1834 538 1884 abavus:
555 1853 606 1886 nec
624 1841 665 1886 est
679 1835 857 1885 contrarisun
872 1835 947 1888 illud
966 1838 1057 1906 [quod
1071 1838 1107 1889 ait
1117 1827 1179 1902 supa]

168 1900 246 1965 (76.]:
272 1901 326 1949 Oui
345 1901 493 1953 Pilumnus
511 1920 589 1953 auus.
623 1902 715 1951 Potuit
731 1904 807 1955 enim
824 1903 906 1968 fieri,
930 1913 966 1955 ut
983 1915 1013 1958 et
1024 1903 1093 1957 ‘avus
1108 1904 1178 1954 eius

168 1968 270 2021 abavus
287 1986 303 2020 a
319 1969 445 2022 Pilumno
465 1970 592 2021 Pilumni
608 1971 828 2023 nominarentur.
863 1973 959 2040 [Ergo
985 1992 1041 2042 per
1057 1974 1138 2040 patris
1149 1984 1178 2035 sp

167 2037 344 2106 pollutionem
361 2038 478 2089 ostendit
495 2040 695 2104 cognationem.
713 2066 749 2077 —
781 2046 845 2096 621.
862 2040 930 2090 Rex
950 2044 1078 2093 aetherii
1094 2040 1177 2091 breviar
1199 2026 1204 2099 l

169 2108 212 2157 sic
223 2106 324 2172 fatum
343 2106 444 2172 ubique
461 2106 550 2174 Reges
568 2108 685 2159 breviter
701 2106 845 2174 loquentes
863 2113 993 2161 ostendit
1012 2112 1091 2178 (tfilz
1113 2106 1177 2171 Iuppi·
1199 2104 1205 2173 l

169 2185 210 2226 ter
234 2173 300 2222 haec
325 2179 439 2239 paucis,
463 2184 491 2224 et
516 2182 557 2240 (l,
575 2176 658 2235 filiii:
684 2175 755 2223 Turn
781 2179 903 2226 breviter
923 2179 1007 2230 Dido
1035 2182 1132 2228 uuz'uun
1150 2176 1176 2223 ἐι·

169 2245 257 2291 missu
275 2242 423 2309 prosatum]
443 2269 475 2279 -
511 2250 572 2301 622.
590 2244 619 2292 Si
639 2262 715 2297 mora
734 2248 892 2310 praesentis
914 2249 965 2296 leti
974 2271 983 2312 ;
1011 2264 1044 2298 ex
1061 2251 1176 2296 lonssur·

168 2311 289 2360 cessione
307 2311 380 2376 quali
398 2319 457 2361 arte
483 2313 526 2374 (al.
547 2313 619 2370 astu)
645 2315 733 2378 egerit
749 2316 815 2363 luno
834 2318 1036 2380 cognoscitur,
1061 2315 1177 2366 sciliceta

168 2379 277 2431 Turnus
296 2380 378 2442 possit
395 2379 516 2430 evadere.
555 2380 665 2428 Caduca
673 2405 682 2442 ,·
707 2383 852 2430 moritura.
870 2409 906 2416 —
944 2390 1013 2439 623.
1033 2382 1177 2443 Poncrc5l·

167 2463 244 2509 cere,
268 2446 334 2511 [sel‚
357 2453 387 2495 nt
404 2447 514 2511 quidem
532 2447 638 2510 volunt,
661 2449 825 2498 constituere
843 2456 871 2499 et
889 2450 1057 2503 decernere.
1090 2452 1133 2501 Alii
1146 2465 1177 2513 pt·

168 2533 232 2568 nere
250 2531 299 2582 pro
319 2516 392 2575 dure,
411 2521 440 2562 ut
458 2520 509 2576 (12,
527 2516 612 2575 878.):
630 2514 706 2571 Haec
718 2535 773 2580 pra
792 2520 963 2582 virginitate
987 2524 1101 2587 reponit.
1130 2518 1178 2568 funt

168 2601 283 2650 ponere,
299 2580 423 2644 facerc,]
442 2580 533 2647 sic[ut]
550 2583 670 2633 Lucilius
688 2586 840 2635 Homerum
857 2596 971 2636 secutus
992 2592 1041 2655 qui
1059 2590 1095 2639 ait
1116 2587 1148 2650 (Ἡ.
1161 2604 1176 2645 a,

168 2652 218 2711 2.):
244 2645 313 2718 ‹tt-s&
331 2650 445 2714 ἔθηκεν,
475 2650 492 2700 i.
517 2669 554 2714 e.‚
578 2653 651 2702 iecit.
692 2654 760 2720 [Alii
784 2671 901 2719 ponere,
934 2666 1056 2723 putare,
1086 2665 1111 2705 ut
1131 2654 1178 2702 solet

168 2721 236 2770 dici:
263 2721 349 2784 Pone,
374 2739 414 2769 me
441 2719 490 2768 hoc
510 2719 635 2785 fecisse]
652 2747 685 2759 -
720 2728 780 2778 625.
798 2721 947 2772 Hactenus
977 2728 1128 2777 indulsisse
1147 2740 1179 2771 ra·

170 2801 229 2850 cat;
254 2787 288 2852 [i.
309 2808 332 2840 e.
356 2788 468 2849 suflicit3
493 2787 556 2851 hoe]
579 2789 684 2856 ingenti
709 2799 768 2840 arte
792 2791 899 2841 locutus
919 2802 977 2845 est:
1003 2811 1071 2844 nam
1088 2790 1178 2842 dicenda

168 2869 265 2919 uacat,
289 2857 405 2908 ostendit
421 2873 503 2924 supra
526 2856 579 2905 hoc
597 2858 677 2908 breve
695 2859 813 2925 spatium
835 2859 951 2911 ulterius
977 2861 1082 2913 honam
1099 2862 1135 2928 (al.
1149 2861 1180 2909 la

169 2926 288 2984 aarum)
306 2925 447 2976 stellarum
471 2925 678 2977 irradiationem
696 2927 784 2976 ‘I‘urni
806 2929 861 2979 lata
891 2930 1013 2981 differre
1038 2949 1092 2984 uon
1116 2945 1181 2999 postt-

168 2993 246 3044 Unde
265 3009 321 3043 uon
340 2994 377 3043 ait
402 2994 555 3043 indulsisse
575 2995 640 3044 libet
658 2996 702 3054 (al.
721 2996 811 3059 licet),
832 2997 880 3046 sed
900 3013 1003 3047 vacat:
1031 3018 1063 3050 ac
1087 3001 1107 3049 si
1129 2999 1181 3050 dice

167 3070 225 3113 ret:
249 3062 306 3112 iam
324 3061 444 3127 undique
461 3063 489 3110 in
507 3070 625 3112 mortem
642 3064 762 3113 truditur
780 3065 904 3128 Turnus,
926 3067 984 3117 hoc
1003 3076 1110 3119 tantum
1125 3072 1182 3117 rarat

168 3130 296 3195 spatium.
330 3131 360 3197 [I.
379 3147 400 3178 e.
418 3129 590 3180 intervallum
607 3132 751 3198 temporis,
769 3133 846 3199 quasi
862 3133 916 3188 hoc
936 3141 1082 3202 spatium,
1104 3137 1143 3187 hic
1156 3135 1182 3183 lo

169 3214 216 3249 cus
240 3206 294 3260 est,
318 3205 348 3245 ut
370 3215 518 3265 parumper
543 3199 704 3262 differatur.]
745 3202 815 3252 Hinc
840 3209 880 3253 est
906 3206 985 3272 quod
1011 3214 1040 3257 et
1062 3224 1136 3274 supra
1156 3204 1182 3253 ul

170 3266 269 3332 (472.):
294 3264 436 3331 Metasque
462 3269 521 3316 dati
543 3272 665 3331 pervenit
693 3271 729 3323 ad
753 3273 822 3321 aevi.
846 3298 882 3307 -
924 3279 990 3330 620.
1017 3275 1101 3326 Venia
1125 3274 1181 3329 ulla;

168 3334 335 3385 beneficium
360 3335 433 3399 quod
456 3343 483 3385 te
507 3353 598 3402 speras
621 3339 731 3389 mereri.
766 3340 812 3408 [Et
829 3338 895 3394 duas
920 3340 1012 3394 habet
1029 3343 1180 3410 significatiu-

167 3419 233 3465 nes,
249 3403 321 3468 quod
339 3402 457 3468 petitur,
473 3411 504 3451 ut
520 3405 578 3469 hic,
595 3415 622 3456 et
639 3405 712 3472 quod
730 3408 905 3472 conceditur,
922 3418 953 3459 ut
973 3416 1073 3478 (903.):
1098 3412 1124 3462 Si
1139 3425 1179 3476 qut

169 3483 209 3521 est
227 3473 308 3519 victis
327 3473 408 3520 venia
434 3470 576 3533 hostibus,
603 3493 659 3526 oro.
679 3503 708 3510 -·
745 3482 805 3530 627.
824 3476 992 3542 Mutariue;
1020 3482 1094 3532 deest
1114 3494 1180 3550 posse,

137 3570 144 3582 .
168 3556 204 3588 an
223 3546 359 3589 mutatum
377 3536 495 3601 iri?]-—
529 3547 589 3596 628.
610 3542 688 3609 Quae
706 3544 749 3608 (al.
768 3542 859 3609 Quod)
877 3564 943 3597 voce
964 3554 1109 3613 gravaris;
1126 3563 1179 3615 quae

168 3622 252 3673 negas
267 3607 333 3660 fato.
367 3608 421 3657 Vox
440 3607 513 3661 enim
530 3609 597 3661 Iovis
621 3614 708 3663 saturn
733 3620 779 3667 est.
815 3612 916 3665 Statius
942 3617 1047 3677 (theb.
1068 3618 1179 3681 1‚213.):

168 3675 202 3723 Et
220 3692 310 3753 vocem
322 3674 389 3743 fata
408 3690 569 3745 sequuntur.
603 3680 661 3732 Hoc
679 3690 770 3733 autem
788 3680 868 3734 dicit:
894 3683 1014 3736 Utinam
1033 3704 1099 3756 quae
1115 3697 1177 3749 negat

168 3758 248 3806 voce,
265 3761 284 3795 1.
302 3763 341 3807 e.,
358 3747 429 3806 fato,
452 3755 544 3799 mente
560 3756 722 3814 praestares.
755 3749 826 3801 Nam
851 3750 873 3798 si
891 3751 963 3804 Iovis
983 3770 1033 3807 ror
1050 3759 1129 3807 iatum
1144 3759 1176 3811 est

167 3818 257 3884 potest
274 3812 347 3865 aliud
366 3812 495 3881 (aliquid)
512 3818 594 3867 lando
619 3819 668 3868 fati
694 3817 819 3869 ordinem
837 3829 1026 3876 commutare.
1064 3822 1175 3873 Gruunn's

159 3884 277 3957 ¹autem,
302 3896 401 3947 negas,
425 3883 544 3951 graviter
561 3885 630 3938 fers:
655 3894 682 3938 et
699 3887 749 3937 hac
767 3886 922 3944 elocutione
942 3907 1003 3943 non
1021 3893 1072 3943 nisi
1090 3903 1175 3962 perae·

166 3956 316 4000 cusatrvum
333 3950 450 4003 utimur:
473 3958 504 4001 ut
521 3952 543 4002 si
561 3952 648 4018 dicas,
672 3973 813 4023 aggravor
831 3957 985 4009 aduentum
1012 3973 1104 4024 tuum,
1122 3959 1175 4013 ie..

168 4019 296 4105 grauiter
309 4015 390 4090 stra,
407 4037 511 4090 gravor
527 4025 714 4093 praesentiam
735 4036 819 4078 tuam.
854 4026 929 4082 Nam
947 4035 978 4085 et
995 4031 1055 4104 ipse
1071 4030 1104 4085 sic
1117 4026 1174 4083 dlxii?

286 4268 351 4423 -f‘
