2454 4500
170 336 206 377 ru
228 314 387 379 VIRGIL.
412 312 750 390 innituntur,
773 318 968 400 3663-388.
1028 313 1093 381 371

10 504 16 569 f
57 498 203 568 siquidem.
243 486 344 553 Et'est
366 499 512 552 Romanae
536 499 661 553 milities.
708 498 783 551 Nam
806 498 835 551 iu
860 496 927 549 loeis
956 494 1096 567 impeditis

10 588 12 594 .
56 585 143 637 equos
166 568 313 619 comitibus
331 569 449 632 dabant,
475 577 506 621 et
529 569 650 636 pedestri
672 570 826 625 certamine
849 566 1043 635 confligebant.
1060 591 1095 604 -·

56 641 119 696 369.
141 634 203 703 Quo
217 637 349 706 fugitis?
367 638 420 688 hoc
438 655 533 690 amare
551 638 656 690 dictum
672 645 731 702 est,
748 645 776 688 et
792 638 849 687 ism
866 653 961 718 preces
978 646 1096 707 sequun-

10 724 16 762 ·,
56 713 111 756 tur.
147 703 209 773 [Per
234 724 284 757 vos
309 719 334 755 et
352 704 447 773 sortia
466 706 566 774 factem
592 708 700 756 adiurat
723 714 771 761 eoi
794 722 844 773 per
866 722 947 774 iptorv
972 720 990 753 n
1014 706 1116 774 iaetu&

13 792 16 799 ’
56 773 191 841 quoniam
209 775 369 827 nonhabet
386 791 455 841 puer
474 778 600 844 proprios
615 776 715 840 titulos,
731 792 799 827 nem
817 782 857 828 est
874 775 900 827 ei
918 790 1008 841 prims
1025 770 1097 822 rnili-

55 841 104 895 tia.
123 871 158 883 --
192 852 254 901 370.
275 844 326 895 Per
344 845 426 893 ducis
444 843 577 895 Euandri
582 868 590 906 ;
617 845 714 896 melius
733 846 829 909 ducis,
847 841 969 913 quamsi
988 841 1097 892 dixisset

10 934 12 969 ;
51 909 154 979 ¹Regis,
171 912 225 965 boe
239 912 316 988 enirn
329 929 432 964 nomen
450 915 579 982 exprimit
592 914 740 969 ducentem
758 914 787 964 in
805 913 925 980 praelia:
942 901 1096 967 Sallustius:
1147 920 1150 927 ·

10 980 12 1012 ²
54 977 121 1046 Quo
141 983 274 1048 cupidius
293 984 324 1033 in
344 1000 389 1032 ore
408 983 490 1033 ducis
510 1001 540 1033 se
556 984 620 1050 quis
643 999 674 1031 ue
689 977 1096 1043 tonum‘ersrrenuumbsun-

54 1061 156 1103 tontes.
177 1066 181 1071 ·
202 1051 266 1102 Non
290 1050 356 1102 dixit
377 1051 579 1125 proconsulis]
618 1000 644 1099 i)

52 1116 164 1175 hausta.
199 1119 272 1179 Nam
290 1119 375 1170 hostis
392 1119 518 1182 vincitur,
534 1135 592 1171 non
609 1119 721 1171 bellum.
735 1147 770 1157 -
805 1127 865 1178 371.
883 1119 989 1188 [Subit3
1005 1132 1097 1167 succe·

53 1186 112 1251 dit,
135 1195 167 1244 ut
190 1191 232 1254 (6,
249 1189 335 1247 alst:
361 1187 416 1237 Cui
433 1189 533 1241 deiude
552 1190 667 1239 subibit.
701 1187 815 1251 Laudi,
839 1198 870 1238 ut
886 1189 971 1252 solet,
996 1182 1098 1249 virtuti,

50 1263 147 1328 potest
164 1257 276 1327 proprie
293 1255 432 1325 intelligi]
450 1284 484 1295 -
520 1266 581 1315 372.
599 1257 692 1309 Fidite
718 1276 751 1308 ne
774 1259 908 1328 pedibus;
935 1255 1039 1308 dativus
1057 1259 1111 1311 est,

13 1348 16 1353 ·
52 1325 184 1394 pedibus.
226 1326 299 1393 Nam
316 1323 380 1391 fido
407 1327 461 1379 tibi
485 1325 609 1378 dicimus.
627 1355 662 1364 -
700 1335 767 1385 ¹373.
790 1326 853 1377 Hac
878 1344 928 1378 eos
955 1333 1020 1384 ete.;
1043 1323 1096 1373 hoe

53 1393 114 1444 vult
131 1393 233 1462 patria,
250 1402 282 1444 ut
298 1410 349 1460 per
367 1394 464 1446 caedes
480 1395 602 1462 hostium
619 1405 799 1449 revertamur.
817 1423 852 1434 -
886 1402 947 1454 375.
966 1393 1097 1444 Numina
1167 1400 1170 1405 ’

53 1462 141 1531 nulla
160 1476 291 1527 premunt
297 1484 306 1529 ,-
325 1479 342 1513 a
359 1463 434 1516 facili
452 1462 680 1530 argumentatur,
691 1465 812 1530 ‚dicens,
835 1481 892 1517 non
910 1471 1007 1516 contra
1024 1461 1097 1524 deos,

51 1529 107 1585 sed
121 1540 220 1587 eontra
237 1531 368 1584 mortales
386 1532 460 1585 bella
477 1539 636 1584 tractamus.
653 1559 688 1571 -
723 1541 784 1593 377.
800 1535 870 1586 Ecce
889 1535 994 1597 maris,-
1022 1525 1097 1599 quod

53 1606 100 1650 est
116 1598 225 1664 efficax,
248 1601 279 1651 in
302 1600 356 1653 line
374 1603 472 1670 posuit.
508 1600 581 1655 Nam
600 1602 681 1665 dicit,
705 1617 751 1653 eos
768 1619 823 1670 quo
848 1605 958 1670 fugiant
974 1615 1032 1651 non
1048 1599 1101 1653 hae

53 1667 140 1731 bere,
171 1685 236 1721 eum
259 1675 336 1722 terra
359 1677 488 1721 teneatur
512 1669 547 1721 ab
579 1670 718 1735 hostibus,
748 1688 827 1723 mare
858 1680 952 1723 autem
981 1664 1096 1739 pedibus

52 1736 176 1790 transire
194 1738 386 1804 nonpossint,
409 1745 500 1790 castra
518 1754 582 1790 vero
606 1739 730 1806 ingredi,
752 1741 943 1808 turpissimum
967 1741 1010 1790 sit.
1043 1740 1097 1787 Aut

54 1813 135 1860 certe
153 1808 238 1864 etiam
255 1806 309 1858 hoc
332 1806 519 1872 impossibile,
536 1807 565 1872 ,si
588 1807 624 1859 ab
648 1808 772 1859 hostibus
791 1811 966 1875 obsidentur,
989 1812 1020 1856 ut
1037 1804 1098 1873 qui·

55 1873 126 1925 dam
143 1874 250 1939 volunt,
273 1875 471 1943 intelligentes:
505 1876 542 1926 Et
564 1876 638 1945 rapit
654 1894 718 1929 acer
744 1886 835 1930 totam
861 1882 950 1929 aciem
976 1875 1006 1927 in
1025 1874 1098 1926 Teu·

56 1959 129 2008 cros,
146 1943 251 1997 scilicet
267 1957 347 1998 suam
365 1960 448 2012 quam
467 1943 585 1997 ducebat
597 1945 697 1999 ceteris
713 1946 824 2001 relictis.
859 1947 969 2014 Magne
988 1943 1097 1995 claudit

56 2028 113 2062 nos
138 2012 215 2066 obice
239 2025 358 2078 pontus;
382 2011 576 2085 [periphrasis.
609 2015 629 2067 I.
653 2033 677 2066 e.
700 2015 773 2067 mari
796 2014 970 2078 claudimus]
1010 2012 1097 2063 Modo

648 1052 793 1118 evictisque
816 1051 904 1111 belle,
934 1050 1027 1115 linita,
1053 1042 1103 1097 est-¹
1196 1071 1206 1092 t

54 2095 121 2130 usus
145 2080 231 2137 habet
254 2089 285 2133 ut
315 2081 361 2136 hic
385 2083 453 2131 obes
478 2079 617 2133 dicamus:
648 2084 720 2137 unde
752 2085 865 2153 qnidam
892 2102 992 2151 magno
1019 2082 1098 2135 obice
1134 2072 1162 2111 ·'
1190 2111 1193 2117 ·

55 2147 165 2214 legunt·
196 2150 309 2218 Antiqui
334 2148 419 2202 etiam
443 2148 511 2199 haee
529 2154 597 2202 obex
622 2153 766 2218 dicebant,
792 2154 944 2206 secundum
967 2151 1039 2218 quod
1057 2155 1107 2207 est,

59 2235 165 2284 magna
186 2219 271 2274 obice.
306 2219 377 2271 Hinc
401 2219 524 2286 estquis
547 2221 674 2278 nonnulli
690 2221 775 2273 vitent
792 2222 901 2290 generis
918 2221 1099 2282 dubietatem,

58 2294 89 2338 et
111 2286 206 2354 legunt
231 2288 345 2353 magni,
367 2286 473 2340 scilicet
495 2289 589 2343 maris.
631 2290 722 2361 Caper
747 2297 842 2344 tamen
866 2291 896 2344 in
918 2290 995 2342 libris
1011 2287 1099 2339 Dubii

57 2354 177 2408 Generis
192 2357 295 2423 prohat
312 2355 366 2406 dici
384 2362 411 2406 et
428 2353 474 2407 bic
494 2358 562 2408 obex
583 2367 616 2413 ,et
632 2359 700 2412 boec
718 2360 804 2412 obex.-
827 2360 901 2428 quod
925 2367 955 2408 nt
972 2357 1098 2421 diximus,

58 2422 144 2475 hodie
168 2424 202 2479 de
225 2441 276 2487 usu
299 2425 420 2477 recessit.
437 2451 471 2463 -
513 2433 574 2484 378.
600 2427 746 2495 [Troiam
769 2429 788 2480 i.
806 2447 829 2480 e.
848 2435 947 2486 ,castre
965 2425 1099 2479 Troiano·
1184 2419 1190 2440 '

10 2504 13 2510 ’
57 2489 144 2556 rum}
159 2520 195 2530 -·
229 2498 289 2550 379.
310 2492 422 2543 Densus
440 2498 598 2562 prorumpit
623 2500 654 2547 in
679 2497 787 2560 hostem
812 2508 843 2547 ut
866 2496 912 2549 eos'
936 2498 1098 2546 hortaretur

51 2558 247 2630 ,exemplo.'-
281 2567 343 2620 380.
360 2561 441 2611 Fatis
460 2565 585 2629 iniquis,·
610 2567 712 2617 exitum
736 2564 948 2634 praeoccupavit
962 2566 1096 2615 futurum.

58 2654 95 2671 ···
136 2629 330 2696 ott-Magno
355 2633 493 2696 pondere,-
524 2632 595 2698 [hoc
619 2633 677 2697 est]
701 2635 798 2700 magni
827 2633 971 2700 ponderis;
1001 2638 1032 2680 ut
1056 2635 1098 2696 (3,

58 2697 146 2758 2863:
172 2698 241 2751 Aere
260 2706 327 2751 cdvo
347 2701 485 2764 clypeum,
511 2703 609 2765 magni
626 2713 769 2767 gestamen
788 2704 923 2765 Abantis,
944 2715 996 2770 pro
1021 2700 1098 2748 aeris
1151 2698 1153 2705 '

12 2760 17 2773 ¹
59 2769 134 2819 cavi.
152 2791 186 2806 -·
220 2774 282 2824 333.
298 2767 444 2832 Recensum
468 2764 530 2818 ideo
554 2771 755 2836 frequentativo
782 2786 843 2822 usus
868 2778 922 2832 est,
946 2769 1009 2837 quia
1034 2765 1100 2833 [in]-'‘

59 2835 226 2892 haerentem
250 2834 357 2886 iustam
382 2835 485 2886 ossibus
509 2836 627 2888 avellere
650 2838 732 2890 facile
754 2854 811 2890 non
834 2845 950 2906 poterat.
984 2837 1031 2909 [Et
1055 2850 1098 2886 ex·
1120 2842 1123 2848 '

59 2904 161 2972 pressit
183 2919 293 2959 moram
318 2903 458 2970 quandam
482 2910 510 2953 et
535 2905 710 2957 molitionem
734 2904 921 2970 extrahentis]
955 2906 1029 2967 Ergo
1056 2920 1097 2954 re-

61 2984 151 3037 ceptat
174 2979 230 3036 est,
253 2971 393 3040 frequenti
418 2986 450 3020 co
472 2972 595 3023 cussione
619 2973 730 3030 divellit.
770 2975 849 3042 [Tele
867 2981 953 3030 estet
975 2969 1041 3024 illud
1060 2974 1099 3037 (2,
1170 2974 1173 2983 ’

59 3042 149 3104 674.);
172 3040 327 3106 clypeoque
351 2989 500 3093 emunim
519 3038 694 3097 insertabam
719 3041 842 3110 apione]
857 3070 891 3089 ψ.-
925 3045 987 3102 384.
1008 3039 1098 3111 Quem

60 3126 120 3165 non
148 3127 232 3176 super
257 3121 388 3176 occupat,
412 3110 510 3176 [quem
535 3127 633 3176 super,
655 3112 765 3180 Legum
789 3112 950 3168 subauditur
973 3116 1100 3175 stantem,

56 3178 81 3245 i.
99 3177 135 3242 e]
152 3193 237 3245 quem
254 3194 310 3228 non
328 3178 445 3245 desuper
462 3186 592 3245 occupet3
617 3179 679 3232 ideo
697 3189 791 3237 autern
808 3181 938 3250 desuper,
955 3178 1020 3246 quia
1038 3177 1100 3231 Pal-

60 3246 104 3298 las
126 3247 162 3298 ad
185 3246 356 3301 evellendam
379 3246 490 3303 hastam
513 3248 606 3299 fuerat
624 3248 775 3305 inclinatus.
792 3277 827 3295 -.
862 3255 923 3307 385.
941 3248 1021 3305 Nam·
1036 3244 1116 3299 Pet·

63 3316 110 3368 las
128 3323 195 3375 ete.;
220 3315 288 3366 ordo
310 3322 367 3368 est:
389 3329 458 3367 nam
482 3316 602 3389 eundem
619 3317 706 3372 Pallas
730 3326 794 3375 ante
818 3317 932 3384 excipit,
954 3317 972 3373 i.
991 3334 1016 3369 e.
1035 3315 1098 3366 dolo

62 3380 209 3443 interimit.
243 3383 291 3435 Ille
310 3383 386 3435 enim
402 3382 527 3438 meamus
545 3384 645 3439 ruebat
662 3386 707 3453 (al.
719 3381 845 3454 fuerat),
866 3389 960 3439 lutens
984 3393 1100 3453 propter

43 3452 207 3506 'crudelem
233 3458 355 3504 mortem
379 3451 495 3515 sodalis3
532 3452 605 3506 unde
631 3462 659 3510 et
681 3455 806 3519 incautus
829 3457 928 3511 frier-at.
955 3454 993 3497 ν’
1038 3458 1100 3509 387.

63 3520 187 3573 Tumida
214 3522 245 3575 in
270 3521 417 3587 pulmone,-
450 3527 478 3571 et
501 3523 662 3575 naturaliter
686 3525 810 3590 tumido,
840 3530 870 3579 et
893 3523 955 3592 quia
979 3521 1099 3574 iurabat·

63 3590 100 3646 1η
117 3592 251 3658 pulmone
268 3598 363 3645 autern
382 3588 523 3653 recondit,
539 3590 712 3648 Archaisnros
729 3588 790 3656 ¹e'st,
814 3607 865 3661 pro
884 3595 915 3642 in
932 3592 1100 3658 pulmonem.
1192 3606 1198 3611 ·

63 3686 100 3705 *-
135 3666 196 3717 388.
213 3657 301 3726 [Hine
319 3657 477 3709 Sthenelum
495 3663 578 3724 potin
602 3677 653 3731 pro
678 3673 761 3725 tune,
784 3660 838 3711 loci
862 3660 1024 3717 adverbium
1048 3675 1100 3730 pro

63 3726 218 3794 temporis]
251 3726 353 3784 Rtom
371 3727 403 3779 de
420 3737 500 3794 gente
518 3739 628 3783 vetusta
642 3729 857 3792 Anchemolum
874 3729 944 3781 haec
960 3728 1055 3786 fabula
1071 3728 1102 3784 in

64 3794 331 3866 Latinisnusquam
355 3794 494 3849 invenitur
518 3797 684 3849 auctoribus.
719 3799 840 3855 Abienus
866 3798 981 3866 (Avien.)
1005 3806 1102 3858 tamen

63 3864 113 3932 qui
134 3872 226 3920 totum
242 3865 402 3933 [Virgilium
426 3862 466 3927 et]
489 3862 600 3919 Livium
623 3865 724 3924 iambis
742 3867 864 3938 scripsit,
888 3866 960 3919 hanc
978 3882 1103 3922 comme·

64 3941 174 3998 moret,
198 3934 292 3987 dicens
318 3933 455 3991 Graecam
480 3947 546 3990 esse.
580 3935 703 3987 Rhoetus
727 3940 794 4003 ergo
818 3936 1030 3992 iliarrultioruni
1052 3949 1101 3987 rex

62 4002 158 4054 iuerat
173 4002 204 4053 in
220 4001 308 4064 Italia,
325 4001 372 4070 qui
388 4001 558 4055 Anchemolo
575 4003 632 4058 ulio
650 4004 812 4072 Casperium
830 4003 989 4072 superduxit
1003 4002 1101 4061 noser·

65 4082 142 4129 cam:
165 4070 237 4125 hane
255 4070 402 4148 ‚privignus
424 4070 568 4137 stupravit.
609 4071 670 4149 Quo
693 4073 821 4149 cognito,
842 4088 908 4131 eum
931 4088 998 4133 eum
1020 4079 1101 4150 pater
