2454 4500
157 289 195 331 m
216 266 375 351 VlliGlL.
397 262 569 327 AENElD.
592 263 671 325 [ΑΒ.
694 264 754 337 ΙΙΙ,
775 266 974 331 ati-252·
1027 264 1094 328 207

39 454 77 508 in
94 450 320 522 generalitatem.
354 450 399 503 Sic
416 459 444 505 et
459 453 622 523 peregrinos
639 448 761 521 Neptuni
784 447 854 500 filios
870 447 1002 501 dicimus:
1026 462 1095 517 quo·

42 539 116 576 rum
134 521 298 590 ignoramus
321 529 458 590 parentes.
494 520 626 588 [Quadam
651 519 749 586 Pelagi
776 517 970 570 adverbialiter
994 518 1096 585 accipi·

45 598 116 657 unt,
140 597 173 640 ut
197 591 279 655 belli,
301 596 332 640 ut
356 590 447 656 domi,
470 597 619 659 propterea
643 589 715 656 quod
739 603 784 639 res
807 587 836 637 in
853 587 945 638 Insula
967 582 1097 655 geritur]

47 660 104 712 alii
128 674 198 711 vero
224 659 332 724 dicunt,
362 657 497 729 Harpyias
525 658 594 709 filias
618 672 675 708 esse
699 656 882 708 Thaumantis
908 664 937 707 et
960 657 1096 710 Electrae.
1123 656 1127 663 “

49 726 161 795 (Guelf.
177 728 198 778 Ι.
216 728 292 779 add:
311 743 381 795 quae
400 729 437 778 sic
456 726 597 778 dicuntur:
615 725 700 791 elloo,
717 725 839 794 cypudo,
857 725 992 792 podarce,
1010 741 1096 793 quam

49 795 185 864 Virgilius
208 796 324 858 celeno.)
359 795 509 912 &aetiam
534 802 689 847 cruenure.
732 794 852 845 Ennius:
876 793 961 846 Ferro
980 793 1097 862 foedati

52 863 171 930 iacent]
193 890 229 902 -
260 869 339 922 2112.¹
386 867 425 915 im
450 865 558 931 plumis
583 864 688 927 ullam3
721 862 848 913 naturale
881 863 956 913 enim
980 870 1036 928 est,
1065 872 1098 914 ut

54 933 151 986 claudat
171 932 260 984 ictum
283 933 444 1005 plumarum
461 933 562 984 levitas.
597 932 675 983 Unde
695 940 722 983 et
740 931 843 981 addidit
862 931 978 983 Plumis.
1014 930 1097 999 Nam,

95 1002 133 1054 ozl
157 1000 284 1053 Donatus
307 1002 395 1067 dicit,
424 1002 487 1054 ideo
518 1018 563 1053 eas
592 1001 675 1052 fuisse
704 999 940 1067 invulnerabiles,
970 1000 1037 1071 quia
1060 1000 1098 1055 (le

56 1073 140 1139 btyga
157 1077 240 1122 erant
255 1081 346 1137 natae,
362 1086 420 1122 non
437 1069 579 1140 probatur.
596 1095 631 1107 —
666 1075 728 1128 244.
747 1069 914 1137 [Semesam‚·
933 1071 1098 1124 semicome·

56 1137 142 1209 sam.]·
175 1139 252 1190 Vasti
273 1141 317 1206 ia;
341 1137 406 1207 [vel]
423 1140 526 1206 pedum
544 1139 636 1206 signa:
660 1138 714 1207 [vel
729 1136 864 1188 indicium
881 1138 1019 1205 sordium,
1037 1139 1098 1209 qui-

56 1207 107 1259 bus
129 1207 225 1277 epulas
248 1157 417 1261 discedentes
440 1205 619 1276 polluebant]
636 1235 672 1246 -
705 1211 767 1264 246.
787 1205 894 1270 Infelix
913 1220 1008 1274 vates,
1026 1224 1098 1261 nun·

58 1277 95 1329 tia
116 1275 301 1328 infelicitatis:
324 1285 356 1326 ut
379 1275 538 1345 [Homerus]
561 1277 606 1342 (ll.
624 1274 759 1342 a,106.):
782 1271 867 1343 pirre
891 1275 990 1331 suevia.
1026 1279 1097 1346 [Hoc

60 1354 97 1398 est
112 1344 196 1398 nobis
212 1344 320 1411 infelix,
333 1352 381 1410 ut,
397 1343 438 1394 Sis
455 1343 534 1410 felix,
551 1345 569 1395 i.
588 1362 611 1397 e.
628 1346 722 1410 nobis,
747 1351 775 1395 ct
791 1345 900 1396 videtur
916 1346 962 1397 hic
980 1346 1096 1414 auspicii

62 1428 143 1483 gertus
164 1413 305 1471 inducere
326 1413 487 1466 «secundum
517 1429 651 1480 augures,
683 1412 758 1482 quod
788 1413 822 1464 de
853 1413 920 1465 diris
948 1416 1096 1485 colligitur,

63 1498 177 1551 quorum
201 1499 290 1534 unum
313 1498 400 1552 genus
425 1489 467 1535 est
490 1483 564 1550 quod
591 1499 623 1535 ex
645 1482 732 1552 siguis
756 1481 910 1550 colligitur,
942 1500 998 1553 quo
1021 1492 1097 1537 nuu'c

65 1552 172 1605 utimur.
209 1551 313 1603 Dirum
336 1559 430 1603 atatem
454 1567 512 1603 esse
537 1552 689 1622 Harpyium
712 1549 816 1616 duplici
839 1551 923 1601 modo
947 1560 1098 1620 memorat,

67 1627 89 1672 at
103 1620 350 1672 oscinisetalitis:
368 1617 473 1671 etenim
491 1621 640 1671 eumfacit
664 1619 825 1688 loquentem
844 1620 981 1686 oscinem,
1007 1621 1098 1692 auspi·

10 1727 13 1736 .
69 1686 131 1739 tium
146 1689 328 1759 expungitur,
350 1688 444 1740 dirum
467 1695 563 1740 tamen
579 1689 652 1756 quod
669 1690 793 1740 laturam
815 1689 920 1740 famem
938 1690 1097 1755 denuntiat;

70 1771 125 1808 tum
146 1759 207 1826 ipse
231 1758 271 1808 ait
294 1757 400 1823 (362.):
430 1757 495 1807 Sive
521 1757 605 1821 deae3
628 1774 677 1808 seu
702 1758 761 1807 siut
785 1756 865 1808 dirae
891 1759 1098 1827 obscoertaeque

72 1827 194 1878 uolucres.
235 1826 272 1876 Et
295 1826 405 1893 (abab
430 1825 524 1892 Quam
549 1844 599 1876 vos
625 1827 689 1877 dira
708 1825 813 1893 sames.
849 1827 953 1877 Verum
976 1844 1040 1878 cum
1059 1829 1099 1881 ait

11 1921 22 1953 Ξ
72 1894 152 1958 (ibib
179 1895 281 1947 Piuuis
299 1896 394 1945 ablata
414 1895 536 1964 refugit,
561 1895 596 1946 ab
614 1895 679 1946 alite
696 1894 850 1960 auspicium
867 1895 972 1947 factum
990 1896 1098 1950 docuit:

12 1989 22 2020 2
73 1960 138 2017 aliter
154 1965 254 2032 (alites)
273 1963 348 2014 enim
366 1971 443 2015 certa
460 1980 564 2032 genera
582 1963 673 2015 avium
692 1963 727 2012 ab
746 1962 895 2033 augmibus
914 1965 1097 2035 appellantia,

10 2040 23 2088 -ἐ
74 2043 129 2096 quae
151 2032 245 2104 pinnis
268 2033 311 2083 vel
333 2031 425 2083 volatu
449 2031 543 2082 omina
568 2040 680 2102 possunt
703 2034 813 2094 facere,
865 2047 916 2084 uae
939 2035 963 2085 si
992 2034 1099 2099 fuerint

12 2123 40 2139 ⁴·
74 2113 220 2169 prosperae,
244 2113 403 2169 praepetes,
434 2102 455 2152 si
481 2100 609 2153 adversae
635 2100 765 2152 inbilrae
790 2048 935 2165 (inelrae3
959 2103 994 2154 cf.
1019 2101 1096 2169 461.)

10 2194 24 2227 :³
74 2165 200 2236 dicamur,
223 2169 298 2239 quod
321 2169 406 2222 etiam
430 2170 460 2222 in
478 2169 535 2219 ΧΗ.
555 2170 640 2236 (862.)
664 2166 802 2238 significat
818 2185 882 2220 cum
900 2171 983 2221 dicit:
1009 2173 1098 2224 Alitis

10 2267 25 2295 a
75 2234 208 2307 luparuae
228 2240 455 2303 subita-collecta
475 2238 621 2306 figuram
646 2239 695 2291 ubi
717 2255 781 2290 vere
799 2237 891 2289 diram
914 2241 970 2290 vult
990 2239 1105 2307 videri}

11 2318 19 2339 ²
75 2300 174 2375 Rumpit
197 2322 307 2367 uocem3
332 2325 397 2371 curn
421 2308 610 2374 indignatione
634 2308 775 2376 loquitur:¹
792 2316 823 2357 ut
847 2312 907 2375 (10,
924 2308 994 2372 63.):
1019 2308 1098 2375 Quid
1135 2331 1138 2335 ·

10 2402 25 2433 ,ι
76 2388 105 2424 me
125 2378 180 2428 alta
206 2379 321 2429 silentia
348 2378 427 2444 cogis
451 2376 610 2444 Rumpere?
646 2377 683 2427 Et
705 2377 873 2440 notandum,
898 2384 1034 2446 utsupra
1053 2381 1099 2445 (2,

22 2486 26 2497 ,
76 2442 131 2507 tta.)
146 2446 277 2511 diximus,
295 2446 413 2510 Rumpit
431 2462 540 2497 vocem.-
566 2447 643 2512 [eum
659 2445 712 2495 hoc
731 2445 765 2496 de
782 2445 889 2497 silentio
907 2446 1006 2497 melius
1024 2446 1098 2499 dica·

10 2546 25 2555 -
75 2515 108 2562 tu
127 2513 196 2569 fieri,
237 2516 280 2566 An
306 2517 425 2587 rumpit,
456 2515 520 2582 quia
543 2521 652 2564 tanturn
677 2515 832 2565 humanam
856 2513 962 2565 habens
986 2516 1099 2582 faciem,

10 2605 25 2635 s·
75 2589 305 2636 mussitarem
328 2583 369 2634 sui
393 2584 517 2652 corporis
539 2583 680 2650 loquitur?
706 2607 739 2620 -·-
783 2587 845 2640 247.
869 2582 979 2634 Bellum
1012 2587 1098 2635 etiam

12 2663 19 2672 ’
75 2663 112 2711 pro
128 2654 207 2703 caede
226 2651 486 2718 Boum.stratisque
505 2655 649 2715 iuvencis,·
674 2651 806 2702 iteratum
825 2652 918 2704 estad
936 2653 1098 2719 augendum

10 2728 21 2775 ξ.
75 2714 202 2786 iuvidiam,
220 2729 251 2771 ut
268 2721 366 2781 (326.);
392 2720 494 2788 Stirpis
513 2720 653 2769 Achilleae
666 2720 781 2788 fastus,
800 2723 983 2785 iuuenemque
1002 2740 1099 2790 super·

10 2806 17 2838 2
49 2784 135 2839 rium.
168 2792 222 2841 Aut
244 2805 312 2841 num
336 2797 440 2841 aetates
457 2789 542 2839 boum
560 2789 653 2839 volunt.
676 2788 948 2858 comprehenderel]
965 2817 1000 2826 -
1035 2795 1099 2849 248.

10 2869 15 2901 t
76 2850 344 2918 Laomedontiadas}
359 2858 471 2926 perfidi:
496 2875 513 2908 a
535 2873 602 2923 rege
626 2864 725 2922 nutum
744 2857 943 2924 opprobrium,
967 2860 1014 2926 qui
1033 2859 1099 2910 deos

10 2942 11 2947 ¹
74 2921 169 2978 fefellit.-
199 2927 281 2996 [Sane
299 2925 365 2978 alibi
389 2926 583 2978 indifferenter
606 2925 660 2975 hoc
684 2941 788 2976 nornen
813 2943 843 2976 ex
862 2941 980 2995 persona
998 2932 1099 2994 potitae

26 3028 34 3049 -.
73 2994 183 3060 ponitur,
199 3004 231 3046 ut
249 3000 290 3063 (8,
309 2994 376 3054 18.);
400 2993 622 3045 Laomedontius
641 2993 795 3058 heros‚'(7,
814 2992 899 3058 105):
923 2994 1100 3048 Laomedon-

73 3062 109 3109 tia
128 3065 218 3128 pubes.
263 3064 424 3126 Italiamne,
455 3064 609 3114 necessario
633 3063 758 3126 iteravit,
790 3071 820 3112 ut
844 3062 959 3114 verbum
987 3065 1017 3116 in
1042 3081 1099 3134 quo

72 3128 141 3197 culpa
163 3131 313 3198 consistit]
337 3159 371 3168 -—
420 3137 481 3188 249.
508 3131 603 3183 Patrio
631 3149 733 3198 regno,-
759 3129 829 3198 [aut]
852 3132 1008 3202 Neptunio,
1032 3135 1100 3201 [aut,

10 3240 24 3265 ,Ι
71 3195 133 3248 sicut
148 3200 192 3252 alii
209 3191 319 3262 dicunt,
337 3201 401 3270 quia
420 3201 560 3253 Thaumas
579 3209 657 3269 paler
677 3215 775 3250 earum
795 3215 826 3250 ex
844 3200 954 3251 Electra
972 3202 1052 3252 Ponti
1071 3208 1100 3254 et
1157 3192 1161 3201 ¹

72 3263 164 3322 Terrae
182 3269 253 3321 filius
270 3270 329 3320 fuit.
366 3269 419 3319 Alii
436 3272 544 3336 patria,
561 3268 674 3336 proprio
694 3267 849 3335 accipiunt,
867 3275 898 3317 ut
915 3269 961 3334 (G.
980 3268 1100 3333 1,52.):

10 3346 12 3357 '
70 3332 103 3383 Et
116 3342 218 3403 patrios
237 3340 384 3405 cultusque
403 3339 545 3402 locorum,
562 3345 594 3387 ut
610 3353 680 3404 quae
698 3340 726 3403 (i.
745 3336 778 3398 e.)
795 3336 937 3404 proprios,
954 3353 1100 3405 nunquam

71 3407 132 3469 (non
147 3407 225 3474 quos)
261 3408 363 3459 atrium
382 3407 443 3474 agri
467 3408 602 3458 habeant:
627 3404 661 3472 [*]
678 3407 731 3456 Aut
756 3414 786 3455 ut
810 3405 871 3470 alii,
896 3406 1027 3472 quoniam
1044 3407 1100 3462 Ne·

69 3474 139 3552 ptupi
154 3476 225 3529 filiae
242 3427 375 3539 luerunt]
388 3501 423 3512 -
457 3482 518 3534 250.
534 3476 655 3540 Accipite
672 3492 753 3541 erg03
774 3473 838 3541 quia
853 3489 902 3524 nos
921 3474 998 3525 bellis
1016 3493 1102 3549 appe·

68 3542 142 3594 tratis:
173 3562 205 3596 aa
229 3545 252 3595 si
274 3545 393 3610 diceret,
418 3551 448 3593 ut
473 3547 595 3595 suturam
619 3546 726 3595 samem
750 3543 809 3593 iam
834 3558 908 3593 nunc
933 3546 1041 3610 possitis
1065 3545 1099 3598 ti·

68 3625 145 3664 merc.
162 3639 195 3652 -
230 3619 293 3671 251.
317 3612 396 3679 Quae
416 3612 520 3665 Phoebo
540 3625 618 3681 pater
643 3615 835 3679 amnipotens3
862 3610 960 3662 tribuit
978 3615 1098 3665 astatori-

66 3686 160 3746 tatem,
183 3700 219 3735 ue
245 3684 351 3749 possint
375 3700 392 3733 a
410 3699 438 3733 se
458 3680 531 3733 dicta
548 3683 637 3750 [quasi
654 3681 689 3732 ab
714 3682 784 3731 irata
803 3678 931 3744 conficta]
949 3682 1098 3735 rontemni

64 3746 144 3802 Simul
159 3751 327 3815 notandum,
343 3750 500 3820 Apollinem
518 3767 587 3821 quae
605 3751 672 3802 dicit
689 3769 704 3800 a
722 3751 784 3800 love
802 3764 977 3814 cognoscere.
1015 3749 1098 3802 Phoc-

17 3828 20 3833 '
64 3818 112 3870 bus
128 3820 226 3886 Apollo
235 3843 245 3882 ,·
263 3835 362 3889 purus,
380 3819 552 3888 impollutus:
577 3827 605 3871 et
623 3826 663 3872 est
679 3818 812 3887 Apollinis
830 3818 914 3866 lirum
933 3828 1099 3874 antonoma-

63 3891 156 3940 sivum:
174 3889 250 3957 quod
269 3889 314 3940 alii
331 3888 392 3938 dari
409 3903 466 3938 non
484 3896 580 3958 potest.
616 3889 688 3937 Nam
707 3894 769 3936 sunt
788 3884 839 3952 [et]
858 3885 912 3936 alia
929 3889 1098 3953 communia,

62 3964 98 4009 ut:
125 3957 205 4008 Pater
230 3961 413 4023 amnipotens.
433 3981 467 3991 -
501 3963 563 4015 252.
582 3955 736 4006 Furiarum
757 3958 899 4020 maxima,
926 3956 995 4007 adeo
1020 3956 1100 4026 ipsas·

59 4034 116 4078 trust
132 4028 238 4090 fumea,
263 4033 292 4076 ut
316 4033 345 4080 at
367 4040 456 4078 unum
479 4026 620 4092 epitheton
644 4024 781 4088 habeant,
806 4030 834 4075 et
852 4024 907 4090 (ex)
924 4025 1012 4075 carnia
1030 4041 1097 4076 con·
