2454 4500
178 296 214 361 n
238 270 396 354 umore,
420 272 592 365 neuun.
614 256 759 354 tmjx,
780 276 974 350 cro-too.
1033 285 1095 349 ns

51 470 107 515 tur
131 461 207 516 ersirn
231 462 350 533 pupillae
373 462 470 517 mortis
494 472 620 582 tempore
643 460 790 516 albescere.
808 484 848 503 ν-
887 460 1095 523 419‚'1nr‘ecere

17 564 23 571 ·
53 549 180 585 manum
206 530 325 598 Parcae3
351 540 494 585 traxerunt
516 534 550 584 de
571 534 642 583 itum
665 532 726 583 sibi.
767 526 803 583 Et
825 549 953 587 sermone
974 549 1037 585 usus
1054 541 1096 586 est

53 601 137 653 iuris.
171 601 245 652 Num
262 619 364 651 manus
384 604 498 652 iniectio
517 603 639 665 dicitur,
665 603 793 668 quatiens
818 603 898 652 nulla
916 603 1023 655 iudicis
1041 621 1093 652 au-

51 672 190 720 ctoritate
208 683 379 736 suspectata,
403 687 460 721 rem
478 672 560 721 nobis
585 670 705 739 debitam
729 671 916 721 vindicamus.
949 671 1094 739 [Teii-tque

55 746 128 799 etc‚;
152 738 245 788 multis
263 740 455 808 experimentis
473 737 638 801 ostenditur,
656 738 801 803 Virgilium
818 738 954 791 subtiliter
971 749 1001 792 et
1018 741 1093 793 eliud

52 813 191 873 egentem
207 807 294 857 ritum
307 807 550 859 vetustissimorum
567 822 709 858 sacrorum
727 808 840 859 referre.
874 808 925 857 Hic
944 823 1010 876 ergo
1028 825 1092 860 cum

54 873 145 939 die-lt,
173 876 291 941 telisque
315 886 467 925 sacrarunt
491 874 638 936 Euandri,
669 874 749 925 docet
772 874 904 943 quidquid
928 876 1093 930 destinatum

51 943 129 1008 diis,
153 943 182 994 id
203 943 488 1011 sacrumpsppellari.
521 942 661 999 Perveniri
683 951 776 995 autem
794 944 828 995 ud
845 944 909 994 deos
924 951 982 996 uon
1006 962 1093 1016 posse,

50 1012 115 1065 enisi
136 1011 225 1065 libera
248 1028 332 1065 onere
356 1011 479 1080 eorporis
502 1011 586 1063 fuerit
609 1011 715 1076 enims,
744 1011 818 1078 qnod
841 1010 893 1063 nisi
916 1022 1007 1066 morte
1030 1014 1093 1066 beri

51 1095 118 1132 uon
136 1089 238 1146 potest:
256 1089 410 1150 opportune
428 1095 494 1150 ergo
509 1080 555 1132 hic
568 1092 711 1131 sacratum
725 1079 863 1141 Halesum
879 1081 1008 1150 loquitur,
1026 1098 1092 1134 cum

51 1149 227 1204 imminebat
248 1146 393 1213 interitus]
416 1176 450 1187 -
490 1152 552 1205 421.
576 1148 624 1198 Da
650 1166 726 1199 nunc
751 1149 833 1199 Tibri
854 1160 948 1216 pater3
972 1150 1092 1203 vicinum

50 1216 169 1269 invocat
184 1234 303 1282 numen,
328 1220 402 1285 circe
424 1219 500 1268 cuius
516 1216 590 1284 ripas
608 1216 679 1270 bella
703 1225 871 1270 tractantur:
893 1219 932 1269 sic
956 1234 1039 1286 supra
1056 1226 1092 1287 (9,
1165 1270 1167 1277 ⁴

47 1285 148 1346 4040:
180 1285 223 1335 Tu
249 1288 315 1351 dea,
336 1298 367 1336 tu
392 1303 524 1352 praesens
548 1299 643 1338 nostro
668 1302 806 1338 succurre·
825 1287 927 1339 labori.
949 1313 984 1325 -
1028 1292 1091 1346 422.

48 1350 166 1422 [Duri3
185 1363 232 1407 sut
247 1354 339 1417 lortis3
356 1363 404 1405 sert
419 1355 511 1425 asperi
528 1361 557 1406 et
574 1356 690 1407 crudelis
706 1356 735 1421 in
752 1354 862 1420 hostes]
878 1382 913 1393 -
946 1359 1009 1414 423.
1027 1356 1090 1407 Tua

56 1438 198 1489 quercum
220 1423 250 1475 in
267 1423 320 1474 tuis
337 1421 403 1503 ripis
421 1431 522 1476 cresto.
557 1425 638 1492 [Sane
655 1424 779 1491 superius
802 1429 843 1490 (3,
860 1423 916 1492 84.)
938 1422 972 1475 de
988 1424 1092 1502 specie·
1112 1428 1117 1437 ’

56 1491 115 1543 bus
133 1492 222 1543 stetivi
239 1492 347 1559 eugruir
365 1492 469 1544 uictum
487 1500 535 1559 est,
551 1493 580 1545 in
599 1493 696 1560 quibus
714 1493 874 1558 capillorum
893 1509 950 1545 esse.
967 1492 1093 1560 diximus,
1170 1488 1175 1507 ³

46 1559 136 1629 quod
148 1560 274 1613 hocloco
288 1560 383 1628 tangit.
409 1561 535 1627 Capillos
543 1568 635 1613 eutem
643 1561 751 1625 dicitur,
759 1576 823 1611 cum
835 1560 981 1629 auspicato
989 1561 1092 1615 arbore

50 1629 168 1698 cupitur
186 1636 215 1681 et
230 1638 405 1682 consecretur
421 1630 489 1681 Iovis
506 1631 624 1698 fulguru
647 1630 714 1681 dicit
730 1629 806 1681 enim
823 1630 865 1681 his
883 1629 1016 1683 versibus:
1042 1628 1091 1682 Du

55 1712 138 1747 nureo
152 1705 207 1765 etc.
240 1695 318 1747 Haec
335 1716 414 1748 arma
434 1707 499 1759 etc.;
523 1699 568 1749 hic
587 1714 653 1766 ergo
672 1713 734 1747 rum
753 1698 886 1750 arborem
910 1698 1037 1751 nominet
1053 1700 1092 1751 vi·

52 1767 142 1817 detur
156 1765 255 1819 veteris
277 1766 344 1817 ritus
361 1766 492 1819 iuducere
510 1765 702 1831 mentionem]
720 1792 754 1804 ·-
788 1769 850 1825 424.
867 1766 966 1823 Audiit
972 1790 982 1831 ,·
1006 1768 1090 1819 modo

50 1834 195 1900 exaudiit,
219 1842 247 1886 et
263 1834 299 1885 sd
316 1838 446 1886 eflectum
464 1835 581 1887 deduxit.
616 1835 699 1886 Paulo
722 1843 782 1905 post
799 1842 908 1886 tantum
925 1835 1019 1889 audiit.
1054 1837 1091 1889 Ut

53 1906 158 1966 (464.);
181 1903 282 1953 Audiit
298 1905 410 1956 Alcides
429 1907 564 1955 iuvenem.
599 1902 676 1953 Dum
694 1907 776 1968 tesit3
794 1904 862 1954 dum
878 1904 984 1972 spoliat.
1016 1905 1091 1958 Nam

53 1980 167 2040 ternpus
184 1988 312 2040 praesens
330 1979 384 2037 est,
400 1989 456 2023 non
474 1970 674 2044 praeteritum,
691 1971 725 2021 ab
744 1987 778 2023 eo
796 1972 869 2039 quod
887 1980 928 2023 est
944 1985 1014 2025 teeo.
1047 1974 1091 2025 sto

53 2040 184 2093 Plautus:
214 2040 285 2109 Ego.
305 2040 380 2090 bunc
405 2041 545 2092 bominem
570 2039 651 2091 bodie
683 2051 773 2089 tesam
797 2039 849 2105 (R.
870 2041 931 2090 Vos.
957 2041 1048 2095 Guelfi
1070 2042 1091 2094 l.
1188 2028 1190 2034 λ

49 2107 150 2178 Stepb.
168 2107 240 2160 bom.
257 2107 351 2170 detes.)
370 2111 467 2176 pallio.
502 2111 549 2177 [Et
566 2111 648 2175 tegit,
674 2120 712 2172 te,
735 2108 1014 2178 primumlsyllabsm
1030 2126 1091 2161 cor·

52 2177 158 2246 ripuit,
186 2185 217 2227 ut
240 2184 349 2230 tentum
373 2179 507 2248 positione
533 2178 617 2246 longe
640 2177 682 2228 sit.
708 2203 740 2213 -
786 2179 848 2234 425.
872 2175 1014 2227 inermum
1022 2200 1031 2241 ,-
1064 2184 1091 2229 et

52 2248 192 2298 inermem
208 2245 334 2312 dicimus,
351 2255 378 2298 et
392 2244 551 2310 inermum]
564 2273 599 2284 -·
632 2249 695 2311 426.
708 2243 857 2295 Perterrito
871 2240 943 2296 sinit
957 2248 1073 2313 agmina
1080 2269 1091 2311 ,·

52 2312 188 2366 subaudis
211 2332 277 2367 esse.
299 2340 335 2365 .-
375 2319 437 2372 427.
461 2313 593 2383 [Primus
616 2315 766 2377 Abantem3
788 2312 852 2365 ideo
876 2316 1003 2381 primus,
1025 2313 1091 2383 quie

50 2382 175 2434 'comites
198 2380 257 2434 eius'
280 2383 436 2454 exemplum
459 2383 546 2436 secuti
569 2391 644 2449 sunt,
666 2392 734 2436 uem
758 2382 856 2434 infert:
880 2383 1021 2435 Sternitur
1039 2391 1090 2435 etc.

53 2448 111 2516 Et,
133 2452 253 2518 Agmina
271 2462 322 2504 etc.
345 2480 379 2490 —
420 2458 483 2511 428.
499 2451 691 2520 :Oppositum
716 2452 887 2517 obstantem,
908 2453 1017 2505 fortiter
1040 2467 1090 2520 pu-

50 2528 205 2589 gnantem
229 2528 257 2573 et
281 2521 393 2589 quidem
417 2522 534 2573 dubium
550 2522 658 2587 volunt,
684 2528 778 2572 utrum
794 2537 906 2587 pugnae
924 2523 1091 2589 appositum,

53 2607 93 2641 un
119 2591 223 2640 nodum
247 2608 374 2658 pugnae,
399 2590 472 2659 quod
496 2598 537 2643 est
561 2587 686 2654 melius]
719 2589 886 2656 Nariumque
911 2606 1089 2657 moramque,-

54 2659 131 2709 bene
152 2657 258 2710 eddidit
281 2678 402 2723 marein,
425 2676 460 2709 ne
482 2658 587 2710 nodum
610 2658 696 2710 alium
720 2658 915 2724 acciperemus.
947 2658 1020 2709 Nem
1038 2674 1088 2708 no·
1121 2662 1124 2666 “

52 2728 127 2790 etus,
143 2727 256 2796 proprie
272 2734 312 2779 est
328 2727 411 2778 densa
428 2726 553 2794 peditum
571 2725 731 2776 multitudo:
757 2724 827 2775 sicut
843 2736 936 2775 turma
955 2727 1090 2794 equitum,

55 2804 87 2847 ut
102 2795 207 2847 lectum
225 2802 265 2846 est
280 2799 310 2845 in
323 2792 473 2860 Disciplina
490 2793 613 2844 militari.
646 2792 760 2843 Nodum
777 2807 844 2860 ergo
861 2808 913 2862 pro
930 2794 1090 2846 difficultate
1155 2790 1160 2805 '

52 2863 159 2932 accipe,
176 2858 247 2931 q'use
263 2863 304 2912 vir
321 2862 405 2928 possit
420 2861 525 2914 resolvi.
538 2888 572 2898 —
606 2863 668 2918 430.
688 2860 793 2919 ὒταίὶε,
805 2861 952 2931 imperdita
971 2879 1088 2930 corpora

57 2933 177 2997 Teucri3
202 2946 270 2999 quos
288 2929 391 2981 Graeci
407 2931 523 2999 perdere
539 2947 575 2982 ne
617 2929 730 2981 'verunt
766 2928 889 2980 Teucros
906 2944 971 2983 vero
988 2930 1088 3003 occipi-
1136 2960 1140 2965 ·

54 3016 133 3065 mus,
156 3015 224 3068 quos
240 3015 335 3050 secum
352 2998 427 3049 duxit
442 3002 554 3051 Aeneas.
615 3013 662 3049 sm
684 2998 723 3049 uit
741 3004 781 3065 (8,
799 2998 885 3060 547.):
909 2997 1036 3066 Quarum
1056 3000 1088 3051 de

55 3068 248 3134 numeio‚qui
271 3085 329 3118 sese
354 3069 386 3117 in
410 3068 481 3118 bella
505 3078 660 3132 sequantur
683 3064 860 3118 Praestantes
883 3072 986 3120 virtute
1011 3069 1086 3137 legit.
1118 3064 1122 3069 ’

50 3138 127 3191 Alios
143 3153 200 3189 uon
217 3136 348 3203 procedit.
382 3135 454 3187 Nam
471 3136 553 3202 paulo
570 3141 632 3206 post
649 3134 774 3203 erupturi
790 3143 868 3199 suut,
891 3137 940 3206 qui
963 3137 1088 3189 obsiden-

53 3217 101 3259 tur
117 3206 147 3258 in
164 3205 273 3268 castris3
295 3205 448 3272 [inperdita
465 3211 574 3268 sutem,
598 3203 658 3270 quis
674 3212 738 3255 unte
755 3203 865 3270 hunci]
882 3232 919 3243 -
951 3208 1015 3264 432,
1031 3205 1087 3256 Er-

52 3278 137 3329 eretni
155 3276 307 3333 addensent
324 3276 416 3334 acies,·
434 3273 562 3324 Lucanus
580 3274 628 3339 (4,
644 3270 730 3335 7800:
749 3271 894 3339 Quantum
910 3276 977 3342 pede
994 3278 1087 3342 prima

44 3346 142 3407 ¹reiuto
168 3343 214 3411 (sl.
232 3344 341 3404 relecto)
368 3342 542 3407 Constringit
566 3342 646 3408 giras
669 3343 753 3393 acies.
793 3339 904 3393 Denseo
929 3350 1024 3395 autem
1046 3359 1087 3395 ce·
1128 3388 1130 3393 .

51 3413 162 3464 eundae
185 3411 384 3478 coniugationis
409 3418 456 3461 est.
495 3408 554 3460 Nec
580 3410 661 3459 turba
685 3417 753 3472 etc.,·
776 3406 978 3478 Lucanum,
1000 3411 1087 3476 495.);

55 3481 230 3546 Gladiosque
261 3497 329 3531 suos
354 3495 509 3545 compressa
544 3478 670 3540 tirnebat5
702 3477 840 3545 [Quidum
870 3494 935 3531 serre
967 3482 1087 3546 turbam,

51 3550 260 3602 multitudinem
276 3547 425 3615 accipisne
442 3563 507 3597 num
524 3546 622 3615 plurali
639 3560 756 3597 numero
774 3548 885 3611 turbas,
923 3548 1087 3600 esturbatio-
1159 3582 1163 3589 ·

23 3652 27 3665 .
51 3635 103 3681 nes
128 3617 319 3681 dixerunt,„et
342 3617 484 3685 strepitus,
508 3615 580 3666 unde
604 3622 632 3667 et
654 3614 817 3666 Terentium
840 3614 890 3682 (Ad
918 3653 925 3666 .
949 3622 980 3683 5,
997 3624 1029 3682 7,
1047 3618 1085 3680 9.)
1138 3636 1140 3643 ,

29 3686 169 3751 ‘sartan
192 3684 340 3752 lampadas
358 3692 472 3753 propter
493 3684 749 3752 strepitum'volunt
765 3685 876 3749 dixisse,
897 3700 962 3734 cum
985 3701 1085 3752 percus

50 3772 135 3809 senex
152 3770 300 3825 perperam
317 3754 436 3821 (puerp.)
455 3768 505 3818 per
543 3752 664 3803 oblicum
683 3750 744 3803 duci
761 3751 1017 3819 conterminum),
1033 3771 1085 3806 neo

50 3823 197 3895 strepitum
213 3841 263 3894 per
279 3825 374 3873 trubss
391 3769 588 3886 adhiberii—
621 3825 683 3876 438.
707 3818 818 3871 Maiore
844 3821 896 3871 sub
919 3819 1012 3886 boste3
1034 3821 1084 3873 sub

52 3893 210 3945 hostilitate.
250 3891 322 3941 Nem
345 3890 395 3941 sub
421 3887 531 3941 diversis
555 3887 598 3954 (sl.
624 3888 740 3949 advers.)
764 3888 885 3940 hostibus
908 3899 1033 3956 perermt.
1049 3916 1085 3930 -

51 3967 116 4018 439.
139 3960 247 4028 [Monet
270 3976 432 4010 succurrere
458 3956 568 4021 Luuso‚‘
599 3957 731 4023 expositio
755 3958 817 4007 talis
840 3966 893 4009 est:
922 3959 1044 4011 monitus
1066 3977 1084 4015 ι

52 4044 149 4085 sorore
179 4025 311 4082 continuo
340 4031 415 4082 secet
442 4041 560 4097 sgnren,
591 4032 673 4097 etque
697 4031 728 4078 ut
750 4024 818 4078 vidit
840 4027 943 4095 socios,
973 4036 1025 4081 etc.
1048 4053 1083 4067 -
