2454 4500
117 246 189 326 'aas'
343 218 517 319 'saavu
541 253 892 319 contemnamus
928 350 933 355 1

118 444 168 511 gis
185 445 306 507 teretis,
320 441 423 495 ouen.
439 444 472 494 11.
496 443 571 513 logis
588 443 718 506 tbarieis)
742 459 893 514 synonyma
916 441 1023 512 (Gueli.
1041 441 1064 494 1.
1088 452 1163 494 omo·

122 513 211 571 ninia)
228 518 300 561 sunt.
334 510 414 563 Unde
439 510 528 565 his-et
544 514 574 564 in
591 514 755 567 salutatione
773 513 893 578 utimur,
918 520 948 565 et
964 514 995 563 in
1012 511 1166 564 exennia

120 579 215 632 nibus:
246 587 278 628 ut
300 579 447 631 Terentius
470 582 566 647 (Andr.
583 585 616 651 4,
634 592 668 647 2,
687 583 756 643 14.):
776 577 910 641 'Valeant
932 584 985 648 qui
1010 581 1088 631 inter
1113 594 1162 631 nes

121 648 276 699 discidium
294 650 401 700 uolunt.
435 650 513 702 Unde
530 652 614 702 etiam
632 651 702 703 baec
725 650 841 703 mortuis
855 648 989 703 dicimus:
1013 664 1073 701 non
1091 645 1162 718 quod

121 717 161 770 eis
179 724 306 787 optemus
323 717 456 781 saltitem,
477 718 624 788 inquibus
648 719 725 779 rudia
742 736 800 772 esse
816 725 922 787 potest3
945 717 995 770 sed
1013 725 1048 768 ut
1064 713 1163 786 signifi·
1190 770 1192 775 ⁴

121 801 230 850 cemus,
246 800 297 836 nos
314 787 352 836 sic
370 785 494 854 digredi,
511 797 542 838 ut
559 790 744 854 ostendamus,
761 796 971 854 eos-nunquam
987 787 1161 838 in'nostraat

122 852 348 906 communionem
366 869 423 908 csse
439 865 577 923 venturos,
610 858 659 925 [Et
674 857 728 908 hoc
745 857 862 921 verbum
879 857 961 906 Salve
977 854 1057 922 apud
1074 861 1163 907 auoto-

122 939 167 974 res
192 921 278 972 bareos
302 930 345 974 ter
368 924 543 976 sententiatum
565 927 719 978 invenitur:
745 924 828 991 Salpe
845 924 927 976 Salve
935 961 944 988 ,
969 924 1083 975 resalve
1104 919 1161 988 ten]

28 996 32 1003 “
124 993 244 1051 lterum;
267 992 329 1059 [pra
353 990 506 1057 secundot]
530 993 576 1044 hic
600 994 839 1063 distinguendum:
863 1010 931 1044 nam
945 999 1159 1062 „quotempore

124 1059 232 1126 sepeliit
249 1074 329 1123 cum,
351 1059 419 1110 atne
439 1062 499 1113 sine
514 1062 599 1113 dubio
623 1062 702 1117 salve
720 1076 746 1114 et
762 1064 833 1114 vale.
850 1089 886 1099 -
912 1066 965 1118 st.
982 1060 1100 1127 Recepti
1117 1076 1159 1110 ne·

124 1131 277 1195 quicquam
301 1130 427 1193 eineres,·
451 1133 560 1197 cineres
586 1144 637 1198 pro
654 1133 714 1202 ipso
731 1141 811 1201 patra
829 1129 934 1198 posuit:
959 1146 992 1182 ac
1010 1129 1035 1181 si
1053 1130 1160 1193 diceret,

103 1195 197 1273 ,salve
221 1204 300 1263 pater
325 1196 359 1249 de
383 1198 486 1250 Troiae
508 1200 638 1267 periculis
669 1201 720 1267 (al.
743 1208 867 1252 tantum:
903 1196 1010 1260 Troia)
1040 1198 1158 1251 liberate.

124 1262 320 1332 Nequiequam
352 1274 445 1318 autem
478 1268 537 1321 sine
561 1284 659 1334 causa,
690 1278 804 1340 propter
830 1267 904 1337 quod
927 1258 1070 1335 sequitui:
1098 1263 1159 1317 Nan

55 1362 61 1371 ι
126 1334 211 1384 licuit
229 1332 307 1400 fines
325 1334 413 1387 Italos
432 1335 594 1405 jistaliaque
617 1356 696 1389 arua.
731 1337 785 1390 Alii
807 1337 843 1390 ad
866 1336 1014 1389 historiam
1031 1352 1113 1406 supra
1127 1340 1159 1400 (2,

81 1436 86 1448 .
127 1400 198 1462 166)
226 1402 301 1457 diota
325 1402 375 1469 (al.
398 1398 601 1474 supradictam)
624 1409 766 1472 referunt,
788 1406 964 1465 distinctione
990 1411 1117 1469 mutata,
1132 1407 1159 1452 ut

126 1469 234 1522 dicant:
259 1470 375 1542 Recepti
391 1472 494 1524 itanum
511 1475 617 1527 cineres
635 1475 770 1533 semelen
787 1475 889 1538 Troia,
913 1473 1002 1527 semel
1019 1491 1039 1526 a
1054 1472 1158 1525 Diome-

124 1534 176 1589 de:
197 1539 246 1607 qui
263 1539 364 1591 dieinu·
381 1557 442 1593 ossa
459 1543 517 1594 eius
534 1552 615 1596 eruta
631 1560 696 1599 cum
712 1542 833 1596 Palladio
856 1541 1010 1594 reddidisse
1025 1533 1159 1612 [Aeneae]

90 1666 93 1673 ¹
128 1604 323 1686 Nequiequam
349 1617 447 1662 autem
475 1612 628 1663 secundum
656 1612 824 1684 Epicureos,
852 1610 903 1681 qui
931 1610 1045 1676 dicimt,
1073 1608 1159 1661 omnia

127 1691 222 1746 perire
237 1693 304 1728 cum
318 1692 445 1747 corpore.
482 1681 666 1748 Animaeque,
694 1682 863 1748 umbraeque
887 1690 1022 1744 paternae
1029 1701 1042 1743 ,ι
1068 1675 1160 1729 voeati-

99 1770 102 1777 ·
128 1758 178 1823 vus
206 1745 319 1815 pluralis
347 1754 397 1798 est.
437 1747 512 1800 Nam
534 1749 626 1815 Plato,
655 1758 684 1802 et
705 1749 866 1810 Aristoteles,
896 1755 925 1799 et
955 1761 1056 1801 omnes
1085 1742 1161 1819 periti

125 1812 240 1879 dicunt,
263 1815 293 1866 in
310 1814 579 1891 hominesquattuor
602 1833 661 1872 esse
684 1818 807 1870 animas:
830 1817 923 1868 Unam
941 1816 1071 1881 vitalem,
1092 1813 1161 1866 utin

30 1918 33 1925 .
60 1874 65 1894 ‘
100 1924 104 1942 ,
129 1882 270 1936 vermibut
284 1882 335 1953 qui
356 1892 466 1936 tantum
480 1894 636 1939 moventur.
668 1887 758 1943 Aliam
782 1885 957 1951 sensualem,
978 1875 1011 1936 ui
1034 1885 1066 1939 ia
1087 1880 1163 1935 mttds

119 1949 309 2004 animalibus:
334 1953 365 2004 in
389 1953 488 2023 quibus
512 1962 553 2006 est
575 1960 668 2025 sensile
687 1950 715 2008 et
731 1956 840 2007 timoris
857 1961 887 2007 et
903 1952 1008 2022 gaudii.
1043 1951 1162 2007 Tertiam

49 2063 57 2072 .
96 2086 99 2093 Ι
131 2014 356 2088 intellectualem,
372 2031 404 2073 ut
416 2023 445 2076 in
457 2023 624 2089 bominibus,
636 2025 684 2092 qui
697 2032 726 2076 et
737 2031 814 2076 recte
826 2023 961 2093 cogitare,
970 2030 1000 2075 et
1011 2028 1090 2075 reete
1100 2019 1163 2072 iudi·

60 2122 62 2141 .
131 2104 197 2141 care
216 2098 336 2158 possunt.
369 2092 406 2143 Et
422 2110 479 2146 esse
497 2094 584 2146 etiam
600 2101 728 2160 quartam
744 2093 818 2145 infra
836 2107 947 2154 omnes,
964 2107 1040 2159 quae
1056 2087 1166 2157 physice

131 2167 244 2210 vocatur
263 2161 418 2229 [naturalis
426 2161 446 2228 :J
464 2169 494 2212 ut
511 2170 551 2213 est
566 2162 595 2212 in
612 2161 707 2214 herbis
724 2169 752 2212 et
768 2161 799 2212 in
816 2159 973 2224 arboribus,
991 2177 1065 2228 quae
1084 2159 1164 2210 etiam
1207 2196 1209 2201 .

134 2235 213 2278 motu
236 2237 375 2295 caretates,
405 2234 494 2283 vitam
513 2240 608 2283 tamen
638 2231 749 2282 habent.
796 2231 870 2283 Nam
894 2237 923 2280 et
945 2236 1112 2291 nascuntur,
1141 2232 1166 2277 et
1207 2266 1209 2272 .

131 2307 272 2363 crescunt,
291 2308 318 2351 et
335 2310 466 2366 pereunt;
485 2302 556 2353 unde
574 2307 614 2352 est
631 2303 677 2364 (G.
693 2305 727 2364 tt,
745 2300 829 2360 330.):
847 2301 934 2365 Atque
954 2297 1084 2364 interfice
1102 2311 1164 2346 mes·

134 2380 186 2416 ses.
222 2368 270 2418 His
288 2368 370 2420 rebus
387 2370 539 2437 colligitur,
562 2369 706 2420 hominem
730 2368 832 2435 barum
858 2368 986 2417 omnium
1011 2366 1165 2417 animarum

134 2450 193 2488 asse
211 2437 383 2507 participem.
419 2438 496 2490 Unde
516 2446 543 2490 et
558 2437 697 2488 Sallustius
713 2436 752 2486 ait
768 2437 858 2501 (Catil.
876 2437 925 2494 1.):
943 2436 1071 2485 Alterum
1091 2433 1166 2484 nolit

134 2521 198 2554 eum
217 2507 288 2571 diis,
305 2508 424 2556 alterum
442 2525 505 2556 cum
522 2508 623 2558 belluis
640 2523 786 2556 commune
804 2519 851 2556 est.
888 2505 930 2557 Dc
949 2505 1061 2554 umbris
1080 2510 1167 2553 autem

78 2620 81 2639 ,
135 2575 223 2627 facilis
240 2582 281 2627 est
297 2575 434 2645 prohetia.
470 2578 542 2627 Nam
559 2577 581 2626 si
598 2583 727 2643 quattuor
746 2583 809 2624 sunt
826 2575 951 2638 animae,
977 2566 1119 2640 sequitur,
1140 2575 1167 2619 ut

135 2650 177 2694 tot
199 2645 254 2695 sint
277 2645 408 2696 umbrae:
434 2653 464 2694 ut
485 2646 585 2712 siquis
608 2646 680 2696 inter
697 2645 764 2694 duas
785 2651 839 2694 stet
861 2643 1005 2705 lamereias,
1029 2641 1167 2708 geminam

66 2760 70 2769 ,
136 2713 265 2773 umbram
283 2722 366 2764 creat.
402 2715 459 2763 Hoc
483 2722 578 2764 eutem
604 2715 637 2765 de
661 2711 761 2763 animis
786 2711 872 2762 etiem
891 2709 1040 2762 Lucretius
1063 2707 1167 2760 asserit:
1199 2710 1201 2715 ’

134 2783 184 2834 scd
202 2799 256 2834 non
274 2792 384 2835 tantum
402 2782 508 2834 veritati
524 2783 629 2846 studet,
654 2797 738 2849 quam
756 2781 798 2845 (al.
825 2779 973 2846 quantum)
997 2785 1092 2830 sectae
1110 2774 1168 2846 Epi·

136 2867 243 2904 cureae.
279 2852 332 2902 Alii
348 2849 400 2902 ista
417 2852 551 2918 fugientes
557 2890 565 2916 ,
582 2851 690 2913 dicunt,
708 2854 820 2899 animae
840 2857 868 2900 et
888 2849 1003 2898 umbrae
1020 2847 1168 2914 genitivum

137 2938 196 2973 esse
219 2921 402 2988 singularem:
428 2929 459 2970 ut
481 2921 529 2980 sit,
561 2921 668 2972 cineres
693 2919 809 2968 umbrae
833 2927 861 2969 et
885 2918 996 2968 animae
1023 2920 1168 2986 paternam

137 2989 209 3058 quod
231 3007 288 3039 non
312 2988 388 3040 vaide
412 2989 586 3054 probandum
611 2997 658 3039 est.
693 2989 750 3039 Nec
774 2988 850 3038 enim
867 2987 983 3051 umbra,
1007 2993 1058 3036 aut
1080 2985 1169 3036 anima

54 3092 57 3097 ‹
137 3059 244 3111 cineres
266 3057 377 3111 habent.
402 3083 435 3094 ·-
475 3067 520 3116 83.
550 3057 721 3123 Quicunque
746 3068 800 3118 est,-
831 3058 895 3123 [etit
920 3055 969 3122 qui
991 3054 1086 3105 adhuc
1108 3065 1170 3106 eum

137 3144 273 3196 nusquam
290 3127 369 3190 vidit,
393 3124 451 3192 aut]
467 3128 558 3179 taedio
574 3127 673 3193 longae
696 3125 878 3191 navigationis
895 3124 948 3174 hoc
966 3123 1043 3175 dicit.
1061 3149 1095 3160 -
1129 3123 1169 3178 84»

138 3197 247 3264 [Adyn's
266 3199 299 3247 ab
319 3198 401 3260 imis;
421 3215 494 3261 eece,
510 3196 580 3247 sicut
596 3197 701 3245 dictum
719 3194 783 3260 (48.)
803 3201 851 3256 est,
868 3193 972 3260 ubique
989 3199 1126 3260 tanquam
1137 3190 1168 3240 de

138 3267 190 3316 deo
207 3266 536 3334 loquitur3'ternplor11m
555 3269 630 3316 enim
648 3272 676 3314 et
694 3265 810 3314 deorum
829 3263 914 3328 adyta
940 3258 1080 3326 dicimus]
1116 3257 1169 3308 Lu-

141 3335 235 3385 bricus
255 3338 375 3403 unguis,
393 3334 490 3385 labilis.
524 3335 596 3384 Alius
612 3334 705 3383 locum
724 3331 801 3383 dicit:
818 3338 849 3379 ut
867 3329 963 3395 (335.):
990 3326 1044 3380 Per
1063 3330 1169 3380 lubrica

139 3421 268 3471 surgens.
301 3404 365 3472 [Alii
389 3403 442 3453 boc
465 3402 617 3454 secundum
634 3402 777 3452 Platonem
801 3400 906 3449 dietum
930 3397 1041 3463 volunt,
1065 3398 1113 3465 qui
1135 3396 1170 3448 ait

141 3473 247 3524 animas
272 3490 321 3542 per
345 3481 451 3542 septem
469 3470 584 3521 circulos
607 3472 642 3522 ad
665 3485 781 3539 corpora
805 3465 973 3537 penetrare]
991 3493 1025 3503 —
1043 3482 1046 3489 ·
1063 3474 1106 3525 n5.
1128 3465 1169 3515 Se·

141 3553 212 3604 ptem
231 3543 332 3608 ingens
349 3559 449 3607 gyrum
468 3539 520 3590 loci
537 3540 649 3606 genium
668 3556 716 3607 per
734 3534 954 3602 magnitudinem
972 3536 1031 3586 vult
1048 3533 1173 3603 probare,

141 3610 230 3659 titilius
253 3611 329 3660 enim
351 3612 425 3659 locus
448 3610 507 3658 sine
531 3608 614 3671 aemio¹
638 3607 768 3673 cstrqui
792 3622 842 3672 per
867 3620 988 3671 anguem
1013 3604 1172 3671 plerumque

142 3677 301 3729 ostenditur.
336 3678 443 3729 Persius
461 3683 502 3741 (t,
520 3675 606 3735 113.);
634 3676 720 3742 Pinge
738 3677 810 3726 duas
829 3689 952 3740 angues:
978 3677 1076 3740 pueri,
1099 3690 1172 3723 sacer

142 3758 182 3796 est
200 3745 295 3809 locus,
318 3746 414 3828 [exten
426 3738 542 3808 Mense]
576 3746 645 3797 Sane
662 3745 735 3797 hunc
751 3743 843 3793 locum
861 3743 895 3793 de
912 3742 1038 3792 Homero
1055 3741 1174 3810 sumpsit,

142 3814 190 3882 qui
212 3812 317 3871 inducit
333 3816 455 3866 Graecus
479 3814 551 3883 apud
568 3814 694 3866 Aulidem
712 3828 794 3862 omen
817 3810 903 3866 futuri
927 3809 1087 3864 decennalis
1112 3809 1173 3863 belli

142 3898 174 3933 ex
203 3891 333 3952 serpente
366 3883 519 3950 collegisse:
552 3880 598 3949 thi
622 3882 707 3935 etiam
733 3889 854 3931 matrem
877 3876 1053 3944 consumpiit
1077 3894 1172 3930 noveta

163 3949 222 4000 ullis
240 3951 284 4019 (al.
302 3952 416 4016 puellis)
434 3950 549 4009 comesis
562 3948 617 4018 .[(Il.
635 3954 669 4018 p,
687 3950 772 4009 308.):
794 3942 880 4002 ’Ἔνθ’
897 3943 986 4014 ἐφάνη
1002 3942 1171 4017 prepabesipa.

141 3967 270 4089 insinua,
287 4013 332 4075 int
344 4016 433 4107 epira„
440 4013 589 4088 tepente]
623 4019 664 4070 Ita
682 4034 749 4088 ergo
766 4034 839 4070 nunc
858 4017 944 4070 etiam
962 4020 1076 4070 Aeneae
1093 4033 1172 4069 osaea
