2454 4500
28 194 37 247 :
93 209 94 213 κ
150 191 215 313 ,78
389 182 940 341 ‘.spav11-oouunutauttls.
993 224 1033 327 J

102 414 104 420 ’
152 437 212 480 tota
230 416 407 492 everteretur,
424 425 467 483 vel
481 416 571 478 solum¹
586 423 670 476 ilium
687 422 832 496 {perisset}
848 447 883 462 -
917 431 943 480 2.
963 421 1089 475 Gentem
1100 427 1197 475 imme-

122 490 125 503 ¹
156 501 257 562 ritum,
281 495 355 547 bene
380 502 501 562 gentem.
537 492 824 546 Nam'Laomedontis
850 499 884 544 et,
901 491 1010 544 Paridis·
1029 493 1113 564 culpa
1134 495 1196 546 uni-

153 583 232 619 versa
256 563 440 633 gensperire
464 579 521 614 non
544 563 647 614 debuit.
687 562 800 623 Visum3
824 559 958 631 [placuit]
995 554 1131 628 ’δαμήῃ
1154 563 1197 630 [ut

153 637 212 706 ipse
237 635 290 699 ait,
320 628 496 701 Neptunum,
525 631 676 696 Irmonem,
699 631 857 694 Minervam
879 629 977 683 vidisse
1000 647 1030 682 se
1054 636 1194 684 eversores

155 701 283 767 Troiae]
324 700 398 751 Laus
421 699 464 751 Ilii
489 707 546 765 est,
567 700 643 767 'quod
665 697 799 765 nonnisi
822 697 860 749 dii
882 705 1000 768 potuere
1023 699 1191 757 subvertere.

155 772 397 841 Quotienscunque
421 776 515 820 autem
539 768 610 819 ratio
642 767 701 835 [vel
723 765 873 841 iudicium]
903 781 959 818 nou
983 775 1117 837 apparet,
1146 767 1192 818 Sic

141 844 249 892 'visum
268 835 473 907 interponitur:
499 843 530 887 ut
546 836 675 888 Horatius
693 835 797 892 ,Germ
817 841 849 901 1,
868 840 917 900 13,
936 832 1002 896 10.):
1027 834 1075 886 Sia
1099 837 1193 889 uisum

159 909 276 972 Veneri‚·
305 923 371 956 cum
395 921 522 957 amorem
547 905 703 957 ostenderet
717 920 783 963 ,nnn
808 916 866 956 esse
889 902 1111 973 pulchritudinis.
1157 904 1193 955 Et

154 979 226 1030 bene
251 973 387 1029 accusatio
410 973 439 1024 iu
464 975 529 1026 deos
552 971 639 1024 habet
660 973 801 1041 quandem
825 970 1047 1038 venerationem,
1071 971 1192 1040 alioquin

154 1043 330 1115 sacrilegium
354 1050 401 1093 est,
421 1069 456 1080 -
491 1050 515 1099 3.
541 1042 695 1109 Superbum
714 1043 818 1106 llium3
845 1039 1075 1106 nobilessllium
1099 1049 1192 1093 autem

156 1115 285 1182 Virgilius
302 1119 401 1163 neutro
419 1110 528 1162 tantum
546 1127 648 1179 genere
665 1110 798 1176 declinat,
821 1107 950 1160 Horatius
974 1109 1062 1162 etiam
1084 1108 1192 1162 femini·

107 1193 112 1206 “
156 1200 208 1248 no,
232 1181 383 1247 ut(Carm.
402 1179 570 1245 4,9','18.):
597 1179 665 1232 Non
683 1181 766 1230 semel
784 1179 855 1230 Ilias
873 1189 982 1229 vexata.
1019 1178 1092 1231 Sane
1110 1178 1190 1228 modo

123 1275 125 1280 ¹
155 1252 239 1303 Ilium
262 1249 377 1316 proprie
401 1247 435 1300 de
460 1248 569 1300 civitate
586 1248 661 1300 dixit.
694 1248 768 1299 Nam
784 1249 862 1316 regio
880 1246 966 1298 Troia
990 1257 1046 1310 est3
1071 1246 1191 1317 quamvis
1218 1262 1220 1281 ²

129 1310 134 1328 ⁸
158 1315 301 1373 interdum
324 1331 375 1388 pro
399 1317 508 1368 civitate
534 1317 707 1387 provinciam
729 1323 828 1387 ponat:
851 1323 882 1366 ut
906 1315 988 1382 (11.):
1018 1316 1056 1366 Et
1081 1331 1190 1383 campas

159 1390 209 1440 ubi
228 1387 316 1438 Traia
328 1383 400 1454 fuit.
436 1385 530 1437 Humo
541 1386 725 1454 samareton
749 1385 850 1452 bama,
873 1384 891 1435 i.
911 1401 934 1435 e.
951 1384 987 1435 ab
1011 1384 1101 1437 humo
1118 1385 1190 1454 [ie.
1217 1420 1220 1427 ·

155 1455 276 1509 funditus
283 1454 302 1520 ε]
318 1462 349 1504 ut
364 1453 499 1521 significet
512 1455 618 1524 patriae
632 1470 701 1506 suae.
710 1453 799 1504 solum
813 1469 922 1523 quoque
936 1452 1042 1505 arsisse.
1078 1452 1191 1512 Fumat;

156 1542 222 1577 sane
248 1522 406 1593 quaeritur,
430 1523 568 1590 quomodo
592 1523 690 1574 dixerit
715 1522 836 1589 Cecidit,
865 1530 893 1574 et
916 1521 1026 1573 Fumat.
1071 1522 1125 1575 Sed
1146 1527 1191 1573 aut

114 1652 116 1661 Α
178 1610 209 1647 er
223 1584 367 1644 licentiam
384 1588 525 1660 poeticam
538 1600 647 1662 tempus
672 1606 724 1658 pro
741 1599 868 1662 tempore
884 1591 989 1660 posuit:
1016 1597 1048 1640 ut
1066 1587 1192 1658 (2,12.):
1214 1612 1217 1625 ¹

157 1613 328 1716 bteminisse
354 1656 461 1726 barret,
487 1661 618 1728 luctuque
643 1661 755 1729 refugit.
789 1663 844 1712 Aut
860 1667 934 1712 certe
950 1667 1084 1711 naturam
1098 1674 1192 1712 rertuu

159 1730 299 1800 expressit.
332 1726 407 1780 Nam
424 1731 505 1781 ruina
521 1729 553 1791 fit
569 1728 623 1797 (in)
641 1727 733 1793 brevi,
755 1730 848 1780 sumus
864 1744 928 1780 vero
945 1727 1036 1796 longo'
1048 1734 1191 1798 permanet

159 1809 294 1870 tempore.
328 1797 416 1864 Nam,
433 1798 506 1864 quod
523 1797 563 1849 ait
577 1797 699 1863 Probus,
715 1798 749 1849 ad
766 1797 977 1857 discernendum
993 1805 1119 1866 tempus,
1142 1795 1191 1847 cir·

160 1867 393 1927 cumflectendam
410 1865 703 1934 ultimamsyllabam,
728 1873 757 1915 ut
773 1866 960 1932 intelligamus
970 1865 1116 1933 fumario,
1138 1880 1191 1916 non
1209 1920 1213 1931 ,

81 1952 100 2001 ἢ
159 1937 298 2009 procedit,
314 1933 592 2003 [quamvis‘accentus
608 1935 779 1987 differentiae
797 1951 879 1986 causa
895 1934 1059 2003 adhibetur3
1077 1941 1110 1983 ut
1125 1950 1191 1999 pana

160 2006 292 2069 verbum,
315 2002 422 2054 nullum
438 2001 524 2056 habet
541 2002 717 2068 accentum,]
741 2003 825 2071 (quia)
843 2009 1041 2068 penitentum
1058 1998 1192 2071 [verbum]

160 2074 265 2138 (Burin.
283 2071 354 2122 coni.
371 2088 460 2139 pane
479 2085 572 2122 tamen
590 2073 765 2136 adverbium)
782 2072 812 2123 in
828 2072 926 2122 ultima
942 2070 1028 2122 habet
1041 2078 1192 2133 accentum,
1217 2120 1219 2133 ,

141 2134 190 2193 *ut
213 2140 349 2209 significet
373 2152 453 2191 retro.
488 2137 644 2208 [Neptunia
669 2142 774 2206 Troia5
802 2143 873 2192 bene
898 2147 926 2192 et
949 2138 1087 2192 subtiliter
1111 2140 1191 2190 etiam

161 2211 212 2261 diis
229 2208 362 2260 invidiam
379 2217 549 2274 commovet,
572 2218 603 2259 ut
621 2225 653 2261 ea
670 2211 800 2267 cecidisse
817 2208 905 2274 dicat,
930 2225 1002 2274 qliae
1026 2207 1191 2278 putabantur

59 2261 71 2353 Ἰ
159 2277 287 2331 deorum„
322 2275 391 2327 Sane
408 2270 502 2328 fabula
518 2278 579 2329 talis
597 2286 651 2330 est:
676 2278 837 2330 Laomedon
854 2295 902 2328 rex
919 2277 1107 2329 Troianorum
1124 2275 1192 2326 solli-

161 2348 230 2409 citus
253 2359 305 2416 pro
331 2346 428 2411 opibus
452 2344 507 2397 suis
530 2347 600 2416 petit
623 2347 659 2398 ab
684 2348 809 2414 Apolline
835 2355 861 2397 et
884 2346 1028 2414 Neptuno,
1060 2353 1091 2395 ut
1113 2345 1190 2396 Ilium

162 2416 306 2483 cingerent
329 2414 431 2480 muris,
453 2416 582 2467 mercede
606 2416 746 2485 promissa.
784 2415 845 2482 Quo
871 2414 1020 2483 impacato
1047 2430 1119 2482 quae
1144 2413 1191 2465 diis

162 2483 327 2552 promiserat
351 2483 502 2551 denegavit.
545 2483 599 2535 Sed
620 2485 764 2554 Neptunus
787 2484 872 2535 iratus
896 2492 984 2548 cetos,
1010 2483 1028 2533 i.
1047 2501 1070 2534 e.
1091 2483 1192 2535 belluas

163 2553 298 2615 marinas,
315 2552 446 2617 immisit,
463 2550 536 2620 quod
553 2553 659 2604 malum
677 2553 789 2604 Troiani
806 2555 877 2623 passi
893 2559 971 2618 sunt,
987 2569 1058 2603 nece
1074 2552 1192 2605 filiarum

163 2638 230 2691 quas
247 2620 340 2672 bellua
357 2619 552 2687 consumebat,
575 2623 664 2674 donec
684 2623 822 2689 apertiore
840 2636 970 2688 responso
987 2619 1109 2674 Hesiona
1125 2621 1192 2673 Lao·

128 2737 133 2744 .
162 2689 298 2741 medentis
314 2689 373 2740 filia
390 2699 512 2740 monstro
531 2698 728 2759 exponeretur,
751 2706 836 2757 quam
852 2690 981 2741 Hercules
999 2690 1086 2742 Troia
1103 2705 1193 2742 eversa

162 2757 301 2822 liberavit,
326 2766 354 2808 et
370 2758 459 2811 amieo
485 2775 533 2809 suo
552 2759 696 2812 Telamoni
714 2761 789 2811 dedit
813 2775 933 2818 uxorem.
968 2757 1062 2823 Sane,
1078 2757 1193 2811 Laome-

85 2848 91 2855 ’
164 2825 246 2878 dante
271 2827 375 2892 occiso,
405 2827 515 2878 Priamo
540 2827 674 2896 Phrygiae
704 2829 813 2880 donavit
843 2827 1001 2896 imperium.
1049 2828 1191 2895 Neptunia

163 2904 258 2946 autem
277 2895 380 2960 Troia,
404 2898 468 2962 quia
486 2897 628 2962 Neptunus
653 2905 681 2950 et
696 2897 791 2966 Apollo
817 2914 880 2948 eam
898 2896 981 2946 cinxit
997 2896 1101 2962 muris,
1125 2898 1192 2948 sicut

163 2960 346 3034 praediximus
371 2969 418 3029 (2,
436 2963 535 3028 610.).]
558 2992 593 3022 7-
635 2972 661 3023 4.
687 2965 810 3016 Diversa
835 2966 939 3028 erilia5
964 2965 1045 3015 multi
1071 2966 1107 3017 ad
1130 2964 1194 3016 illud

164 3034 292 3084 refertmt
315 3037 356 3099 (l,
373 3036 462 3094 602·):
487 3033 627 3101 Magnum
652 3052 722 3102 quae
747 3051 847 3101 sparsa
871 3052 919 3100 per
944 3035 1045 3085 orbem.
1083 3034 1195 3085 Constat

165 3117 300 3168 namque.
327 3101 446 3152 diversas
462 3102 538 3155 ,orbis
556 3111 647 3169 partes
663 3104 783 3154 tenuisse
800 3103 950 3167 Troianos,
972 3103 1015 3169 [ut
1030 3102 1151 3155 Helenus
1167 3110 1194 3155 et

164 3168 318 3234 Anienem]
335 3170 383 3221 sed
399 3170 496 3221 melius
514 3178 571 3237 est,
586 3172 740 3241 specialiter
758 3172 812 3222 hoc
828 3173 937 3222 Aeneae
955 3170 1037 3235 dare,
1056 3173 1104 3240 qui
1121 3187 1195 3225 com-

165 3235 256 3308 pulsus
274 3238 396 3307 auguriis
415 3247 469 3302 est,
492 3238 611 3292 diversas
633 3249 735 3305 terras,
760 3241 812 3290 hoc
837 3249 877 3291 est
900 3240 930 3290 in
954 3239 1059 3298 diversa
1080 3241 1194 3310 regione

159 3306 256 3441 pcodd.
281 3307 307 3357 b.
331 3326 352 3358 e.
371 3325 385 3356 e
404 3307 468 3375 reg.)
494 3309 609 3378 peritas,
638 3325 780 3377 quaerere.
825 3309 900 3376 [ldeo
926 3307 1031 3359 Incerti
1056 3328 1110 3378 quo
1129 3311 1194 3379 fata

181 3372 280 3440 crant]
315 3376 448 3426 Desertae
466 3386 561 3428 autem
579 3397 596 3430 a
612 3379 743 3429 Dardano
767 3378 871 3444 accipe.
904 3377 977 3428 Nam
994 3378 1099 3446 ubique
1125 3381 1195 3445 (lau-

165 3441 265 3494 dantur
291 3445 335 3505 et)
361 3444 459 3503 uberes
485 3462 530 3495 eas
548 3465 605 3498 esse
623 3449 755 3512 legimus,
780 3456 811 3496 ut
835 3452 875 3512 (1,
894 3445 980 3507 531.);
1003 3448 1090 3514 Atque
1117 3450 1195 3499 ubere

165 3513 277 3576 glebam
299 3515 359 3579 [aut
382 3515 521 3577 desertas,
547 3522 577 3564 ut
602 3516 715 3583 quidam
732 3517 839 3579 volunt,
865 3533 932 3583 quas
956 3523 983 3566 et
1005 3517 1146 3568 tenuimus
1170 3523 1195 3568 et

164 3579 348 3645 deseruimus,
378 3588 409 3631 ut
432 3584 545 3635 Cretam
570 3591 598 3635 et
620 3583 794 3647 Thraciam]
818 3611 852 3620 -
900 3589 924 3641 5.
948 3583 1104 3651 Augariis;
1130 3588 1196 3656 [pro

167 3648 293 3712 ostentis,
314 3649 332 3699 i.
351 3647 387 3712 e]
412 3666 443 3701 ex
466 3646 597 3715 flamma,
622 3670 693 3719 qnae
716 3661 843 3723 tempora
859 3653 967 3704 Ascanii
990 3663 1069 3723 pasta
1093 3662 1148 3719 est,
1171 3660 1196 3706 et

164 3729 245 3766 cursu
263 3717 371 3780 stellae,
398 3726 426 3770 et
443 3720 564 3771 Creusae
582 3722 784 3785 admonitione,
808 3738 878 3789 quae
895 3722 962 3774 dixit
986 3729 1030 3788 (2,
1046 3723 1133 3784 781.):
1157 3723 1197 3773 Aa

165 3795 268 3834 terram
286 3783 451 3852 Hesperiam
477 3791 578 3839 uenies.
599 3815 632 3825 -
666 3797 691 3847 6.
710 3792 765 3842 Sub
786 3794 847 3858 ipsa
865 3790 1028 3854 Antandr05
1055 3793 1130 3844 iuxta
1146 3794 1199 3843 An·

165 3853 302 3903 tandrum.
338 3855 387 3905 Est
403 3864 497 3908 autem
514 3858 607 3908 civitas
623 3859 767 3928 Phrygiae,
784 3861 858 3919 dieta
875 3860 1050 3925 Antandros,
1068 3861 1111 3913 vel
1146 3859 1199 3912 uod

164 3921 199 3973 de
216 3922 309 4003 Andro
327 3923 415 3984 (codd.
430 3924 524 3976 Burm.
539 3926 696 3989 Antandro)
714 3929 802 3980 insula
820 3944 884 3980 eam
902 3929 1085 3981 condiderunt
1102 3879 1200 3991 otiloni,

164 3992 241 4058 quasi
259 3996 320 4043 aral
331 3987 461 4060 Ἄνδρου,
479 3993 521 4047 vel
536 3995 604 4063 quia
615 3996 718 4048 Graeci
734 3999 875 4061 venientes
892 4015 942 4066 per
956 3997 1107 4050 Thraciam
1121 4015 1201 4068 cepe-
