<?xml version="1.0" encoding="UTF-8"?>
<!DOCTYPE html PUBLIC "-//W3C//DTD XHTML 1.0 Transitional//EN"
    "http://www.w3.org/TR/xhtml1/DTD/xhtml1-transitional.dtd">
<html xmlns="http://www.w3.org/1999/xhtml" xml:lang="en" lang="en">
 <head>
  <title>
</title>
<meta http-equiv="Content-Type" content="text/html;charset=utf-8" />
  <meta name='ocr-system' content='tesseract 3.04.00' />
  <meta name='ocr-capabilities' content='ocr_page ocr_carea ocr_par ocr_line ocrx_word'/>
</head>
<body>
  <div class='ocr_page' id='page_1' title='image "./commentariiinvi00liongoog_0289.png"; bbox 0 0 2454 4500; ppageno 0'>
   <div class='ocr_carea' id='block_1_1' title="bbox 209 262 1131 348">
    <p class='ocr_par' dir='ltr' id='par_1_1' title="bbox 209 262 1131 348">
     <span class='ocr_line' id='line_1_1' title="bbox 209 262 1131 348; baseline 0.008 -23"><span class='ocrx_word' id='word_1_1' title='bbox 209 284 247 325; x_wconf 77' lang='lat' dir='ltr'><strong>ru</strong></span> <span class='ocrx_word' id='word_1_2' title='bbox 271 264 426 325; x_wconf 77' lang='lat' dir='ltr'><strong>vluott.</strong></span> <span class='ocrx_word' id='word_1_3' title='bbox 449 262 623 328; x_wconf 78' lang='lat' dir='ltr'><strong>AENElD.</strong></span> <span class='ocrx_word' id='word_1_4' title='bbox 647 268 725 331; x_wconf 84' lang='lat' dir='ltr'><strong>LIB.</strong></span> <span class='ocrx_word' id='word_1_5' title='bbox 746 272 800 344; x_wconf 88' lang='lat' dir='ltr'><strong>lv,</strong></span> <span class='ocrx_word' id='word_1_6' title='bbox 823 278 1016 344; x_wconf 70' lang='lat' dir='ltr'><strong>tet-132.</strong></span> <span class='ocrx_word' id='word_1_7' title='bbox 1064 284 1131 348; x_wconf 76' lang='lat'><strong>261</strong></span> 
     </span>
    </p>
   </div>
   <div class='ocr_carea' id='block_1_2' title="bbox 67 448 1151 4078">
    <p class='ocr_par' dir='ltr' id='par_1_2' title="bbox 67 448 1151 4078">
     <span class='ocr_line' id='line_1_2' title="bbox 88 448 1128 526; baseline 0.015 -29"><span class='ocrx_word' id='word_1_8' title='bbox 88 448 158 497; x_wconf 75' lang='lat' dir='ltr'><strong>dant</strong></span> <span class='ocrx_word' id='word_1_9' title='bbox 175 448 256 515; x_wconf 81' lang='lat' dir='ltr'><strong>[sero</strong></span> <span class='ocrx_word' id='word_1_10' title='bbox 272 448 326 500; x_wconf 85' lang='lat' dir='ltr'><strong>lroc</strong></span> <span class='ocrx_word' id='word_1_11' title='bbox 338 450 403 501; x_wconf 85' lang='lat' dir='ltr'><strong>&#39;loco</strong></span> <span class='ocrx_word' id='word_1_12' title='bbox 420 453 525 503; x_wconf 87' lang='lat' dir='ltr'><strong>sensim</strong></span> <span class='ocrx_word' id='word_1_13' title='bbox 544 451 696 523; x_wconf 73' lang='lat' dir='ltr'><strong>accipitutt,</strong></span> <span class='ocrx_word' id='word_1_14' title='bbox 720 470 776 505; x_wconf 92' lang='lat' dir='ltr'><strong>non</strong></span> <span class='ocrx_word' id='word_1_15' title='bbox 795 460 825 505; x_wconf 89' lang='lat' dir='ltr'><strong>ut</strong></span> <span class='ocrx_word' id='word_1_16' title='bbox 841 455 918 521; x_wconf 88' lang='lat' dir='ltr'><strong>alibi]</strong></span> <span class='ocrx_word' id='word_1_17' title='bbox 934 457 1079 526; x_wconf 82' lang='lat' dir='ltr'><strong>festinant,</strong></span> <span class='ocrx_word' id='word_1_18' title='bbox 1096 470 1128 513; x_wconf 90' lang='lat' dir='ltr'><strong>ut</strong></span> 
     </span>
     <span class='ocr_line' id='line_1_3' title="bbox 90 516 1127 597; baseline 0.014 -31"><span class='ocrx_word' id='word_1_19' title='bbox 90 518 134 582; x_wconf 74' lang='lat'><strong>(3,</strong></span> <span class='ocrx_word' id='word_1_20' title='bbox 150 519 244 577; x_wconf 79' lang='lat'><strong>616·)=</strong></span> <span class='ocrx_word' id='word_1_21' title='bbox 268 516 325 568; x_wconf 84' lang='lat' dir='ltr'><strong>Hic</strong></span> <span class='ocrx_word' id='word_1_22' title='bbox 342 536 384 569; x_wconf 85' lang='lat' dir='ltr'><strong>me</strong></span> <span class='ocrx_word' id='word_1_23' title='bbox 401 520 468 568; x_wconf 80' lang='lat' dir='ltr'><strong>dum</strong></span> <span class='ocrx_word' id='word_1_24' title='bbox 487 522 590 585; x_wconf 77' lang='lat' dir='ltr'><strong><em>trepidi</em></strong></span> <span class='ocrx_word' id='word_1_25' title='bbox 606 523 732 573; x_wconf 78' lang='lat' dir='ltr'><strong>crudelia</strong></span> <span class='ocrx_word' id='word_1_26' title='bbox 751 524 853 575; x_wconf 85' lang='lat' dir='ltr'><strong>limina</strong></span> <span class='ocrx_word' id='word_1_27' title='bbox 877 526 1026 593; x_wconf 87' lang='lat' dir='ltr'><strong>linquunt,·</strong></span> <span class='ocrx_word' id='word_1_28' title='bbox 1051 530 1127 597; x_wconf 79' lang='lat' dir='ltr'><strong>[quia</strong></span> 
     </span>
     <span class='ocr_line' id='line_1_4' title="bbox 90 584 1127 662; baseline 0.014 -28"><span class='ocrx_word' id='word_1_29' title='bbox 90 584 173 639; x_wconf 82' lang='lat' dir='ltr'><strong>saltus</strong></span> <span class='ocrx_word' id='word_1_30' title='bbox 198 600 257 637; x_wconf 89' lang='lat' dir='ltr'><strong>uon</strong></span> <span class='ocrx_word' id='word_1_31' title='bbox 281 602 378 651; x_wconf 75' lang='lat' dir='ltr'><strong>amau,</strong></span> <span class='ocrx_word' id='word_1_32' title='bbox 400 588 448 639; x_wconf 90' lang='lat' dir='ltr'><strong>sed</strong></span> <span class='ocrx_word' id='word_1_33' title='bbox 473 590 576 639; x_wconf 84' lang='lat' dir='ltr'><strong>sensim</strong></span> <span class='ocrx_word' id='word_1_34' title='bbox 599 590 754 657; x_wconf 76' lang='lat' dir='ltr'><strong>cinguntur.</strong></span> <span class='ocrx_word' id='word_1_35' title='bbox 789 591 907 659; x_wconf 85' lang='lat' dir='ltr'><strong>Quidam</strong></span> <span class='ocrx_word' id='word_1_36' title='bbox 932 594 1073 662; x_wconf 82' lang='lat' dir='ltr'><strong>trepidant</strong></span> <span class='ocrx_word' id='word_1_37' title='bbox 1089 599 1127 649; x_wconf 87' lang='lat' dir='ltr'><strong>ab</strong></span> 
     </span>
     <span class='ocr_line' id='line_1_5' title="bbox 93 652 1127 735; baseline 0.014 -31"><span class='ocrx_word' id='word_1_38' title='bbox 93 652 187 721; x_wconf 84' lang='lat' dir='ltr'><strong>equis,</strong></span> <span class='ocrx_word' id='word_1_39' title='bbox 210 654 259 721; x_wconf 88' lang='lat' dir='ltr'><strong>qui</strong></span> <span class='ocrx_word' id='word_1_40' title='bbox 283 654 422 723; x_wconf 80' lang='lat' dir='ltr'><strong>hodieque</strong></span> <span class='ocrx_word' id='word_1_41' title='bbox 445 658 584 723; x_wconf 77' lang='lat' dir='ltr'><strong>trepidare</strong></span> <span class='ocrx_word' id='word_1_42' title='bbox 602 658 804 723; x_wconf 71' lang='lat' dir='ltr'><strong>(trepidariil)</strong></span> <span class='ocrx_word' id='word_1_43' title='bbox 827 661 972 727; x_wconf 88' lang='lat' dir='ltr'><strong>dicuntur,</strong></span> <span class='ocrx_word' id='word_1_44' title='bbox 995 665 1127 735; x_wconf 85' lang='lat' dir='ltr'><strong>appellari</strong></span> 
     </span>
     <span class='ocr_line' id='line_1_6' title="bbox 94 722 1125 839; baseline 0.008 -66"><span class='ocrx_word' id='word_1_45' title='bbox 94 728 199 839; x_wconf 63' lang='lat' dir='ltr'><strong>Bitant.</strong></span> <span class='ocrx_word' id='word_1_46' title='bbox 235 722 319 775; x_wconf 83' lang='lat' dir='ltr'><strong>Cato:</strong></span> <span class='ocrx_word' id='word_1_47' title='bbox 346 722 442 775; x_wconf 84' lang='lat' dir='ltr'><strong>Sedere</strong></span> <span class='ocrx_word' id='word_1_48' title='bbox 468 743 524 775; x_wconf 89' lang='lat' dir='ltr'><strong>non</strong></span> <span class='ocrx_word' id='word_1_49' title='bbox 548 738 636 793; x_wconf 84' lang='lat' dir='ltr'><strong>potest</strong></span> <span class='ocrx_word' id='word_1_50' title='bbox 660 731 777 795; x_wconf 81' lang='lat' dir='ltr'><strong>ineque</strong></span> <span class='ocrx_word' id='word_1_51' title='bbox 803 730 979 795; x_wconf 77' lang='lat' dir='ltr'><strong>trepidante]</strong></span> <span class='ocrx_word' id='word_1_52' title='bbox 996 758 1028 769; x_wconf 94' lang='lat'><strong>-·</strong></span> <span class='ocrx_word' id='word_1_53' title='bbox 1064 740 1125 791; x_wconf 69' lang='lat'><strong>122.</strong></span> 
     </span>
     <span class='ocr_line' id='line_1_7' title="bbox 122 792 1124 865; baseline 0.012 -26"><span class='ocrx_word' id='word_1_54' title='bbox 122 806 222 857; x_wconf 83' lang='lat' dir='ltr'><strong>esaper</strong></span> <span class='ocrx_word' id='word_1_55' title='bbox 240 792 409 861; x_wconf 76' lang='lat' dir='ltr'><strong>infundam,¹</strong></span> <span class='ocrx_word' id='word_1_56' title='bbox 427 795 491 860; x_wconf 78' lang='lat' dir='ltr'><strong>quia</strong></span> <span class='ocrx_word' id='word_1_57' title='bbox 505 802 553 847; x_wconf 71' lang='lat' dir='ltr'><strong>aer</strong></span> <span class='ocrx_word' id='word_1_58' title='bbox 567 803 609 847; x_wconf 87' lang='lat' dir='ltr'><strong>est</strong></span> <span class='ocrx_word' id='word_1_59' title='bbox 621 796 696 846; x_wconf 86' lang='lat' dir='ltr'><strong>luno.</strong></span> <span class='ocrx_word' id='word_1_60' title='bbox 731 797 806 848; x_wconf 86' lang='lat' dir='ltr'><strong>Bene</strong></span> <span class='ocrx_word' id='word_1_61' title='bbox 822 797 911 865; x_wconf 83' lang='lat' dir='ltr'><strong>[ergo]</strong></span> <span class='ocrx_word' id='word_1_62' title='bbox 929 799 974 850; x_wconf 91' lang='lat' dir='ltr'><strong>hic</strong></span> <span class='ocrx_word' id='word_1_63' title='bbox 990 817 1019 852; x_wconf 90' lang='lat' dir='ltr'><strong>se</strong></span> <span class='ocrx_word' id='word_1_64' title='bbox 1036 803 1124 853; x_wconf 81' lang='lat' dir='ltr'><strong>factu·</strong></span> 
     </span>
     <span class='ocr_line' id='line_1_8' title="bbox 97 858 1124 935; baseline 0.012 -27"><span class='ocrx_word' id='word_1_65' title='bbox 97 872 153 909; x_wconf 75' lang='lat' dir='ltr'><strong>ram</strong></span> <span class='ocrx_word' id='word_1_66' title='bbox 178 858 250 909; x_wconf 84' lang='lat' dir='ltr'><strong>dicit</strong></span> <span class='ocrx_word' id='word_1_67' title='bbox 271 861 345 928; x_wconf 89' lang='lat' dir='ltr'><strong>quod</strong></span> <span class='ocrx_word' id='word_1_68' title='bbox 366 860 452 913; x_wconf 83' lang='lat' dir='ltr'><strong>habet</strong></span> <span class='ocrx_word' id='word_1_69' title='bbox 475 864 505 913; x_wconf 89' lang='lat' dir='ltr'><strong>in</strong></span> <span class='ocrx_word' id='word_1_70' title='bbox 528 871 670 934; x_wconf 79' lang='lat' dir='ltr'><strong>potestate.</strong></span> <span class='ocrx_word' id='word_1_71' title='bbox 689 890 723 901; x_wconf 88' lang='lat'><em>-</em></span> <span class='ocrx_word' id='word_1_72' title='bbox 757 871 818 922; x_wconf 79' lang='lat'><strong>123.</strong></span> <span class='ocrx_word' id='word_1_73' title='bbox 838 862 925 916; x_wconf 83' lang='lat' dir='ltr'><strong>Nocte</strong></span> <span class='ocrx_word' id='word_1_74' title='bbox 944 884 1048 935; x_wconf 82' lang='lat' dir='ltr'><strong>opaca‚·</strong></span> <span class='ocrx_word' id='word_1_75' title='bbox 1073 885 1124 920; x_wconf 91' lang='lat' dir='ltr'><strong>nu·</strong></span> 
     </span>
     <span class='ocr_line' id='line_1_9' title="bbox 97 925 1125 1000; baseline 0.011 -24"><span class='ocrx_word' id='word_1_76' title='bbox 97 925 169 977; x_wconf 75' lang='lat' dir='ltr'><strong>iim</strong></span> <span class='ocrx_word' id='word_1_77' title='bbox 185 926 313 995; x_wconf 85' lang='lat' dir='ltr'><strong>caligine.</strong></span> <span class='ocrx_word' id='word_1_78' title='bbox 349 928 440 980; x_wconf 88' lang='lat' dir='ltr'><strong>Omne</strong></span> <span class='ocrx_word' id='word_1_79' title='bbox 458 932 550 996; x_wconf 83' lang='lat' dir='ltr'><strong>ciebo,-</strong></span> <span class='ocrx_word' id='word_1_80' title='bbox 575 948 627 999; x_wconf 92' lang='lat' dir='ltr'><strong>pro</strong></span> <span class='ocrx_word' id='word_1_81' title='bbox 652 944 747 983; x_wconf 85' lang='lat' dir='ltr'><strong>totam.</strong></span> <span class='ocrx_word' id='word_1_82' title='bbox 785 933 876 984; x_wconf 86' lang='lat' dir='ltr'><strong>Omne</strong></span> <span class='ocrx_word' id='word_1_83' title='bbox 902 937 991 1000; x_wconf 87' lang='lat' dir='ltr'><strong>eninr,</strong></span> <span class='ocrx_word' id='word_1_84' title='bbox 1014 938 1125 989; x_wconf 85' lang='lat' dir='ltr'><strong>numeri</strong></span> 
     </span>
     <span class='ocr_line' id='line_1_10' title="bbox 97 998 1124 1069; baseline 0.008 -23"><span class='ocrx_word' id='word_1_85' title='bbox 97 1000 146 1046; x_wconf 78' lang='lat' dir='ltr'><strong>att:</strong></span> <span class='ocrx_word' id='word_1_86' title='bbox 170 1006 277 1060; x_wconf 79' lang='lat' dir='ltr'><strong>totum,</strong></span> <span class='ocrx_word' id='word_1_87' title='bbox 300 998 466 1065; x_wconf 72' lang='lat' dir='ltr'><strong>quantitatis.</strong></span> <span class='ocrx_word' id='word_1_88' title='bbox 483 1026 518 1037; x_wconf 83' lang='lat'><strong>--</strong></span> <span class='ocrx_word' id='word_1_89' title='bbox 555 1008 614 1057; x_wconf 70' lang='lat'><strong>125.</strong></span> <span class='ocrx_word' id='word_1_90' title='bbox 634 1000 697 1049; x_wconf 84' lang='lat' dir='ltr'><strong>Tua</strong></span> <span class='ocrx_word' id='word_1_91' title='bbox 723 1004 751 1051; x_wconf 85' lang='lat' dir='ltr'><strong>si</strong></span> <span class='ocrx_word' id='word_1_92' title='bbox 776 1001 848 1053; x_wconf 79' lang='lat' dir='ltr'><strong>milri</strong></span> <span class='ocrx_word' id='word_1_93' title='bbox 874 1015 949 1053; x_wconf 87' lang='lat' dir='ltr'><strong>certa</strong></span> <span class='ocrx_word' id='word_1_94' title='bbox 975 1007 1124 1069; x_wconf 82' lang='lat' dir='ltr'><strong>voluntas,-</strong></span> 
     </span>
     <span class='ocr_line' id='line_1_11' title="bbox 98 1063 1126 1151; baseline 0.011 -38"><span class='ocrx_word' id='word_1_95' title='bbox 98 1064 166 1128; x_wconf 76' lang='lat' dir='ltr'><strong>ie.,</strong></span> <span class='ocrx_word' id='word_1_96' title='bbox 189 1063 212 1114; x_wconf 90' lang='lat' dir='ltr'><strong>si</strong></span> <span class='ocrx_word' id='word_1_97' title='bbox 236 1064 322 1117; x_wconf 81' lang='lat' dir='ltr'><strong>etiam</strong></span> <span class='ocrx_word' id='word_1_98' title='bbox 345 1072 424 1117; x_wconf 90' lang='lat' dir='ltr'><strong>tuum</strong></span> <span class='ocrx_word' id='word_1_99' title='bbox 447 1067 629 1138; x_wconf 79' lang='lat' dir='ltr'><strong>subsequatur</strong></span> <span class='ocrx_word' id='word_1_100' title='bbox 654 1068 789 1127; x_wconf 71' lang='lat' dir='ltr'><strong>officiium</strong></span> <span class='ocrx_word' id='word_1_101' title='bbox 811 1071 887 1137; x_wconf 88' lang='lat' dir='ltr'><strong>[quia</strong></span> <span class='ocrx_word' id='word_1_102' title='bbox 903 1073 972 1123; x_wconf 86' lang='lat' dir='ltr'><strong>luno</strong></span> <span class='ocrx_word' id='word_1_103' title='bbox 996 1073 1126 1151; x_wconf 74' lang='lat' dir='ltr'><strong>coniugii,</strong></span> 
     </span>
     <span class='ocr_line' id='line_1_12' title="bbox 99 1130 1127 1211; baseline 0.012 -32"><span class='ocrx_word' id='word_1_104' title='bbox 99 1130 181 1183; x_wconf 78' lang='lat' dir='ltr'><strong>lenus</strong></span> <span class='ocrx_word' id='word_1_105' title='bbox 197 1146 281 1184; x_wconf 80' lang='lat' dir='ltr'><strong>carna</strong></span> <span class='ocrx_word' id='word_1_106' title='bbox 298 1133 497 1186; x_wconf 90' lang='lat' dir='ltr'><strong>coniunctionis</strong></span> <span class='ocrx_word' id='word_1_107' title='bbox 514 1138 555 1187; x_wconf 88' lang='lat' dir='ltr'><strong>sit.</strong></span> <span class='ocrx_word' id='word_1_108' title='bbox 589 1137 677 1203; x_wconf 83' lang='lat' dir='ltr'><strong>Igitur</strong></span> <span class='ocrx_word' id='word_1_109' title='bbox 693 1140 761 1187; x_wconf 91' lang='lat' dir='ltr'><strong>luno</strong></span> <span class='ocrx_word' id='word_1_110' title='bbox 779 1138 819 1189; x_wconf 88' lang='lat' dir='ltr'><strong>nil</strong></span> <span class='ocrx_word' id='word_1_111' title='bbox 834 1156 863 1190; x_wconf 90' lang='lat' dir='ltr'><strong>se</strong></span> <span class='ocrx_word' id='word_1_112' title='bbox 879 1156 958 1211; x_wconf 89' lang='lat' dir='ltr'><strong>posse</strong></span> <span class='ocrx_word' id='word_1_113' title='bbox 975 1142 1127 1205; x_wconf 71' lang='lat' dir='ltr'><strong>aduentant,</strong></span> 
     </span>
     <span class='ocr_line' id='line_1_13' title="bbox 99 1198 1124 1280; baseline 0.011 -31"><span class='ocrx_word' id='word_1_114' title='bbox 99 1198 145 1249; x_wconf 85' lang='lat' dir='ltr'><strong>uisi</strong></span> <span class='ocrx_word' id='word_1_115' title='bbox 159 1198 287 1253; x_wconf 72' lang='lat' dir='ltr'><strong>volumtas</strong></span> <span class='ocrx_word' id='word_1_116' title='bbox 303 1202 416 1253; x_wconf 86' lang='lat' dir='ltr'><strong>Veneris</strong></span> <span class='ocrx_word' id='word_1_117' title='bbox 432 1203 560 1255; x_wconf 79' lang='lat' dir='ltr'><strong>adiuerit.</strong></span> <span class='ocrx_word' id='word_1_118' title='bbox 596 1206 676 1255; x_wconf 82' lang='lat' dir='ltr'><strong>Certa</strong></span> <span class='ocrx_word' id='word_1_119' title='bbox 694 1213 788 1256; x_wconf 82' lang='lat' dir='ltr'><strong>autern</strong></span> <span class='ocrx_word' id='word_1_120' title='bbox 810 1206 908 1272; x_wconf 83' lang='lat' dir='ltr'><strong>firma,</strong></span> <span class='ocrx_word' id='word_1_121' title='bbox 930 1209 995 1276; x_wconf 86' lang='lat' dir='ltr'><strong>quia</strong></span> <span class='ocrx_word' id='word_1_122' title='bbox 1019 1209 1124 1280; x_wconf 90' lang='lat' dir='ltr'><strong>promi·</strong></span> 
     </span>
     <span class='ocr_line' id='line_1_14' title="bbox 99 1270 1151 1342; baseline 0.01 -23"><span class='ocrx_word' id='word_1_123' title='bbox 99 1274 172 1319; x_wconf 78' lang='lat' dir='ltr'><strong>seret</strong></span> <span class='ocrx_word' id='word_1_124' title='bbox 196 1294 232 1305; x_wconf 86' lang='lat'><em>-</em></span> <span class='ocrx_word' id='word_1_125' title='bbox 273 1276 333 1328; x_wconf 73' lang='lat'><strong>126.</strong></span> <span class='ocrx_word' id='word_1_126' title='bbox 359 1270 524 1336; x_wconf 70' lang='lat' dir='ltr'><strong>cinnatu,-</strong></span> <span class='ocrx_word' id='word_1_127' title='bbox 549 1274 602 1323; x_wconf 91' lang='lat' dir='ltr'><strong>hoc</strong></span> <span class='ocrx_word' id='word_1_128' title='bbox 626 1274 726 1325; x_wconf 87' lang='lat' dir='ltr'><strong>Veneri</strong></span> <span class='ocrx_word' id='word_1_129' title='bbox 750 1277 922 1327; x_wconf 84' lang='lat' dir='ltr'><strong>contrarium</strong></span> <span class='ocrx_word' id='word_1_130' title='bbox 949 1284 1005 1342; x_wconf 87' lang='lat' dir='ltr'><strong>est,</strong></span> <span class='ocrx_word' id='word_1_131' title='bbox 1027 1285 1055 1329; x_wconf 88' lang='lat' dir='ltr'><strong>et</strong></span> <span class='ocrx_word' id='word_1_132' title='bbox 1076 1277 1123 1329; x_wconf 83' lang='lat' dir='ltr'><strong>hie</strong></span> <span class='ocrx_word' id='word_1_133' title='bbox 1145 1314 1151 1329; x_wconf 92' lang='lat'><strong>.</strong></span> 
     </span>
     <span class='ocr_line' id='line_1_15' title="bbox 98 1336 1123 1412; baseline 0.008 -25"><span class='ocrx_word' id='word_1_134' title='bbox 98 1342 133 1387; x_wconf 84' lang='lat' dir='ltr'><strong>est</strong></span> <span class='ocrx_word' id='word_1_135' title='bbox 146 1336 226 1388; x_wconf 88' lang='lat' dir='ltr'><strong>dolus</strong></span> <span class='ocrx_word' id='word_1_136' title='bbox 242 1353 327 1405; x_wconf 88' lang='lat' dir='ltr'><strong>quem</strong></span> <span class='ocrx_word' id='word_1_137' title='bbox 343 1339 516 1392; x_wconf 73' lang='lat' dir='ltr'><strong>intellectura</strong></span> <span class='ocrx_word' id='word_1_138' title='bbox 533 1349 575 1391; x_wconf 87' lang='lat' dir='ltr'><strong>est</strong></span> <span class='ocrx_word' id='word_1_139' title='bbox 597 1349 624 1392; x_wconf 88' lang='lat' dir='ltr'><strong>et</strong></span> <span class='ocrx_word' id='word_1_140' title='bbox 641 1340 751 1405; x_wconf 75' lang='lat' dir='ltr'><strong>usura]</strong></span> <span class='ocrx_word' id='word_1_141' title='bbox 784 1342 830 1392; x_wconf 90' lang='lat' dir='ltr'><strong>Na</strong></span> <span class='ocrx_word' id='word_1_142' title='bbox 856 1345 1017 1396; x_wconf 75' lang='lat' dir='ltr'><strong>naturaliter</strong></span> <span class='ocrx_word' id='word_1_143' title='bbox 1040 1346 1123 1412; x_wconf 76' lang='lat' dir='ltr'><strong>langa</strong></span> 
     </span>
     <span class='ocr_line' id='line_1_16' title="bbox 98 1405 1124 1479; baseline 0.008 -24"><span class='ocrx_word' id='word_1_144' title='bbox 98 1410 147 1470; x_wconf 79' lang='lat' dir='ltr'><strong>at,</strong></span> <span class='ocrx_word' id='word_1_145' title='bbox 167 1405 204 1456; x_wconf 88' lang='lat' dir='ltr'><strong>ab</strong></span> <span class='ocrx_word' id='word_1_146' title='bbox 220 1421 257 1457; x_wconf 88' lang='lat' dir='ltr'><strong>eo</strong></span> <span class='ocrx_word' id='word_1_147' title='bbox 275 1406 348 1474; x_wconf 91' lang='lat' dir='ltr'><strong>quod</strong></span> <span class='ocrx_word' id='word_1_148' title='bbox 364 1414 407 1458; x_wconf 85' lang='lat' dir='ltr'><strong>est</strong></span> <span class='ocrx_word' id='word_1_149' title='bbox 423 1410 541 1460; x_wconf 84' lang='lat' dir='ltr'><strong>nubere.-</strong></span> <span class='ocrx_word' id='word_1_150' title='bbox 560 1418 590 1459; x_wconf 88' lang='lat' dir='ltr'><strong>ut</strong></span> <span class='ocrx_word' id='word_1_151' title='bbox 607 1409 704 1471; x_wconf 63' lang='lat' dir='ltr'><strong>letti:</strong></span> <span class='ocrx_word' id='word_1_152' title='bbox 731 1410 880 1462; x_wconf 80' lang='lat' dir='ltr'><strong>Gonnulna</strong></span> <span class='ocrx_word' id='word_1_153' title='bbox 901 1426 996 1463; x_wconf 88' lang='lat' dir='ltr'><strong>nostra</strong></span> <span class='ocrx_word' id='word_1_154' title='bbox 1015 1414 1124 1479; x_wconf 79' lang='lat' dir='ltr'><strong>Reppu-</strong></span> 
     </span>
     <span class='ocr_line' id='line_1_17' title="bbox 100 1472 1123 1549; baseline 0.009 -26"><span class='ocrx_word' id='word_1_155' title='bbox 100 1472 140 1525; x_wconf 81' lang='lat' dir='ltr'><strong>tu:</strong></span> <span class='ocrx_word' id='word_1_156' title='bbox 161 1474 210 1525; x_wconf 84' lang='lat' dir='ltr'><strong>sed</strong></span> <span class='ocrx_word' id='word_1_157' title='bbox 233 1476 317 1525; x_wconf 89' lang='lat' dir='ltr'><strong>modo</strong></span> <span class='ocrx_word' id='word_1_158' title='bbox 342 1476 426 1527; x_wconf 86' lang='lat' dir='ltr'><strong>metri</strong></span> <span class='ocrx_word' id='word_1_159' title='bbox 443 1493 524 1528; x_wconf 86' lang='lat' dir='ltr'><strong>causa</strong></span> <span class='ocrx_word' id='word_1_160' title='bbox 542 1478 683 1546; x_wconf 73' lang='lat' dir='ltr'><strong>corripuit.</strong></span> <span class='ocrx_word' id='word_1_161' title='bbox 702 1503 736 1515; x_wconf 90' lang='lat'>—</span> <span class='ocrx_word' id='word_1_162' title='bbox 775 1486 832 1537; x_wconf 75' lang='lat'><strong>127.</strong></span> <span class='ocrx_word' id='word_1_163' title='bbox 850 1480 918 1549; x_wconf 84' lang='lat' dir='ltr'><strong>[Hic</strong></span> <span class='ocrx_word' id='word_1_164' title='bbox 942 1480 1123 1549; x_wconf 80' lang='lat' dir='ltr'><strong>Hymenaeus</strong></span> 
     </span>
     <span class='ocr_line' id='line_1_18' title="bbox 98 1542 1123 1620; baseline 0.009 -29"><span class='ocrx_word' id='word_1_165' title='bbox 98 1545 159 1609; x_wconf 77' lang='lat' dir='ltr'><strong>trit,¹</strong></span> <span class='ocrx_word' id='word_1_166' title='bbox 176 1542 195 1593; x_wconf 91' lang='lat' dir='ltr'><strong>i.</strong></span> <span class='ocrx_word' id='word_1_167' title='bbox 213 1560 254 1607; x_wconf 85' lang='lat' dir='ltr'><strong>e.,</strong></span> <span class='ocrx_word' id='word_1_168' title='bbox 275 1543 329 1595; x_wconf 83' lang='lat' dir='ltr'><strong>hae</strong></span> <span class='ocrx_word' id='word_1_169' title='bbox 346 1551 427 1594; x_wconf 88' lang='lat' dir='ltr'><strong>erunt</strong></span> <span class='ocrx_word' id='word_1_170' title='bbox 443 1548 566 1613; x_wconf 82' lang='lat' dir='ltr'><strong>nuptiae.</strong></span> <span class='ocrx_word' id='word_1_171' title='bbox 601 1546 671 1596; x_wconf 85' lang='lat' dir='ltr'><strong>Sane</strong></span> <span class='ocrx_word' id='word_1_172' title='bbox 688 1546 723 1597; x_wconf 92' lang='lat' dir='ltr'><strong>de</strong></span> <span class='ocrx_word' id='word_1_173' title='bbox 740 1544 901 1613; x_wconf 82' lang='lat' dir='ltr'><em>Hymenaeo</em></span> <span class='ocrx_word' id='word_1_174' title='bbox 920 1550 983 1601; x_wconf 88' lang='lat' dir='ltr'><strong>licet</strong></span> <span class='ocrx_word' id='word_1_175' title='bbox 1000 1551 1123 1620; x_wconf 86' lang='lat' dir='ltr'><strong>superius</strong></span> 
     </span>
     <span class='ocr_line' id='line_1_19' title="bbox 99 1610 1125 1687; baseline 0.006 -24"><span class='ocrx_word' id='word_1_176' title='bbox 99 1610 157 1673; x_wconf 78' lang='grc'><strong>(99.)</strong></span> <span class='ocrx_word' id='word_1_177' title='bbox 180 1610 286 1663; x_wconf 81' lang='lat' dir='ltr'><strong>dictrun</strong></span> <span class='ocrx_word' id='word_1_178' title='bbox 308 1612 357 1675; x_wconf 91' lang='lat' dir='ltr'><strong>sit,</strong></span> <span class='ocrx_word' id='word_1_179' title='bbox 380 1620 474 1665; x_wconf 86' lang='lat' dir='ltr'><strong>tamen</strong></span> <span class='ocrx_word' id='word_1_180' title='bbox 498 1622 561 1667; x_wconf 88' lang='lat' dir='ltr'><strong>suut</strong></span> <span class='ocrx_word' id='word_1_181' title='bbox 583 1616 669 1665; x_wconf 84' lang='lat' dir='ltr'><strong>otiam</strong></span> <span class='ocrx_word' id='word_1_182' title='bbox 692 1614 763 1666; x_wconf 86' lang='lat' dir='ltr'><strong>aliae</strong></span> <span class='ocrx_word' id='word_1_183' title='bbox 786 1618 935 1687; x_wconf 78' lang='lat' dir='ltr'><strong>opiniones.</strong></span> <span class='ocrx_word' id='word_1_184' title='bbox 980 1620 1052 1668; x_wconf 88' lang='lat' dir='ltr'><strong>Num</strong></span> <span class='ocrx_word' id='word_1_185' title='bbox 1077 1618 1125 1669; x_wconf 84' lang='lat' dir='ltr'><strong>alii</strong></span> 
     </span>
     <span class='ocr_line' id='line_1_20' title="bbox 98 1676 1127 1757; baseline 0.01 -28"><span class='ocrx_word' id='word_1_186' title='bbox 98 1676 295 1733; x_wconf 68' lang='lat' dir='ltr'><strong>haereretis</strong></span> <span class='ocrx_word' id='word_1_187' title='bbox 319 1687 347 1733; x_wconf 86' lang='lat' dir='ltr'><strong>et</strong></span> <span class='ocrx_word' id='word_1_188' title='bbox 368 1680 465 1733; x_wconf 84' lang='lat' dir='ltr'><strong>Liberi</strong></span> <span class='ocrx_word' id='word_1_189' title='bbox 488 1683 578 1735; x_wconf 83' lang='lat' dir='ltr'><strong>filium</strong></span> <span class='ocrx_word' id='word_1_190' title='bbox 600 1684 695 1735; x_wconf 88' lang='lat' dir='ltr'><strong>dicunt</strong></span> <span class='ocrx_word' id='word_1_191' title='bbox 738 1684 844 1735; x_wconf 86' lang='lat' dir='ltr'><strong>rimam</strong></span> <span class='ocrx_word' id='word_1_192' title='bbox 867 1688 969 1756; x_wconf 86' lang='lat' dir='ltr'><strong>nuptiis</strong></span> <span class='ocrx_word' id='word_1_193' title='bbox 993 1703 1127 1757; x_wconf 82' lang='lat' dir='ltr'><strong>prospere</strong></span> 
     </span>
     <span class='ocr_line' id='line_1_21' title="bbox 98 1748 1129 1822; baseline 0.008 -25"><span class='ocrx_word' id='word_1_194' title='bbox 98 1758 185 1814; x_wconf 74' lang='lat' dir='ltr'><strong>marn,</strong></span> <span class='ocrx_word' id='word_1_195' title='bbox 207 1748 246 1799; x_wconf 87' lang='lat' dir='ltr'><strong>ob</strong></span> <span class='ocrx_word' id='word_1_196' title='bbox 262 1749 338 1816; x_wconf 88' lang='lat' dir='ltr'><strong>quod</strong></span> <span class='ocrx_word' id='word_1_197' title='bbox 352 1749 382 1800; x_wconf 88' lang='lat' dir='ltr'><strong>in</strong></span> <span class='ocrx_word' id='word_1_198' title='bbox 397 1751 501 1818; x_wconf 85' lang='lat' dir='ltr'><strong>nuptiis</strong></span> <span class='ocrx_word' id='word_1_199' title='bbox 517 1760 644 1816; x_wconf 84' lang='lat' dir='ltr'><strong>vocatur,</strong></span> <span class='ocrx_word' id='word_1_200' title='bbox 667 1768 705 1805; x_wconf 91' lang='lat' dir='ltr'><strong>un</strong></span> <span class='ocrx_word' id='word_1_201' title='bbox 726 1771 740 1804; x_wconf 88' lang='lat' dir='ltr'><strong>e</strong></span> <span class='ocrx_word' id='word_1_202' title='bbox 758 1754 881 1821; x_wconf 86' lang='lat' dir='ltr'><strong>nuptiale</strong></span> <span class='ocrx_word' id='word_1_203' title='bbox 898 1771 1012 1806; x_wconf 87' lang='lat' dir='ltr'><strong>carmen</strong></span> <span class='ocrx_word' id='word_1_204' title='bbox 1029 1754 1129 1822; x_wconf 49' lang='lat' dir='ltr'><strong>hym&amp;</strong></span> 
     </span>
     <span class='ocr_line' id='line_1_22' title="bbox 100 1816 1130 1888; baseline 0.009 -24"><span class='ocrx_word' id='word_1_205' title='bbox 100 1830 187 1866; x_wconf 78' lang='lat' dir='ltr'><strong>naeus.</strong></span> <span class='ocrx_word' id='word_1_206' title='bbox 223 1816 278 1868; x_wconf 86' lang='lat' dir='ltr'><strong>Alii</strong></span> <span class='ocrx_word' id='word_1_207' title='bbox 300 1819 462 1888; x_wconf 77' lang='lat' dir='ltr'><strong>nuptiarum</strong></span> <span class='ocrx_word' id='word_1_208' title='bbox 485 1820 660 1872; x_wconf 86' lang='lat' dir='ltr'><strong>inventorem</strong></span> <span class='ocrx_word' id='word_1_209' title='bbox 676 1821 803 1885; x_wconf 90' lang='lat' dir='ltr'><strong>tradunt,</strong></span> <span class='ocrx_word' id='word_1_210' title='bbox 828 1832 856 1873; x_wconf 92' lang='lat' dir='ltr'><strong>et</strong></span> <span class='ocrx_word' id='word_1_211' title='bbox 873 1823 935 1873; x_wconf 89' lang='lat' dir='ltr'><strong>idco</strong></span> <span class='ocrx_word' id='word_1_212' title='bbox 953 1822 1130 1874; x_wconf 80' lang='lat' dir='ltr'><strong>carminibus·</strong></span> 
     </span>
     <span class='ocr_line' id='line_1_23' title="bbox 97 1882 1121 1959; baseline 0.006 -24"><span class='ocrx_word' id='word_1_213' title='bbox 97 1882 224 1949; x_wconf 71' lang='lat' dir='ltr'><strong>detmari,</strong></span> <span class='ocrx_word' id='word_1_214' title='bbox 260 1886 315 1937; x_wconf 90' lang='lat' dir='ltr'><strong>uod</strong></span> <span class='ocrx_word' id='word_1_215' title='bbox 331 1888 487 1956; x_wconf 83' lang='lat' dir='ltr'><strong>exemplum</strong></span> <span class='ocrx_word' id='word_1_216' title='bbox 504 1890 541 1940; x_wconf 89' lang='lat' dir='ltr'><strong>ab</strong></span> <span class='ocrx_word' id='word_1_217' title='bbox 558 1904 592 1940; x_wconf 92' lang='lat' dir='ltr'><strong>eo</strong></span> <span class='ocrx_word' id='word_1_218' title='bbox 609 1889 750 1959; x_wconf 84' lang='lat' dir='ltr'><strong>proditum</strong></span> <span class='ocrx_word' id='word_1_219' title='bbox 768 1889 870 1958; x_wconf 88' lang='lat' dir='ltr'><strong>ubique</strong></span> <span class='ocrx_word' id='word_1_220' title='bbox 887 1900 1017 1943; x_wconf 87' lang='lat' dir='ltr'><strong>servatur.</strong></span> <span class='ocrx_word' id='word_1_221' title='bbox 1052 1892 1121 1942; x_wconf 83' lang='lat' dir='ltr'><strong>Cor-</strong></span> 
     </span>
     <span class='ocr_line' id='line_1_24' title="bbox 67 1902 1122 2025; baseline 0.006 -22"><span class='ocrx_word' id='word_1_222' title='bbox 67 1974 76 1985; x_wconf 91' lang='lat'>·</span> <span class='ocrx_word' id='word_1_223' title='bbox 97 1952 176 2005; x_wconf 82' lang='lat' dir='ltr'><strong>aelius</strong></span> <span class='ocrx_word' id='word_1_224' title='bbox 191 1902 296 2006; x_wconf 70' lang='lat' dir='ltr'><strong>Belius</strong></span> <span class='ocrx_word' id='word_1_225' title='bbox 310 1954 520 2023; x_wconf 79' lang='lat' dir='ltr'><strong>Hymenaeum,</strong></span> <span class='ocrx_word' id='word_1_226' title='bbox 544 1957 599 2021; x_wconf 89' lang='lat' dir='ltr'><strong>ait,</strong></span> <span class='ocrx_word' id='word_1_227' title='bbox 622 1957 759 2025; x_wconf 76' lang='lat' dir='ltr'><strong>Magnetis</strong></span> <span class='ocrx_word' id='word_1_228' title='bbox 781 1958 883 2022; x_wconf 80' lang='lat' dir='ltr'><strong>silium,</strong></span> <span class='ocrx_word' id='word_1_229' title='bbox 908 1961 1030 2011; x_wconf 87' lang='lat' dir='ltr'><strong>musicae</strong></span> <span class='ocrx_word' id='word_1_230' title='bbox 1054 1959 1122 2010; x_wconf 83' lang='lat' dir='ltr'><strong>artis</strong></span> 
     </span>
     <span class='ocr_line' id='line_1_25' title="bbox 126 2020 1123 2097; baseline 0.005 -25"><span class='ocrx_word' id='word_1_231' title='bbox 126 2020 227 2087; x_wconf 87' lang='lat' dir='ltr'><strong>ritum,</strong></span> <span class='ocrx_word' id='word_1_232' title='bbox 248 2023 452 2093; x_wconf 78' lang='lat' dir='ltr'><strong>pulchritudine</strong></span> <span class='ocrx_word' id='word_1_233' title='bbox 476 2025 623 2089; x_wconf 82' lang='lat' dir='ltr'><strong>muliebri,</strong></span> <span class='ocrx_word' id='word_1_234' title='bbox 647 2026 714 2077; x_wconf 87' lang='lat' dir='ltr'><strong>dum</strong></span> <span class='ocrx_word' id='word_1_235' title='bbox 737 2026 846 2096; x_wconf 82' lang='lat' dir='ltr'><strong>nuptias</strong></span> <span class='ocrx_word' id='word_1_236' title='bbox 870 2027 965 2079; x_wconf 75' lang='lat' dir='ltr'><strong>Liberi</strong></span> <span class='ocrx_word' id='word_1_237' title='bbox 991 2032 1075 2097; x_wconf 82' lang='lat' dir='ltr'><strong>patris</strong></span> <span class='ocrx_word' id='word_1_238' title='bbox 1093 2034 1123 2078; x_wconf 85' lang='lat' dir='ltr'><strong>et</strong></span> 
     </span>
     <span class='ocr_line' id='line_1_26' title="bbox 165 2090 1124 2164; baseline 0.003 -23"><span class='ocrx_word' id='word_1_239' title='bbox 165 2108 181 2141; x_wconf 91' lang='lat' dir='ltr'><strong>e</strong></span> <span class='ocrx_word' id='word_1_240' title='bbox 196 2090 332 2159; x_wconf 82' lang='lat' dir='ltr'><strong>religiosis</strong></span> <span class='ocrx_word' id='word_1_241' title='bbox 347 2095 473 2145; x_wconf 86' lang='lat' dir='ltr'><strong>cautibus</strong></span> <span class='ocrx_word' id='word_1_242' title='bbox 490 2095 613 2146; x_wconf 84' lang='lat' dir='ltr'><strong>celebrat</strong></span> <span class='ocrx_word' id='word_1_243' title='bbox 618 2131 626 2159; x_wconf 93' lang='lat'><strong>,</strong></span> <span class='ocrx_word' id='word_1_244' title='bbox 643 2094 795 2164; x_wconf 79' lang='lat' dir='ltr'><strong>expirasse,</strong></span> <span class='ocrx_word' id='word_1_245' title='bbox 811 2103 927 2162; x_wconf 87' lang='lat' dir='ltr'><strong>propter</strong></span> <span class='ocrx_word' id='word_1_246' title='bbox 944 2097 1017 2164; x_wconf 83' lang='lat' dir='ltr'><strong>qnod</strong></span> <span class='ocrx_word' id='word_1_247' title='bbox 1035 2095 1124 2146; x_wconf 83' lang='lat' dir='ltr'><strong>vitalis</strong></span> 
     </span>
     <span class='ocr_line' id='line_1_27' title="bbox 97 2157 1124 2231; baseline 0.005 -23"><span class='ocrx_word' id='word_1_248' title='bbox 97 2157 129 2223; x_wconf 77' lang='lat' dir='ltr'><strong>(ei</strong></span> <span class='ocrx_word' id='word_1_249' title='bbox 143 2158 215 2222; x_wconf 78' lang='lat' dir='ltr'><strong>talis)</strong></span> <span class='ocrx_word' id='word_1_250' title='bbox 232 2160 324 2213; x_wconf 90' lang='lat' dir='ltr'><strong>honor</strong></span> <span class='ocrx_word' id='word_1_251' title='bbox 338 2162 441 2231; x_wconf 85' lang='lat' dir='ltr'><strong>nuptiis</strong></span> <span class='ocrx_word' id='word_1_252' title='bbox 458 2163 611 2214; x_wconf 85' lang='lat' dir='ltr'><strong>adtributus</strong></span> <span class='ocrx_word' id='word_1_253' title='bbox 636 2170 690 2226; x_wconf 86' lang='lat' dir='ltr'><strong>est,</strong></span> <span class='ocrx_word' id='word_1_254' title='bbox 713 2170 745 2211; x_wconf 89' lang='lat' dir='ltr'><strong>ut</strong></span> <span class='ocrx_word' id='word_1_255' title='bbox 761 2164 910 2214; x_wconf 80' lang='lat' dir='ltr'><strong>celebratio</strong></span> <span class='ocrx_word' id='word_1_256' title='bbox 928 2164 1046 2217; x_wconf 84' lang='lat' dir='ltr'><strong>nominis</strong></span> <span class='ocrx_word' id='word_1_257' title='bbox 1064 2165 1124 2216; x_wconf 87' lang='lat' dir='ltr'><strong>eius</strong></span> 
     </span>
     <span class='ocr_line' id='line_1_28' title="bbox 96 2227 1121 2311; baseline 0.006 -36"><span class='ocrx_word' id='word_1_258' title='bbox 96 2227 248 2295; x_wconf 74' lang='lat' dir='ltr'><strong>nuptiarum</strong></span> <span class='ocrx_word' id='word_1_259' title='bbox 271 2228 473 2311; x_wconf 67' lang='lat' dir='ltr'><strong>irmpendarum</strong></span> <span class='ocrx_word' id='word_1_260' title='bbox 496 2239 663 2301; x_wconf 89' lang='lat' dir='ltr'><strong>perpetuum</strong></span> <span class='ocrx_word' id='word_1_261' title='bbox 684 2247 790 2283; x_wconf 80' lang='lat' dir='ltr'><strong>niunen</strong></span> <span class='ocrx_word' id='word_1_262' title='bbox 808 2235 914 2297; x_wconf 89' lang='lat' dir='ltr'><strong>(omen)</strong></span> <span class='ocrx_word' id='word_1_263' title='bbox 932 2232 1022 2298; x_wconf 82' lang='lat' dir='ltr'><strong>esset}</strong></span> <span class='ocrx_word' id='word_1_264' title='bbox 1054 2230 1121 2284; x_wconf 85' lang='lat' dir='ltr'><strong>Non</strong></span> 
     </span>
     <span class='ocr_line' id='line_1_29' title="bbox 95 2294 1122 2370; baseline 0.005 -26"><span class='ocrx_word' id='word_1_265' title='bbox 95 2294 250 2359; x_wconf 60' lang='lat' dir='ltr'><strong>doersum</strong></span> <span class='ocrx_word' id='word_1_266' title='bbox 272 2294 374 2365; x_wconf 82' lang='lat' dir='ltr'><strong>legitiu</strong></span> <span class='ocrx_word' id='word_1_267' title='bbox 398 2308 425 2352; x_wconf 87' lang='lat' dir='ltr'><strong>et</strong></span> <span class='ocrx_word' id='word_1_268' title='bbox 442 2300 584 2351; x_wconf 81' lang='lat' dir='ltr'><strong>Aversata.</strong></span> <span class='ocrx_word' id='word_1_269' title='bbox 603 2325 637 2336; x_wconf 91' lang='lat'><em>-</em></span> <span class='ocrx_word' id='word_1_270' title='bbox 672 2304 733 2355; x_wconf 77' lang='lat'><strong>128.</strong></span> <span class='ocrx_word' id='word_1_271' title='bbox 750 2300 905 2367; x_wconf 76' lang='lat' dir='ltr'><strong>[Repertis3</strong></span> <span class='ocrx_word' id='word_1_272' title='bbox 930 2302 970 2351; x_wconf 87' lang='lat' dir='ltr'><strong>vel</strong></span> <span class='ocrx_word' id='word_1_273' title='bbox 995 2316 1122 2370; x_wconf 87' lang='lat' dir='ltr'><strong>comper-</strong></span> 
     </span>
     <span class='ocr_line' id='line_1_30' title="bbox 96 2362 1121 2436; baseline 0.002 -20"><span class='ocrx_word' id='word_1_274' title='bbox 96 2362 122 2413; x_wconf 59' lang='grc' dir='ltr'><strong>δ’·</strong></span> <span class='ocrx_word' id='word_1_275' title='bbox 136 2364 379 2436; x_wconf 64' lang='lat' dir='ltr'><strong>indeprehensis.</strong></span> <span class='ocrx_word' id='word_1_276' title='bbox 414 2369 472 2420; x_wconf 91' lang='lat' dir='ltr'><strong>Cur</strong></span> <span class='ocrx_word' id='word_1_277' title='bbox 489 2376 583 2419; x_wconf 87' lang='lat' dir='ltr'><strong>autem</strong></span> <span class='ocrx_word' id='word_1_278' title='bbox 600 2367 669 2421; x_wconf 86' lang='lat' dir='ltr'><strong>dolis</strong></span> <span class='ocrx_word' id='word_1_279' title='bbox 685 2367 802 2436; x_wconf 86' lang='lat' dir='ltr'><strong>repertis</strong></span> <span class='ocrx_word' id='word_1_280' title='bbox 819 2368 892 2432; x_wconf 89' lang='lat' dir='ltr'><strong>risit,</strong></span> <span class='ocrx_word' id='word_1_281' title='bbox 917 2368 964 2436; x_wconf 88' lang='lat' dir='ltr'><strong>qni</strong></span> <span class='ocrx_word' id='word_1_282' title='bbox 982 2369 1061 2419; x_wconf 84' lang='lat' dir='ltr'><strong>altius</strong></span> <span class='ocrx_word' id='word_1_283' title='bbox 1079 2369 1121 2419; x_wconf 90' lang='lat' dir='ltr'><strong>in·</strong></span> 
     </span>
     <span class='ocr_line' id='line_1_31' title="bbox 95 2430 1121 2505; baseline 0.003 -23"><span class='ocrx_word' id='word_1_284' title='bbox 95 2430 213 2500; x_wconf 76' lang='lat' dir='ltr'><strong>alligant</strong></span> <span class='ocrx_word' id='word_1_285' title='bbox 229 2435 269 2485; x_wconf 83' lang='lat' dir='ltr'><strong>sic</strong></span> <span class='ocrx_word' id='word_1_286' title='bbox 285 2436 414 2501; x_wconf 84' lang='lat' dir='ltr'><strong>tradunt,</strong></span> <span class='ocrx_word' id='word_1_287' title='bbox 435 2437 488 2488; x_wconf 89' lang='lat' dir='ltr'><strong>hoc</strong></span> <span class='ocrx_word' id='word_1_288' title='bbox 507 2443 548 2488; x_wconf 89' lang='lat' dir='ltr'><strong>est</strong></span> <span class='ocrx_word' id='word_1_289' title='bbox 564 2452 632 2504; x_wconf 84' lang='lat' dir='ltr'><strong>quos</strong></span> <span class='ocrx_word' id='word_1_290' title='bbox 655 2436 824 2503; x_wconf 83' lang='lat' dir='ltr'><strong>iampridem</strong></span> <span class='ocrx_word' id='word_1_291' title='bbox 840 2443 1032 2505; x_wconf 81' lang='lat' dir='ltr'><strong>compererat,</strong></span> <span class='ocrx_word' id='word_1_292' title='bbox 1055 2452 1121 2487; x_wconf 86' lang='lat' dir='ltr'><strong>curn</strong></span> 
     </span>
     <span class='ocr_line' id='line_1_32' title="bbox 67 2498 1121 2573; baseline 0.007 -24"><span class='ocrx_word' id='word_1_293' title='bbox 67 2538 70 2545; x_wconf 91' lang='lat'><strong>.</strong></span> <span class='ocrx_word' id='word_1_294' title='bbox 94 2498 166 2550; x_wconf 88' lang='lat' dir='ltr'><strong>llinm</strong></span> <span class='ocrx_word' id='word_1_295' title='bbox 195 2503 430 2573; x_wconf 57' lang='lat' dir='ltr'><strong>oppugnaretis]</strong></span> <span class='ocrx_word' id='word_1_296' title='bbox 452 2532 489 2545; x_wconf 84' lang='lat'><em>-</em></span> <span class='ocrx_word' id='word_1_297' title='bbox 535 2511 594 2561; x_wconf 79' lang='lat'><strong>130.</strong></span> <span class='ocrx_word' id='word_1_298' title='bbox 619 2505 722 2555; x_wconf 77' lang='lat' dir='ltr'><strong>lutare</strong></span> <span class='ocrx_word' id='word_1_299' title='bbox 754 2517 865 2569; x_wconf 80' lang='lat' dir='ltr'><strong>exorto‚·</strong></span> <span class='ocrx_word' id='word_1_300' title='bbox 894 2513 960 2557; x_wconf 86' lang='lat' dir='ltr'><strong>nata</strong></span> <span class='ocrx_word' id='word_1_301' title='bbox 984 2504 1121 2556; x_wconf 81' lang='lat' dir='ltr'><strong>Lucifero.</strong></span> 
     </span>
     <span class='ocr_line' id='line_1_33' title="bbox 67 2564 1120 2640; baseline 0.001 -17"><span class='ocrx_word' id='word_1_302' title='bbox 67 2564 73 2623; x_wconf 70' lang='grc' dir='ltr'><strong>Ϊ·</strong></span> <span class='ocrx_word' id='word_1_303' title='bbox 94 2566 158 2621; x_wconf 77' lang='lat' dir='ltr'><strong>liam</strong></span> <span class='ocrx_word' id='word_1_304' title='bbox 216 2571 295 2639; x_wconf 84' lang='lat' dir='ltr'><strong>oprie</strong></span> <span class='ocrx_word' id='word_1_305' title='bbox 320 2575 405 2623; x_wconf 74' lang='lat' dir='ltr'><strong>iubar</strong></span> <span class='ocrx_word' id='word_1_306' title='bbox 429 2572 542 2626; x_wconf 77' lang='lat' dir='ltr'><strong>Lucifer</strong></span> <span class='ocrx_word' id='word_1_307' title='bbox 566 2573 682 2635; x_wconf 88' lang='lat' dir='ltr'><strong>dicitur,</strong></span> <span class='ocrx_word' id='word_1_308' title='bbox 706 2574 780 2640; x_wconf 83' lang='lat' dir='ltr'><strong>quod</strong></span> <span class='ocrx_word' id='word_1_309' title='bbox 803 2575 888 2624; x_wconf 82' lang='lat' dir='ltr'><strong>iubar</strong></span> <span class='ocrx_word' id='word_1_310' title='bbox 911 2574 979 2625; x_wconf 90' lang='lat' dir='ltr'><strong>lucis</strong></span> <span class='ocrx_word' id='word_1_311' title='bbox 996 2572 1120 2626; x_wconf 85' lang='lat' dir='ltr'><strong>effundit.</strong></span> 
     </span>
     <span class='ocr_line' id='line_1_34' title="bbox 67 2588 1121 2711; baseline 0.002 -22"><span class='ocrx_word' id='word_1_312' title='bbox 67 2654 72 2681; x_wconf 73' lang='grc' dir='ltr'>Ι</span> <span class='ocrx_word' id='word_1_313' title='bbox 94 2632 164 2691; x_wconf 80' lang='lat' dir='ltr'><strong>Unde</strong></span> <span class='ocrx_word' id='word_1_314' title='bbox 179 2588 291 2708; x_wconf 46' lang='lat' dir='ltr'><strong>{itiam</strong></span> <span class='ocrx_word' id='word_1_315' title='bbox 309 2641 438 2709; x_wconf 88' lang='lat' dir='ltr'><strong>quicquid</strong></span> <span class='ocrx_word' id='word_1_316' title='bbox 455 2642 594 2711; x_wconf 84' lang='lat' dir='ltr'><strong>splendet,</strong></span> <span class='ocrx_word' id='word_1_317' title='bbox 613 2643 698 2691; x_wconf 83' lang='lat' dir='ltr'><strong>iubar</strong></span> <span class='ocrx_word' id='word_1_318' title='bbox 715 2641 831 2707; x_wconf 88' lang='lat' dir='ltr'><strong>dicitur,</strong></span> <span class='ocrx_word' id='word_1_319' title='bbox 854 2649 885 2691; x_wconf 91' lang='lat' dir='ltr'><strong>ut</strong></span> <span class='ocrx_word' id='word_1_320' title='bbox 901 2642 1027 2709; x_wconf 79' lang='lat' dir='ltr'><strong>argenti,</strong></span> <span class='ocrx_word' id='word_1_321' title='bbox 1044 2657 1121 2705; x_wconf 73' lang='lat' dir='ltr'><strong>pom·</strong></span> 
     </span>
     <span class='ocr_line' id='line_1_35' title="bbox 67 2708 1121 2776; baseline 0.003 -18"><span class='ocrx_word' id='word_1_322' title='bbox 67 2716 69 2723; x_wconf 92' lang='lat'>&#39;</span> <span class='ocrx_word' id='word_1_323' title='bbox 95 2718 204 2759; x_wconf 76' lang='lat' dir='ltr'><strong>marm</strong></span> <span class='ocrx_word' id='word_1_324' title='bbox 246 2708 296 2758; x_wconf 88' lang='lat' dir='ltr'><strong>Est</strong></span> <span class='ocrx_word' id='word_1_325' title='bbox 319 2715 412 2760; x_wconf 82' lang='lat' dir='ltr'><strong>erstem</strong></span> <span class='ocrx_word' id='word_1_326' title='bbox 435 2709 549 2761; x_wconf 82' lang='lat' dir='ltr'><strong>Lucifer</strong></span> <span class='ocrx_word' id='word_1_327' title='bbox 575 2709 718 2761; x_wconf 75' lang='lat' dir='ltr'><strong>interdurn</strong></span> <span class='ocrx_word' id='word_1_328' title='bbox 743 2710 825 2760; x_wconf 83' lang='lat' dir='ltr'><strong>Iovis:</strong></span> <span class='ocrx_word' id='word_1_329' title='bbox 855 2710 940 2776; x_wconf 86' lang='lat' dir='ltr'><strong>[nam</strong></span> <span class='ocrx_word' id='word_1_330' title='bbox 964 2718 992 2762; x_wconf 87' lang='lat' dir='ltr'><strong>et</strong></span> <span class='ocrx_word' id='word_1_331' title='bbox 1013 2708 1121 2775; x_wconf 85' lang='lat' dir='ltr'><strong>antiqui</strong></span> 
     </span>
     <span class='ocr_line' id='line_1_36' title="bbox 68 2775 1122 2846; baseline 0.006 -23"><span class='ocrx_word' id='word_1_332' title='bbox 68 2808 79 2837; x_wconf 91' lang='lat'><strong>.·</strong></span> <span class='ocrx_word' id='word_1_333' title='bbox 96 2776 185 2841; x_wconf 80' lang='lat' dir='ltr'><strong>telae,</strong></span> <span class='ocrx_word' id='word_1_334' title='bbox 247 2776 288 2827; x_wconf 85' lang='lat' dir='ltr'><strong>asi</strong></span> <span class='ocrx_word' id='word_1_335' title='bbox 312 2779 396 2827; x_wconf 88' lang='lat' dir='ltr'><strong>iuvar</strong></span> <span class='ocrx_word' id='word_1_336' title='bbox 419 2775 581 2841; x_wconf 74' lang='lat' dir='ltr'><strong>dicebant3]</strong></span> <span class='ocrx_word' id='word_1_337' title='bbox 604 2778 768 2846; x_wconf 83' lang='lat' dir='ltr'><strong>plerumque</strong></span> <span class='ocrx_word' id='word_1_338' title='bbox 785 2779 898 2829; x_wconf 86' lang='lat' dir='ltr'><strong>Veneris</strong></span> <span class='ocrx_word' id='word_1_339' title='bbox 921 2778 1008 2829; x_wconf 87' lang='lat' dir='ltr'><strong>stella.</strong></span> <span class='ocrx_word' id='word_1_340' title='bbox 1043 2777 1122 2829; x_wconf 87' lang='lat' dir='ltr'><strong>Unde</strong></span> 
     </span>
     <span class='ocr_line' id='line_1_37' title="bbox 67 2840 1120 2912; baseline 0.003 -21"><span class='ocrx_word' id='word_1_341' title='bbox 67 2887 72 2904; x_wconf 49' lang='grc' dir='ltr'>ι</span> <span class='ocrx_word' id='word_1_342' title='bbox 95 2840 197 2897; x_wconf 74' lang='lat' dir='ltr'><strong>Veneris</strong></span> <span class='ocrx_word' id='word_1_343' title='bbox 232 2844 289 2897; x_wconf 86' lang='lat' dir='ltr'><strong>icta</strong></span> <span class='ocrx_word' id='word_1_344' title='bbox 305 2853 358 2897; x_wconf 84' lang='lat' dir='ltr'><strong>est:</strong></span> <span class='ocrx_word' id='word_1_345' title='bbox 375 2852 406 2895; x_wconf 90' lang='lat' dir='ltr'><strong>ut</strong></span> <span class='ocrx_word' id='word_1_346' title='bbox 422 2851 458 2912; x_wconf 81' lang='grc'><strong>(8,</strong></span> <span class='ocrx_word' id='word_1_347' title='bbox 476 2846 561 2908; x_wconf 83' lang='lat'><strong>590.):</strong></span> <span class='ocrx_word' id='word_1_348' title='bbox 579 2844 667 2912; x_wconf 86' lang='lat' dir='ltr'><strong>Quem</strong></span> <span class='ocrx_word' id='word_1_349' title='bbox 690 2847 783 2897; x_wconf 82' lang='lat' dir='ltr'><strong>Venus</strong></span> <span class='ocrx_word' id='word_1_350' title='bbox 801 2857 865 2897; x_wconf 79' lang='lat' dir='ltr'><strong>aitte</strong></span> <span class='ocrx_word' id='word_1_351' title='bbox 884 2848 958 2899; x_wconf 84' lang='lat' dir='ltr'><strong>alios</strong></span> <span class='ocrx_word' id='word_1_352' title='bbox 976 2858 1120 2896; x_wconf 83' lang='lat' dir='ltr'><strong>astrorum</strong></span> 
     </span>
     <span class='ocr_line' id='line_1_38' title="bbox 67 2908 1121 2983; baseline 0.002 -20"><span class='ocrx_word' id='word_1_353' title='bbox 67 2908 71 2929; x_wconf 78' lang='lat'>³</span> <span class='ocrx_word' id='word_1_354' title='bbox 95 2912 182 2981; x_wconf 70' lang='lat' dir='ltr'><strong>diligit</strong></span> <span class='ocrx_word' id='word_1_355' title='bbox 206 2916 289 2981; x_wconf 74' lang='lat' dir='ltr'><strong>ignes</strong></span> <span class='ocrx_word' id='word_1_356' title='bbox 313 2914 414 2982; x_wconf 87' lang='lat' dir='ltr'><strong>(Guelf.</strong></span> <span class='ocrx_word' id='word_1_357' title='bbox 438 2916 458 2966; x_wconf 90' lang='lat'><strong>1.</strong></span> <span class='ocrx_word' id='word_1_358' title='bbox 484 2917 588 2982; x_wconf 80' lang='lat' dir='ltr'><strong>diriget</strong></span> <span class='ocrx_word' id='word_1_359' title='bbox 613 2915 709 2981; x_wconf 82' lang='lat' dir='ltr'><strong>ignis).</strong></span> <span class='ocrx_word' id='word_1_360' title='bbox 745 2915 809 2983; x_wconf 83' lang='lat' dir='ltr'><strong>[Alii</strong></span> <span class='ocrx_word' id='word_1_361' title='bbox 833 2917 918 2966; x_wconf 82' lang='lat' dir='ltr'><strong>iubar</strong></span> <span class='ocrx_word' id='word_1_362' title='bbox 941 2916 1049 2977; x_wconf 82' lang='lat' dir='ltr'><strong>Solem,</strong></span> <span class='ocrx_word' id='word_1_363' title='bbox 1073 2914 1121 2965; x_wconf 88' lang='lat' dir='ltr'><strong>alii</strong></span> 
     </span>
     <span class='ocr_line' id='line_1_39' title="bbox 67 2981 1120 3051; baseline -0.002 -16"><span class='ocrx_word' id='word_1_364' title='bbox 67 2989 71 3013; x_wconf 75' lang='lat'>²</span> <span class='ocrx_word' id='word_1_365' title='bbox 94 2981 261 3049; x_wconf 69' lang='lat' dir='ltr'><strong>penderem</strong></span> <span class='ocrx_word' id='word_1_366' title='bbox 283 2982 404 3034; x_wconf 86' lang='lat' dir='ltr'><strong>siderum</strong></span> <span class='ocrx_word' id='word_1_367' title='bbox 427 2982 543 3047; x_wconf 82' lang='lat' dir='ltr'><strong>dicunt]</strong></span> <span class='ocrx_word' id='word_1_368' title='bbox 577 2982 648 3035; x_wconf 83' lang='lat' dir='ltr'><strong>Sane</strong></span> <span class='ocrx_word' id='word_1_369' title='bbox 672 2983 755 3034; x_wconf 89' lang='lat' dir='ltr'><strong>modo</strong></span> <span class='ocrx_word' id='word_1_370' title='bbox 772 2985 909 3051; x_wconf 81' lang='lat' dir='ltr'><strong>Hysteron</strong></span> <span class='ocrx_word' id='word_1_371' title='bbox 927 2990 1061 3051; x_wconf 85' lang='lat' dir='ltr'><strong>proteron</strong></span> <span class='ocrx_word' id='word_1_372' title='bbox 1078 2989 1120 3033; x_wconf 80' lang='lat' dir='ltr'><strong>est</strong></span> 
     </span>
     <span class='ocr_line' id='line_1_40' title="bbox 94 3046 1119 3121; baseline -0.002 -20"><span class='ocrx_word' id='word_1_373' title='bbox 94 3046 225 3116; x_wconf 69' lang='lat' dir='ltr'><strong>heensu,</strong></span> <span class='ocrx_word' id='word_1_374' title='bbox 246 3052 325 3118; x_wconf 89' lang='lat' dir='ltr'><strong>[nam</strong></span> <span class='ocrx_word' id='word_1_375' title='bbox 341 3050 456 3103; x_wconf 80' lang='lat' dir='ltr'><strong>Lucifer</strong></span> <span class='ocrx_word' id='word_1_376' title='bbox 473 3050 554 3103; x_wconf 88' lang='lat' dir='ltr'><strong>iubar</strong></span> <span class='ocrx_word' id='word_1_377' title='bbox 572 3052 634 3116; x_wconf 78' lang='lat' dir='ltr'><strong>est]</strong></span> <span class='ocrx_word' id='word_1_378' title='bbox 666 3052 752 3103; x_wconf 83' lang='lat' dir='ltr'><strong>Iubar</strong></span> <span class='ocrx_word' id='word_1_379' title='bbox 774 3051 850 3102; x_wconf 88' lang='lat' dir='ltr'><strong>enim</strong></span> <span class='ocrx_word' id='word_1_380' title='bbox 874 3052 1015 3121; x_wconf 86' lang='lat' dir='ltr'><strong>praecedit</strong></span> <span class='ocrx_word' id='word_1_381' title='bbox 1031 3051 1119 3100; x_wconf 45' lang='lat' dir='ltr'><strong>Auro*</strong></span> 
     </span>
     <span class='ocr_line' id='line_1_41' title="bbox 92 3119 1120 3183; baseline -0.003 -14"><span class='ocrx_word' id='word_1_382' title='bbox 92 3130 157 3171; x_wconf 67' lang='lat' dir='ltr'><strong>aar:</strong></span> <span class='ocrx_word' id='word_1_383' title='bbox 181 3126 214 3172; x_wconf 82' lang='lat' dir='ltr'><strong>et</strong></span> <span class='ocrx_word' id='word_1_384' title='bbox 235 3120 303 3171; x_wconf 81' lang='lat' dir='ltr'><strong>facit</strong></span> <span class='ocrx_word' id='word_1_385' title='bbox 325 3119 376 3172; x_wconf 83' lang='lat' dir='ltr'><strong>hoc</strong></span> <span class='ocrx_word' id='word_1_386' title='bbox 401 3122 500 3183; x_wconf 82' lang='lat' dir='ltr'><strong>iubar,</strong></span> <span class='ocrx_word' id='word_1_387' title='bbox 523 3120 612 3171; x_wconf 82' lang='lat' dir='ltr'><strong>liuius</strong></span> <span class='ocrx_word' id='word_1_388' title='bbox 637 3122 757 3172; x_wconf 80' lang='lat' dir='ltr'><strong>iubaris.</strong></span> <span class='ocrx_word' id='word_1_389' title='bbox 776 3147 810 3159; x_wconf 89' lang='lat'>-</span> <span class='ocrx_word' id='word_1_390' title='bbox 845 3126 907 3177; x_wconf 82' lang='lat'><strong>131.</strong></span> <span class='ocrx_word' id='word_1_391' title='bbox 932 3119 1013 3169; x_wconf 84' lang='lat' dir='ltr'><strong>Retia</strong></span> <span class='ocrx_word' id='word_1_392' title='bbox 1042 3135 1120 3182; x_wconf 86' lang='lat' dir='ltr'><strong>rara,</strong></span> 
     </span>
     <span class='ocr_line' id='line_1_42' title="bbox 67 3188 1116 3255; baseline 0 -20"><span class='ocrx_word' id='word_1_393' title='bbox 67 3230 69 3235; x_wconf 93' lang='lat'><strong>.</strong></span> <span class='ocrx_word' id='word_1_394' title='bbox 105 3188 131 3238; x_wconf 87' lang='lat' dir='ltr'><strong>la</strong></span> <span class='ocrx_word' id='word_1_395' title='bbox 150 3205 198 3251; x_wconf 79' lang='lat' dir='ltr'><strong>ae3</strong></span> <span class='ocrx_word' id='word_1_396' title='bbox 224 3188 305 3239; x_wconf 86' lang='lat' dir='ltr'><strong>multi</strong></span> <span class='ocrx_word' id='word_1_397' title='bbox 321 3188 458 3253; x_wconf 76' lang='lat' dir='ltr'><strong>dividunt,</strong></span> <span class='ocrx_word' id='word_1_398' title='bbox 482 3196 512 3238; x_wconf 94' lang='lat' dir='ltr'><strong>ut</strong></span> <span class='ocrx_word' id='word_1_399' title='bbox 528 3190 567 3240; x_wconf 89' lang='lat' dir='ltr'><strong>sic</strong></span> <span class='ocrx_word' id='word_1_400' title='bbox 585 3189 670 3255; x_wconf 89' lang='lat' dir='ltr'><strong>(sint,</strong></span> <span class='ocrx_word' id='word_1_401' title='bbox 687 3188 779 3241; x_wconf 85' lang='lat' dir='ltr'><strong>Guelf.</strong></span> <span class='ocrx_word' id='word_1_402' title='bbox 795 3189 816 3238; x_wconf 89' lang='grc' dir='ltr'><strong>Ι.</strong></span> <span class='ocrx_word' id='word_1_403' title='bbox 834 3189 867 3241; x_wconf 86' lang='grc' dir='ltr'><strong>Π.</strong></span> <span class='ocrx_word' id='word_1_404' title='bbox 886 3188 939 3249; x_wconf 81' lang='lat' dir='ltr'><strong>sir)</strong></span> <span class='ocrx_word' id='word_1_405' title='bbox 959 3189 1029 3237; x_wconf 87' lang='lat' dir='ltr'><strong>retia</strong></span> <span class='ocrx_word' id='word_1_406' title='bbox 1049 3204 1116 3236; x_wconf 83' lang='lat' dir='ltr'><strong>rora</strong></span> 
     </span>
     <span class='ocr_line' id='line_1_43' title="bbox 92 3206 1118 3326; baseline -0.005 -18"><span class='ocrx_word' id='word_1_407' title='bbox 92 3206 204 3308; x_wconf 67' lang='lat' dir='ltr'><strong>adom</strong></span> <span class='ocrx_word' id='word_1_408' title='bbox 223 3258 324 3325; x_wconf 79' lang='lat' dir='ltr'><strong>plagas</strong></span> <span class='ocrx_word' id='word_1_409' title='bbox 337 3273 404 3309; x_wconf 82' lang='lat' dir='ltr'><strong>vero</strong></span> <span class='ocrx_word' id='word_1_410' title='bbox 416 3256 526 3308; x_wconf 87' lang='lat' dir='ltr'><strong>minora</strong></span> <span class='ocrx_word' id='word_1_411' title='bbox 538 3257 736 3324; x_wconf 80' lang='lat' dir='ltr'><strong>intelligamus.</strong></span> <span class='ocrx_word' id='word_1_412' title='bbox 752 3256 804 3307; x_wconf 83' lang='lat' dir='ltr'><strong>Alii</strong></span> <span class='ocrx_word' id='word_1_413' title='bbox 811 3258 911 3322; x_wconf 83' lang='lat' dir='ltr'><strong>plagas</strong></span> <span class='ocrx_word' id='word_1_414' title='bbox 927 3254 1118 3326; x_wconf 84' lang='lat' dir='ltr'><strong>perdeiinitio·</strong></span> 
     </span>
     <span class='ocr_line' id='line_1_44' title="bbox 90 3324 1119 3395; baseline -0.004 -18"><span class='ocrx_word' id='word_1_415' title='bbox 90 3336 149 3377; x_wconf 79' lang='lat' dir='ltr'><strong>aem</strong></span> <span class='ocrx_word' id='word_1_416' title='bbox 171 3324 325 3395; x_wconf 86' lang='lat' dir='ltr'><strong>accipiunt,</strong></span> <span class='ocrx_word' id='word_1_417' title='bbox 356 3332 387 3375; x_wconf 91' lang='lat' dir='ltr'><strong>ut</strong></span> <span class='ocrx_word' id='word_1_418' title='bbox 408 3325 595 3392; x_wconf 76' lang='lat' dir='ltr'><strong>inteliigamns</strong></span> <span class='ocrx_word' id='word_1_419' title='bbox 618 3342 689 3392; x_wconf 84' lang='lat' dir='ltr'><strong>quae</strong></span> <span class='ocrx_word' id='word_1_420' title='bbox 713 3332 776 3375; x_wconf 90' lang='lat' dir='ltr'><strong>sunt</strong></span> <span class='ocrx_word' id='word_1_421' title='bbox 802 3327 870 3374; x_wconf 74' lang='lat' dir='ltr'><strong>retici</strong></span> <span class='ocrx_word' id='word_1_422' title='bbox 897 3343 981 3389; x_wconf 86' lang='lat' dir='ltr'><strong>rara,</strong></span> <span class='ocrx_word' id='word_1_423' title='bbox 1007 3325 1119 3390; x_wconf 84' lang='lat' dir='ltr'><strong>plagae.</strong></span> 
     </span>
     <span class='ocr_line' id='line_1_45' title="bbox 88 3388 1117 3464; baseline -0.003 -19"><span class='ocrx_word' id='word_1_424' title='bbox 88 3388 233 3447; x_wconf 76' lang='lat' dir='ltr'><strong>Sciendum</strong></span> <span class='ocrx_word' id='word_1_425' title='bbox 248 3402 343 3446; x_wconf 86' lang='lat' dir='ltr'><strong>tamen</strong></span> <span class='ocrx_word' id='word_1_426' title='bbox 361 3394 475 3464; x_wconf 89' lang='lat' dir='ltr'><strong>proprio</strong></span> <span class='ocrx_word' id='word_1_427' title='bbox 491 3396 592 3461; x_wconf 82' lang='lat' dir='ltr'><strong>plagas</strong></span> <span class='ocrx_word' id='word_1_428' title='bbox 609 3395 664 3446; x_wconf 80' lang='lat' dir='ltr'><strong>(lici</strong></span> <span class='ocrx_word' id='word_1_429' title='bbox 680 3396 760 3446; x_wconf 77' lang='lat' dir='ltr'><strong>funes</strong></span> <span class='ocrx_word' id='word_1_430' title='bbox 776 3393 835 3444; x_wconf 88' lang='lat' dir='ltr'><strong>illos</strong></span> <span class='ocrx_word' id='word_1_431' title='bbox 853 3392 950 3460; x_wconf 85' lang='lat' dir='ltr'><strong>quibus</strong></span> <span class='ocrx_word' id='word_1_432' title='bbox 968 3393 1040 3442; x_wconf 87' lang='lat' dir='ltr'><strong>retia</strong></span> <span class='ocrx_word' id='word_1_433' title='bbox 1056 3398 1117 3442; x_wconf 86' lang='lat' dir='ltr'><strong>ten-</strong></span> 
     </span>
     <span class='ocr_line' id='line_1_46' title="bbox 88 3460 1118 3533; baseline -0.006 -18"><span class='ocrx_word' id='word_1_434' title='bbox 88 3460 185 3515; x_wconf 83' lang='lat' dir='ltr'><strong>duntur</strong></span> <span class='ocrx_word' id='word_1_435' title='bbox 201 3463 278 3514; x_wconf 87' lang='lat' dir='ltr'><strong>circa</strong></span> <span class='ocrx_word' id='word_1_436' title='bbox 294 3463 381 3513; x_wconf 88' lang='lat' dir='ltr'><strong>imam</strong></span> <span class='ocrx_word' id='word_1_437' title='bbox 398 3471 426 3515; x_wconf 92' lang='lat' dir='ltr'><strong>et</strong></span> <span class='ocrx_word' id='word_1_438' title='bbox 441 3479 583 3512; x_wconf 85' lang='lat' dir='ltr'><strong>summam</strong></span> <span class='ocrx_word' id='word_1_439' title='bbox 606 3472 722 3533; x_wconf 85' lang='lat' dir='ltr'><strong>partem</strong></span> <span class='ocrx_word' id='word_1_440' title='bbox 757 3462 834 3529; x_wconf 80' lang='lat' dir='ltr'><strong>Ergo</strong></span> <span class='ocrx_word' id='word_1_441' title='bbox 858 3464 926 3511; x_wconf 84' lang='lat' dir='ltr'><strong>retia</strong></span> <span class='ocrx_word' id='word_1_442' title='bbox 953 3479 1035 3524; x_wconf 87' lang='lat' dir='ltr'><strong>rara,</strong></span> <span class='ocrx_word' id='word_1_443' title='bbox 1056 3461 1118 3527; x_wconf 86' lang='lat' dir='ltr'><strong>pla-</strong></span> 
     </span>
     <span class='ocr_line' id='line_1_47' title="bbox 86 3530 1117 3600; baseline -0.001 -19"><span class='ocrx_word' id='word_1_444' title='bbox 86 3548 149 3597; x_wconf 70' lang='lat' dir='ltr'><strong>gae,</strong></span> <span class='ocrx_word' id='word_1_445' title='bbox 173 3533 232 3583; x_wconf 87' lang='lat' dir='ltr'><strong>lato</strong></span> <span class='ocrx_word' id='word_1_446' title='bbox 258 3533 397 3582; x_wconf 82' lang='lat' dir='ltr'><strong>uenabula</strong></span> <span class='ocrx_word' id='word_1_447' title='bbox 416 3531 513 3600; x_wconf 81' lang='lat' dir='ltr'><strong>ferro,</strong></span> <span class='ocrx_word' id='word_1_448' title='bbox 544 3532 706 3584; x_wconf 86' lang='lat' dir='ltr'><strong>subauditur</strong></span> <span class='ocrx_word' id='word_1_449' title='bbox 729 3542 891 3597; x_wconf 82' lang='lat' dir='ltr'><strong>portantur,</strong></span> <span class='ocrx_word' id='word_1_450' title='bbox 921 3537 970 3580; x_wconf 88' lang='lat' dir='ltr'><strong>aut</strong></span> <span class='ocrx_word' id='word_1_451' title='bbox 994 3530 1117 3597; x_wconf 81' lang='lat' dir='ltr'><strong>Zeugma</strong></span> 
     </span>
     <span class='ocr_line' id='line_1_48' title="bbox 85 3596 1118 3668; baseline -0.004 -17"><span class='ocrx_word' id='word_1_452' title='bbox 85 3608 137 3665; x_wconf 81' lang='lat' dir='ltr'><strong>est,</strong></span> <span class='ocrx_word' id='word_1_453' title='bbox 156 3612 253 3652; x_wconf 85' lang='lat' dir='ltr'><strong>ruunt.</strong></span> <span class='ocrx_word' id='word_1_454' title='bbox 287 3599 358 3652; x_wconf 83' lang='lat' dir='ltr'><strong>Lato</strong></span> <span class='ocrx_word' id='word_1_455' title='bbox 378 3601 517 3650; x_wconf 80' lang='lat' dir='ltr'><strong>venabula</strong></span> <span class='ocrx_word' id='word_1_456' title='bbox 529 3598 630 3668; x_wconf 82' lang='lat' dir='ltr'><strong>ferro;-</strong></span> <span class='ocrx_word' id='word_1_457' title='bbox 645 3601 694 3651; x_wconf 89' lang='lat' dir='ltr'><strong>lati</strong></span> <span class='ocrx_word' id='word_1_458' title='bbox 710 3598 792 3663; x_wconf 87' lang='lat' dir='ltr'><strong>ferri,</strong></span> <span class='ocrx_word' id='word_1_459' title='bbox 810 3599 949 3649; x_wconf 80' lang='lat' dir='ltr'><strong>venabula</strong></span> <span class='ocrx_word' id='word_1_460' title='bbox 969 3606 1062 3648; x_wconf 84' lang='lat' dir='ltr'><strong>autem</strong></span> <span class='ocrx_word' id='word_1_461' title='bbox 1080 3596 1118 3647; x_wconf 92' lang='lat' dir='ltr'><strong>ob</strong></span> 
     </span>
     <span class='ocr_line' id='line_1_49' title="bbox 83 3664 1115 3738; baseline -0.01 -17"><span class='ocrx_word' id='word_1_462' title='bbox 83 3664 135 3721; x_wconf 79' lang='lat' dir='ltr'><strong>ltoc</strong></span> <span class='ocrx_word' id='word_1_463' title='bbox 153 3669 245 3733; x_wconf 87' lang='lat' dir='ltr'><strong>dicto,</strong></span> <span class='ocrx_word' id='word_1_464' title='bbox 262 3669 326 3735; x_wconf 87' lang='lat' dir='ltr'><strong>quia</strong></span> <span class='ocrx_word' id='word_1_465' title='bbox 344 3680 409 3737; x_wconf 77' lang='lat' dir='ltr'><strong>apta</strong></span> <span class='ocrx_word' id='word_1_466' title='bbox 428 3671 559 3731; x_wconf 84' lang='lat' dir='ltr'><strong>venatui,</strong></span> <span class='ocrx_word' id='word_1_467' title='bbox 576 3670 665 3738; x_wconf 89' lang='lat' dir='ltr'><strong>[quasi</strong></span> <span class='ocrx_word' id='word_1_468' title='bbox 682 3668 857 3734; x_wconf 79' lang='lat' dir='ltr'><strong>excipiabulu·</strong></span> <span class='ocrx_word' id='word_1_469' title='bbox 860 3665 870 3729; x_wconf 83' lang='lat' dir='ltr'><strong>i</strong></span> <span class='ocrx_word' id='word_1_470' title='bbox 888 3693 921 3703; x_wconf 90' lang='lat'><strong>··</strong></span> <span class='ocrx_word' id='word_1_471' title='bbox 957 3674 1019 3724; x_wconf 74' lang='lat'><strong>132.</strong></span> <span class='ocrx_word' id='word_1_472' title='bbox 1034 3665 1115 3716; x_wconf 84' lang='lat' dir='ltr'><strong>Mas.</strong></span> 
     </span>
     <span class='ocr_line' id='line_1_50' title="bbox 84 3733 1115 3807; baseline -0.007 -17"><span class='ocrx_word' id='word_1_473' title='bbox 84 3740 155 3807; x_wconf 78' lang='lat' dir='ltr'><strong>syli3</strong></span> <span class='ocrx_word' id='word_1_474' title='bbox 179 3737 377 3804; x_wconf 77' lang='lat' dir='ltr'><strong>Massylorurn</strong></span> <span class='ocrx_word' id='word_1_475' title='bbox 395 3754 463 3805; x_wconf 85' lang='lat' dir='ltr'><strong>gens</strong></span> <span class='ocrx_word' id='word_1_476' title='bbox 481 3745 522 3788; x_wconf 88' lang='lat' dir='ltr'><strong>est</strong></span> <span class='ocrx_word' id='word_1_477' title='bbox 538 3755 594 3790; x_wconf 91' lang='lat' dir='ltr'><strong>non</strong></span> <span class='ocrx_word' id='word_1_478' title='bbox 610 3740 692 3805; x_wconf 77' lang='lat' dir='ltr'><strong>louge</strong></span> <span class='ocrx_word' id='word_1_479' title='bbox 710 3754 727 3787; x_wconf 89' lang='lat' dir='ltr'><strong>a</strong></span> <span class='ocrx_word' id='word_1_480' title='bbox 744 3736 927 3786; x_wconf 85' lang='lat' dir='ltr'><strong>Mauritania:</strong></span> <span class='ocrx_word' id='word_1_481' title='bbox 945 3744 973 3788; x_wconf 90' lang='lat' dir='ltr'><strong>et</strong></span> <span class='ocrx_word' id='word_1_482' title='bbox 989 3733 1115 3801; x_wconf 86' lang='lat' dir='ltr'><strong>Massyli</strong></span> 
     </span>
     <span class='ocr_line' id='line_1_51' title="bbox 80 3802 1118 3876; baseline -0.009 -16"><span class='ocrx_word' id='word_1_483' title='bbox 80 3802 234 3876; x_wconf 72' lang='lat' dir='ltr'><strong>legendum</strong></span> <span class='ocrx_word' id='word_1_484' title='bbox 258 3824 307 3875; x_wconf 90' lang='lat' dir='ltr'><strong>per</strong></span> <span class='ocrx_word' id='word_1_485' title='bbox 331 3823 419 3858; x_wconf 86' lang='lat' dir='ltr'><strong>unum</strong></span> <span class='ocrx_word' id='word_1_486' title='bbox 437 3808 448 3856; x_wconf 87' lang='lat' dir='ltr'><strong>i</strong></span> <span class='ocrx_word' id='word_1_487' title='bbox 467 3807 510 3868; x_wconf 86' lang='lat' dir='ltr'><strong>(ul.</strong></span> <span class='ocrx_word' id='word_1_488' title='bbox 529 3807 555 3866; x_wconf 86' lang='lat' dir='ltr'><strong>l)</strong></span> <span class='ocrx_word' id='word_1_489' title='bbox 580 3806 711 3874; x_wconf 72' lang='lat' dir='ltr'><strong>[literam]</strong></span> <span class='ocrx_word' id='word_1_490' title='bbox 735 3823 770 3854; x_wconf 87' lang='lat' dir='ltr'><strong>ne</strong></span> <span class='ocrx_word' id='word_1_491' title='bbox 795 3819 850 3854; x_wconf 87' lang='lat' dir='ltr'><strong>nou</strong></span> <span class='ocrx_word' id='word_1_492' title='bbox 875 3811 928 3855; x_wconf 86' lang='lat' dir='ltr'><strong>stet</strong></span> <span class='ocrx_word' id='word_1_493' title='bbox 946 3820 1042 3856; x_wconf 89' lang='lat' dir='ltr'><strong>versus.</strong></span> <span class='ocrx_word' id='word_1_494' title='bbox 1076 3803 1118 3870; x_wconf 68' lang='lat' dir='ltr'><strong>sy</strong></span> 
     </span>
     <span class='ocr_line' id='line_1_52' title="bbox 81 3873 1115 3943; baseline -0.007 -16"><span class='ocrx_word' id='word_1_495' title='bbox 81 3878 157 3928; x_wconf 86' lang='lat' dir='ltr'><strong>etrim</strong></span> <span class='ocrx_word' id='word_1_496' title='bbox 174 3876 261 3943; x_wconf 83' lang='lat' dir='ltr'><strong>longa</strong></span> <span class='ocrx_word' id='word_1_497' title='bbox 279 3883 330 3926; x_wconf 88' lang='lat' dir='ltr'><strong>est:</strong></span> <span class='ocrx_word' id='word_1_498' title='bbox 353 3883 384 3924; x_wconf 91' lang='lat' dir='ltr'><strong>ut</strong></span> <span class='ocrx_word' id='word_1_499' title='bbox 401 3873 500 3937; x_wconf 72' lang='lat'><strong>(483.):</strong></span> <span class='ocrx_word' id='word_1_500' title='bbox 527 3875 579 3925; x_wconf 82' lang='lat' dir='ltr'><strong>Hic</strong></span> <span class='ocrx_word' id='word_1_501' title='bbox 599 3876 669 3925; x_wconf 80' lang='lat' dir='ltr'><strong>milri</strong></span> <span class='ocrx_word' id='word_1_502' title='bbox 687 3874 832 3938; x_wconf 75' lang='lat' dir='ltr'><strong>ltirrssylae</strong></span> <span class='ocrx_word' id='word_1_503' title='bbox 850 3877 940 3938; x_wconf 79' lang='lat' dir='ltr'><strong>gentis</strong></span> <span class='ocrx_word' id='word_1_504' title='bbox 960 3883 1115 3923; x_wconf 87' lang='lat' dir='ltr'><strong>monstrata</strong></span> 
     </span>
     <span class='ocr_line' id='line_1_53' title="bbox 80 3939 1116 4014; baseline -0.004 -19"><span class='ocrx_word' id='word_1_505' title='bbox 80 3947 224 3997; x_wconf 84' lang='lat' dir='ltr'><strong>sacerdos.</strong></span> <span class='ocrx_word' id='word_1_506' title='bbox 262 3943 296 3993; x_wconf 82' lang='lat' dir='ltr'><strong>Et</strong></span> <span class='ocrx_word' id='word_1_507' title='bbox 314 3946 400 3994; x_wconf 82' lang='lat' dir='ltr'><strong>orioro</strong></span> <span class='ocrx_word' id='word_1_508' title='bbox 421 3960 522 3992; x_wconf 86' lang='lat' dir='ltr'><strong>canum</strong></span> <span class='ocrx_word' id='word_1_509' title='bbox 542 3948 601 4007; x_wconf 82' lang='lat' dir='ltr'><strong>vis,-</strong></span> <span class='ocrx_word' id='word_1_510' title='bbox 628 3944 686 4014; x_wconf 87' lang='lat' dir='ltr'><strong>plus</strong></span> <span class='ocrx_word' id='word_1_511' title='bbox 704 3939 802 4009; x_wconf 86' lang='lat' dir='ltr'><strong>[enim]</strong></span> <span class='ocrx_word' id='word_1_512' title='bbox 820 3952 874 4004; x_wconf 84' lang='lat' dir='ltr'><strong>est,</strong></span> <span class='ocrx_word' id='word_1_513' title='bbox 895 3959 979 4009; x_wconf 80' lang='lat' dir='ltr'><strong>quain</strong></span> <span class='ocrx_word' id='word_1_514' title='bbox 1002 3940 1025 3990; x_wconf 91' lang='lat' dir='ltr'><strong>si</strong></span> <span class='ocrx_word' id='word_1_515' title='bbox 1042 3940 1116 3991; x_wconf 86' lang='lat' dir='ltr'><strong>dice-</strong></span> 
     </span>
     <span class='ocr_line' id='line_1_54' title="bbox 75 4011 1116 4078; baseline -0.012 -9"><span class='ocrx_word' id='word_1_516' title='bbox 75 4023 123 4069; x_wconf 80' lang='lat' dir='ltr'><strong>ret</strong></span> <span class='ocrx_word' id='word_1_517' title='bbox 148 4011 307 4065; x_wconf 86' lang='lat' dir='ltr'><strong>multitudo.</strong></span> <span class='ocrx_word' id='word_1_518' title='bbox 350 4012 428 4064; x_wconf 86' lang='lat' dir='ltr'><strong>Unde</strong></span> <span class='ocrx_word' id='word_1_519' title='bbox 452 4012 604 4065; x_wconf 81' lang='lat' dir='ltr'><strong>Sallustius:</strong></span> <span class='ocrx_word' id='word_1_520' title='bbox 637 4011 701 4078; x_wconf 76' lang='lat' dir='ltr'><strong>(lua</strong></span> <span class='ocrx_word' id='word_1_521' title='bbox 727 4022 881 4077; x_wconf 78' lang='lat' dir='ltr'><strong>tempestate</strong></span> <span class='ocrx_word' id='word_1_522' title='bbox 905 4028 937 4061; x_wconf 82' lang='lat' dir='ltr'><strong>ex</strong></span> <span class='ocrx_word' id='word_1_523' title='bbox 963 4022 1046 4076; x_wconf 84' lang='lat' dir='ltr'><strong>ponto</strong></span> <span class='ocrx_word' id='word_1_524' title='bbox 1072 4011 1116 4058; x_wconf 83' lang='lat' dir='ltr'><strong>vis</strong></span> 
     </span>
    </p>
   </div>
   <div class='ocr_carea' id='block_1_3' title="bbox 0 0 1232 4500">
    <p class='ocr_par' dir='ltr' id='par_1_3' title="bbox 0 0 1232 4500">
     <span class='ocr_line' id='line_1_55' title="bbox 0 0 1232 4500; baseline 0 3"><span class='ocrx_word' id='word_1_525' title='bbox 0 0 1232 4500; x_wconf 95' lang='lat' dir='ltr'><strong> </strong></span> 
     </span>
    </p>
   </div>
  </div>
 </body>
</html>
