2454 4500
1171 72 1177 96 ἢ
1207 52 1210 59 .

152 246 192 346 n*
212 283 371 348 sinon.
394 285 567 350 neusin.
590 285 669 351 Lis.
692 285 759 361 vu,
782 291 977 383 sos-ers.
1020 236 1088 360 esi
1136 379 1140 386 ,

42 467 143 534 pedes3
170 468 205 518 ad
222 482 307 533 genus
324 468 445 538 respicit.
479 469 552 522 Nam
569 479 597 523 et
613 470 743 524 Hercules
767 471 853 540 pedes
868 488 977 542 semper
994 471 1081 526 inces-

40 535 92 600 sit,
120 551 185 585 cum
203 553 287 604 equos
304 537 435 588 habuerit
450 539 642 591 nobilissimos.
679 539 840 607 Torquens5
864 543 1007 593 sustinens.
1043 543 1080 592 Ut

42 608 81 669 (4,
102 605 191 667 482;);
216 608 300 667 Αρσινη
325 605 439 656 nurnero
458 618 565 674 torquet
588 609 675 674 (codd.
693 611 843 675 torquens).
859 637 892 648 -
927 615 987 667 669.
1004 609 1077 663 Hor·
1117 646 1120 653 ι

42 673 144 732 ridus3
174 677 350 726 tremendus:
382 690 438 725 non
462 693 493 728 re
517 693 583 729 vera
606 675 756 728 horribilis.
780 703 814 715 -
856 684 917 735 670.
943 677 1075 729 Tiburtia
1165 734 1171 747 ἱ

42 743 156 791 moenio
180 743 331 809 linquam
354 742 388 794 de
405 743 526 799 Graecia
549 753 606 797 tres
628 746 727 796 fratres
751 753 885 798 venerunt
902 745 937 798 ed
953 745 1076 799 Italiam:

39 808 170 874 Catillus,
188 811 288 873 Coras,
306 809 396 871 Tibur
411 813 452 863 vel
468 813 609 864 Tiburnus
627 813 792 881 (Tyburtus).
829 813 963 866 Hisimul
979 831 1075 867 omues

39 891 128 927 unam
146 879 238 930 iecere
255 879 409 945 civitatem,
432 889 461 932 et
477 899 541 934 eam
558 882 592 935 de
616 881 710 933 fratris
726 881 840 934 maioris
856 883 970 934 nomine
986 883 1074 934 Tibur

41 946 264 1015 appellaverunt,
285 948 351 998 licet
374 956 402 1000 et
424 949 491 1001 alies
514 949 635 1002 fecerint
656 948 762 1018 singuli.
805 951 884 1000 Nunc
909 965 976 1019 ergo
999 950 1074 1016 dicit,
1102 958 1110 970 ’

39 1013 110 1064 duos
133 1015 167 1065 ad
192 1015 266 1067 bella
289 1014 406 1081 venisse,
429 1017 539 1069 dimisso
563 1019 592 1069 iu
609 1019 717 1070 civitate
734 1017 769 1070 ad
786 1019 939 1071 custodiam
956 1017 1074 1070 Tiburte

40 1082 85 1135 vel
108 1082 232 1134 Tiburno
255 1085 424 1151 (Tyburto).
449 1113 483 1125 -
514 1092 586 1151 ,672
611 1086 747 1149 Catillus3
774 1087 847 1138 uude
870 1103 950 1139 mons
972 1086 1072 1138 Catilli

36 1148 156 1215 dicitur,
179 1168 263 1219 quem
288 1155 389 1204 Catelli
411 1153 506 1206 dicunt
529 1172 579 1225 per
603 1154 825 1236 corruptionem,
847 1154 937 1223 [iuxta
961 1154 1070 1220 Tibur]

40 1217 145 1279 Coras,
163 1237 180 1270 a
197 1223 273 1273 cuius
290 1225 404 1275 nomine
422 1231 464 1274 est
476 1225 573 1275 civitas
590 1223 620 1275 iu
636 1225 724 1277 Italia.
742 1232 777 1261 '-
810 1229 871 1282 675.
890 1223 1071 1274 Descendunt

40 1285 192 1352 Cmtnuri5
218 1280 249 1342 ἑκ
273 1291 325 1342 hac
349 1294 556 1361 comparatione
581 1291 687 1360 equites
709 1307 755 1344 eos
778 1291 861 1344 fuisse
883 1291 1070 1360 intelligimus.

36 1353 120 1421 Quod
142 1364 235 1408 tannen
252 1358 374 1409 dicturus
396 1368 438 1410 est
454 1369 549 1426 postes
572 1366 632 1427 (11,
648 1360 735 1423 603.):
759 1359 817 1410 Nec
842 1377 900 1411 non
917 1361 1071 1427 celeresque

37 1420 156 1490 Latini.-
174 1426 208 1476 Et
226 1444 298 1492 cum,
300 1427 394 1496 fratre
413 1429 516 1494 Coras,
535 1440 560 1480 et
577 1430 701 1496 virginis
719 1428 766 1479 alo
785 1428 929 1500 anillae.
963 1427 1068 1480 Homo-

37 1492 93 1556 len,
108 1493 273 1561 Othrynque
289 1498 409 1561 nicalem
417 1519 426 1559 ,·
445 1505 553 1549 montes
566 1497 731 1563 Thessaliae.
745 1522 779 1534 -·
809 1498 1069 1565 677.1ngmseto.;

35 1559 160 1612 deiectus
182 1564 270 1626 sedin
293 1581 358 1615 cum
383 1566 477 1632 utique
494 1566 569 1619 cedit
585 1565 666 1630 silve,
689 1566 791 1630 cedunt
806 1573 834 1618 et
851 1564 982 1635 virgulte5
1003 1581 1069 1637 cum
1097 1627 1103 1639 .

36 1628 134 1696 utique
157 1648 174 1682 a
198 1633 310 1696 minore
330 1632 367 1685 ed
389 1633 478 1684 maius
494 1634 587 1686 venire
610 1633 795 1686 debuerit-
828 1638 889 1692 678-
908 1633 968 1684 Nec
985 1632 1068 1685 Proe-

36 1699 166 1749 nestinne
183 1706 249 1762 etc.;
273 1701 307 1753 de
324 1700 476 1752 civitatibus
497 1703 581 1755 totius
599 1702 673 1754 orbis
690 1701 771 1753 multi
786 1702 900 1771 quidem
918 1703 960 1769 [ex
996 1698 1069 1767 arte]

32 1766 220 1833 scripserunt:
236 1768 272 1820 ad
288 1770 404 1838 plenum
420 1777 515 1821 tamen
527 1771 698 1823 Ptolemaeus
713 1769 831 1834 Graece,
847 1769 945 1822 Latine
957 1719 1028 1822 Plini

33 1833 78 1885 De
95 1835 196 1887 italicis
214 1837 297 1900 etiam
313 1838 428 1890 urbibus
444 1838 566 1906 Hyginus
581 1833 738 1910 plerussune
754 1838 876 1904 scripsit,
900 1846 928 1890 et
944 1839 1013 1890 Cato
1036 1837 1067 1889 in

33 1901 206 1971 Originibus.
236 1907 319 1975 ‘Apud
337 1923 434 1958 omnes
450 1915 547 1958 tanuen
564 1909 586 1958 si
603 1907 750 1976 diligenter
768 1907 905 1971 advertas,
922 1906 957 1958 de
974 1913 1067 1958 sucto-

30 1970 111 2023 ribus
135 1973 311 2025 conditarum
336 1975 448 2025 urbium
471 1976 601 2033 dissensio
626 1974 780 2041 iuvenitur,
803 1975 871 2027 adeo
890 1983 920 2024 ut
936 1992 972 2025 ne
990 1974 1068 2025 urbis

31 2041 149 2106 quidem
165 2041 274 2094 Romae
298 2043 376 2111 origo
421 2043 485 2095 ossit
507 2044 655 2117 diligenter
677 2043 797 2111 agnosci.
834 2043 910 2094 Nom·
926 2041 1067 2093 Sallustius
1155 2067 1158 2080 ·

31 2108 103 2160 dicit
120 2111 190 2176 (Cat.
208 2112 259 2175 6.):
284 2110 384 2173 Urbem
401 2061 542 2177 itonam,
559 2113 677 2164 sicutie
698 2130 713 2163 o
732 2113 834 2177 accepi·
850 2111 957 2177 (Guelf.
975 2111 995 2161 1.
1021 2126 1065 2158 ac·

31 2179 145 2243 cipio),·
155 2181 302 2231 condidere
321 2193 401 2246 atque
419 2180 539 2231 lenbukre
558 2183 643 2233 initio
689 2182 785 2232 roinni
802 2191 827 2231 et
844 2181 885 2244 (V.
905 2180 983 2239 num)
1002 2195 1066 2251 cum

29 2245 87 2296 liis
98 2247 276 2315 Aborigines.
311 2249 364 2301 Alii
388 2249 482 2300 dicum
505 2249 541 2300 ab
558 2250 702 2302 Euandro:
725 2248 876 2305 secundum
893 2263 961 2316 quos
978 2245 1067 2314 Virgi-

29 2331 85 2366 nus
111 2321 162 2383 (8,
186 2316 275 2378 313.):
301 2317 381 2366 Tunc
407 2334 454 2367 ren
478 2314 632 2369 Euandrus
656 2317 957 2368 Romanae·conditor
973 2317 1058 2365 *orcis
1084 2320 1089 2340 '·
1129 2325 1140 2339 ⁸

28 2383 86 2435 Alii
102 2402 120 2435 a
135 2383 272 2451 Romulo,
289 2393 318 2436 ut
334 2385 379 2435 En
401 2385 490 2436 liuius
509 2384 572 2438 na'te
590 2387 721 2454 OErmius:
739 2385 795 2437 His
813 2396 936 2477 netega.
952 2383 1066 2451 bunun¹
1147 2420 1150 2426 -

438 2499 476 2523 0-0

29 2536 127 2588 Guelf.
152 2538 186 2588 1.:
212 2550 243 2588 ut
266 2540 385 2601 ennius3
416 2553 494 2602 note,·
520 2552 588 2590 nato
612 2537 706 2602 ΜΡ)-
723 2537 865 2602 auspiciis
887 2535 939 2586 illo
964 2535 1064 2585 inclita

28 2605 136 2665 Romu.¹
169 2604 197 2655 Si
220 2605 306 2674 igitur
330 2615 424 2660 tantae
448 2608 563 2660 civitatis
586 2615 663 2673 certe
684 2605 757 2665 ratio
780 2620 838 2655 non
855 2608 984 2670 apparet,
1003 2618 1064 2682 ’non

29 2673 154 2737 mirum,
178 2673 201 2724 si
223 2674 253 2725 in
277 2676 395 2727 aliarum
414 2677 543 2744 opinione
560 2675 710 2728 dubitatur.
744 2672 821 2723 Unde
844 2688 896 2722 nec
911 2670 1065 2736 historicos,

27 2758 84 2795 nec
102 2750 352 2810 commentatores,
375 2745 449 2797 varia
473 2745 607 2807 dicentes,
630 2740 786 2811 imperitiae
808 2738 996 2790 condemnare
1018 2737 1065 2816 de-

27 2811 139 2862 bemus.
175 2811 249 2863 Noun
267 2813 305 2877 (V.
321 2813 400 2881 quic)
417 2812 563 2880 antiquitas
581 2809 661 2879 [ipsa]
677 2808 779 2863 creavit
796 2822 921 2884 errorem
939 2812 967 2857 et
982 2805 1065 2877 pleri-

28 2895 87 2948 que
104 2878 228 2945 fundant,
245 2879 371 2950 plerique
388 2888 498 2948 erigent,
514 2886 542 2930 et
559 2879 594 2930 ed
610 2895 639 2930 se
655 2877 824 2929 transierunt
835 2891 961 2927 nomina:
978 2888 1063 2940 quarn
1159 2886 1162 2890 ·

27 2963 94 3000 rem
111 2947 201 2999 etiam·
212 2963 269 2999 non
285 2965 402 3018 parvum
418 2963 544 3000 errorem
557 2948 658 2998 afferre
674 2944 852 2996 manifestum
866 2949 914 2993 est.
947 2941 983 2990 Ut
997 2956 1062 3022 eccs

28 3014 208 3066 Laurentum
228 3017 244 3067 a
263 3015 328 3068 Pico
346 3018 451 3068 factum
476 3024 530 3079 est,
553 3022 585 3065 ut
601 3012 696 3081 (171.):
720 3011 873 3089 Laurentis
895 3012 973 3078 regia
991 3007 1060 3059 Pica.

27 3082 110 3137 Item.
127 3100 145 3136 a
167 3083 307 3149 Lavinio,
329 3085 424 3136 Latini
447 3087 534 3136 fratre
559 3090 601 3149 est
623 3080 779 3132 Lavinium
803 3080 915 3130 dictum.
957 3078 1029 3129 Item
1045 3094 1063 3128 a

28 3151 138 3203 Latino
163 3151 348 3205 Laurentum.
394 3155 466 3206 Item
499 3171 516 3205 a
545 3150 672 3202 Lavinia
705 3148 953 3200 Laurolauinium.
996 3143 1062 3223 ,Nec

29 3218 231 3272 Praenestinae
245 3229 312 3285 etc.;
331 3214 485 3274 Praeneste
493 3222 569 3272 locus
585 3228 626 3271 est
640 3219 715 3271 haurd
730 3217 812 3285 longe
829 3215 864 3268 ab
883 3216 964 3293 urbe,
975 3212 1063 3264 dictus
1100 3236 1105 3241 ·

29 3285 87 3342 ἀπὸ
106 3286 161 3343 τῶν
177 3294 296 3359 πρίνων,
315 3289 332 3341 i.
350 3309 374 3343 e.
392 3291 426 3342 ab
444 3288 566 3355 ilicibus,
583 3305 653 3356 quse
669 3287 724 3339 illic
741 3285 889 3350 abundant.
922 3283 966 3362 Ibi
983 3287 1063 3332 erunt

28 3354 179 3410 Pontifices
203 3368 231 3412 et
248 3358 287 3410 dii
303 3359 362 3411 Indi
384 3368 440 3411 etes
454 3358 534 3409 sicut
550 3358 635 3409 etiam
649 3355 766 3406 Romae.
798 3353 890 3404 ¹Erunt
906 3358 991 3401 etism
1007 3348 1062 3400 duo
1107 3359 1115 3375 t

28 3429 133 3480 fratres
150 3428 197 3495 qui
217 3429 278 3478 olivi
302 3440 372 3498 spp‘e
394 3428 519 3480 abantur.
554 3426 662 3477 Horum
679 3439 756 3475 soror
774 3421 840 3472 dum
857 3418 1004 3498 adipsum
1021 3432 1062 3468 se-

29 3497 127 3560 deret,
144 3495 270 3549 desiliens
287 3497 405 3548 scintilla
422 3496 479 3548 eius
495 3501 607 3546 uterum
623 3492 769 3563 percussit3
792 3489 863 3568 unde
880 3486 981 3567 dicitur
997 3499 1062 3536 con
1084 3557 1089 3568 .

29 3565 146 3632 cepisse.
177 3565 277 3621 Postea
293 3564 372 3617 enixa
387 3578 507 3633 puerum
522 3563 597 3615 iuxta
612 3560 747 3632 templum
762 3558 830 3609 lone
846 3556 962 3619 abiecit,
976 3568 1062 3632 quem

28 3632 151 3698 virgines
169 3641 303 3700 equabsm
320 3640 414 3685 eimtes
435 3633 508 3684 iuxta
525 3630 620 3698 ignem
642 3630 785 3681 inventurn
808 3623 989 3702 sustulerunt:
1013 3637 1062 3691 qur

31 3719 49 3754 a
67 3703 144 3753 fonte
161 3702 334 3769 haudxlonge
352 3709 420 3752 erat
454 3700 533 3752 Unde
550 3698 663 3750 Vulcani
680 3697 765 3748 dictus
790 3701 832 3746 est
847 3692 925 3743 lilius
960 3689 1062 3741 Ooecu·

32 3772 81 3823 lus
99 3775 193 3821 eutem
209 3770 281 3836 ideo,
298 3769 362 3838 quia
375 3768 458 3820 oculis
475 3767 628 3820 minoribus
643 3764 708 3817 fuit:
725 3779 809 3833 quarn
824 3777 886 3817 rem
900 3759 1062 3839 frequenter

32 3837 120 3891 elficit
134 3837 235 3889 fumus.
269 3839 320 3888 Hic
336 3845 431 3904 postes
447 3837 560 3888 collecta
582 3833 770 3898 multitudine,
789 3837 942 3912 postqum·
954 3827 1002 3907 dau
1023 3826 1063 3877 le-

25 3905 185 3958 'trocinatus
201 3914 255 3971 est,
276 3906 484 3958 Praenestinam
500 3905 640 3971 civitatem
662 3901 692 3952 in
708 3901 846 3951 montibus
861 3897 992 3975 condidit,
1026 3895 1062 3944 Et
1122 3922 1128 3936 .

32 3990 99 4025 cum
116 3976 152 4027 ad
174 3975 251 4025 ludos
274 3975 376 4024 vicinos
399 3973 513 4043 populos
536 3968 688 4034 invitassit,
711 3969 804 4037 coepit
826 3982 872 4018 eos
888 3965 1009 4026 hortari,
1030 3968 1061 4041 ut

32 4034 135 4096 secum'
152 4043 326 4109 habitarent,
348 4050 376 4095 et
397 4057 448 4114 pro
472 4041 561 4110 gloria
582 4040 687 4121 iactare
707 4053 747 4121 se
760 4036 848 4090 lilium
864 4048 921 4086 esse
937 4031 1061 4082 Vulcani.
