2454 4500
71 306 103 358 ,·
149 300 188 345 m
209 278 966 362 vluou.nutturu.L1u.1u,res-133.
1024 290 1087 356 197

213 436 220 445 .
403 416 414 449 ι

31 475 73 519 est
95 464 147 517 liic
170 465 201 516 in
225 477 304 516 versu
327 466 509 531 accusatims,
535 465 605 517 sicut
628 472 656 516 et
679 463 796 524 ildonea.
815 492 849 503 -
884 472 945 526 123.
970 465 1074 533 Haste,-

31 534 115 585 multi
133 533 181 584 hic
198 533 376 599 distinguunt.
410 535 524 599 Astare;
548 550 607 587 esse
624 533 686 601 [sub
705 531 781 597 hocJ,
800 532 873 601 quod
890 543 956 588 tunc
974 537 1078 605 signifi-

33 608 94 667 cet,
120 600 233 670 quando
257 601 292 655 de
315 603 358 654 his
383 602 524 671 loquimur
549 618 619 671 quae
644 602 744 675 cadere
768 618 824 653 uon
848 613 973 670 possunt3
999 612 1031 655 ut
1053 606 1077 657 si

32 670 109 722 dicas
129 681 221 721 terras
239 682 339 722 astare.
375 671 422 736 [Et
440 672 585 724 ostendere
603 669 658 720 vult
674 687 703 722 se
718 687 777 721 non
793 677 900 723 temere
918 674 1075 726 credidisse.

33 766 68 777 -
104 742 168 795 124.
189 738 326 805 Ortygiae
332 762 342 803 ,-
360 739 394 790 de
411 740 463 790 hac
495 740 688 809 ,leniussupra
707 740 772 805 (72.)
791 739 961 792 dictumest.
997 740 1087 792 Pela··

33 823 126 875 gaque
152 807 299 874 volamus,
326 806 391 875 quia
416 816 446 859 ut
500 808 537 858 ‘bi
562 810 606 873 (1,
631 809 720 869 224.):
745 806 827 858 Mare
851 809 1023 874 velivolum]
1040 836 1075 848 -

32 882 93 933 125.
114 873 340 945 Baccltatamque
358 877 436 942 iugis
454 875 574 940 Narem
593 882 641 926 aut
656 875 755 925 vitibus
773 876 922 930 consitam:
939 886 987 930 aut
1002 878 1073 930 cele·

33 942 307 994 bratam'liacehis:
332 948 379 994 aut
404 943 451 995 ubi
478 944 602 995 Bacchus
629 959 663 995 ex
685 943 774 1009 Indis,
803 944 878 1011 [vel,
905 954 936 996 ut
959 947 1073 1017 quidam

33 1011 143 1076 schint,
165 1019 228 1089 post
253 1012 372 1065 desistes
389 1011 531 1080 Gigantes]
554 1012 612 1080 egit
631 1010 813 1082 trirrmphtun.
847 1012 921 1065 Nam
944 1023 1074 1082 utsupra

34 1082 75 1147 (1,
92 1082 150 1140 67.)
168 1079 298 1146 diximus,
322 1076 375 1147 ipsi
392 1089 551 1132 consecrata
568 1087 624 1142 est,
646 1095 716 1147 quae
734 1088 762 1132 et
778 1079 831 1130 Dia
848 1081 955 1135 dicitm.
990 1082 1072 1151 [Bac-

32 1147 148 1197 cbatam
166 1162 234 1215 ergo
250 1149 281 1199 in
327 1164 353 1198 ιιι
370 1147 518 1199 bacchatus
535 1148 570 1198 sit
586 1146 680 1211 Liber,
697 1156 745 1199 aut
759 1147 824 1200 ideo
876 1157 950 1202 atam
962 1150 1072 1203 Baccho

32 1216 108 1297 quod
126 1215 168 1266 ibi
192 1232 256 1267 crun
272 1165 369 1269 rdine
386 1217 534 1269 Athesiona
551 1215 603 1266 duc
621 1217 634 1247 *
651 1216 755 1282 (Burm.
781 1235 798 1266 a
817 1216 843 1265 T
861 1235 921 1270 esea
939 1218 1073 1280 Ariadne)

30 1282 214 1337 libentissime
248 1285 448 1350 concubuerit,
479 1286 523 1336 cni
555 1284 641 1335 etiam
672 1294 805 1336 coronam
838 1285 969 1351 donavit,
999 1302 1071 1356 quae

25 1352 228 1424 postea-inter
252 1354 343 1405 sideru
368 1353 521 1417 collocata]
561 1352 738 1419 Viridemque
763 1353 911 1420 Donysam
918 1379 928 1418 ,-
952 1354 1028 1422 [vel]
1055 1373 1072 1408 a

29 1421 127 1473 colore
151 1422 301 1472 marmoris
323 1421 555 1486 Lacedaemonii,
574 1421 630 1488 [vel
645 1421 815 1487 silvestrem]
831 1448 866 1459 -
900 1429 961 1481 126.
980 1412 1092 1474 Olea-¹

32 1498 104 1555 ron;'
120 1488 180 1541 non
197 1490 299 1543 adiecit
314 1489 470 1557 epitheton,
488 1505 570 1540 carrea
587 1488 734 1541 varietatis.
769 1490 942 1558 Niveamque
961 1490 1070 1556 Padan5

28 1558 105 1610 rende
121 1557 278 1609 candidum·
291 1574 430 1623 marmor,
449 1566 479 1608 ut
496 1563 539 1623 (Ι,
557 1555 643 1620 59313
668 1557 802 1609 Pariusue
821 1561 896 1625 lapis
915 1562 1072 1611 circumda-

29 1639 78 1679 tus
96 1643 195 1678 nurm-
216 1624 389 1695 sparsasque
412 1645 460 1694 per
477 1644 583 1694 aequor
601 1625 756 1692 Cycladas,·
781 1635 810 1678 et
831 1626 884 1680 hae
907 1644 974 1695 quas
996 1628 1078 1694 dixit„

28 1694 165 1764 Cyclada
182 1703 252 1746 sunt.
287 1695 366 1747 Unde
391 1696 482 1746 minus
507 1703 547 1746 est
564 1708 589 1745 et
607 1695 691 1745 alias.
726 1694 846 1759 Sparsas
871 1703 979 1759 autem,
1003 1699 1071 1764 quia

26 1763 107 1816 nullo
125 1763 225 1816 ordine
247 1763 440 1828 continentur,
465 1771 495 1813 ut
512 1761 691 1825 Stoechades,
716 1779 786 1830 quae
812 1758 869 1816 eiad
892 1760 941 1815 caii
954 1766 1070 1828 ’στοίχου

27 1833 123 1885 dictae
139 1838 211 1883 sunt.
245 1830 349 1885 Rectae
372 1832 448 1884 enim
465 1839 535 1882 sunt.
572 1832 706 1898 Cyclades
730 1847 868 1885 veronen
894 1832 956 1884 ideo
975 1833 1070 1884 dicun-

27 1909 92 1968 tur,
109 1900 177 1969 quia
194 1901 223 1951 in
240 1901 410 1953 rotunditate
427 1908 503 1965 sunt,
520 1901 568 1952 sed
586 1900 659 1967 quod
676 1899 759 1966 longo
777 1901 873 1952 ordine
891 1917 936 1951 eas
952 1900 1070 1952 circum·

25 1970 74 2022 ire
95 1984 210 2021 necesse
236 1976 284 2020 est.
320 1968 383 2036 [Alii
400 1969 534 2038 Sporadas
552 1968 648 2035 (Spar.)
673 1969 786 2019 nomine
805 1968 959 2034 Cycladum
983 1969 1070 2023 dictes

25 2038 146 2090 madunt
176 2037 252 2106 qttod
268 2053 378 2106 sparsae
395 2035 478 2100 sunt]
494 2063 530 2075 -
564 2045 625 2094 127.
642 2035 791 2103 Legimus;
805 2031 1014 2106 'praeterimust
1038 2045 1070 2089 ut

27 2106 130 2174 (29202
148 2075 248 2157 litera
269 2122 303 2155 ue
320 2105 344 2154 Ε
364 2107 403 2156 iri
420 2107 549 2172 legimus.
584 2105 699 2155 Tractus
716 2112 810 2157 autem
828 2121 919 2157 sermo
937 2123 953 2157 a
969 2106 1070 2173 nautis,

87 2175 106 2226 tl
130 2175 228 2226 funem
250 2122 383 2242 iegeudb,
405 2175 424 2225 i.
443 2193 466 2225 e.
484 2173 652 2241 colligendo,
677 2189 773 2243 aspero
797 2175 858 2226 loca
881 2181 1069 2243 praetereunt.

26 2190 115 2296 ma
130 2230 244 2295 'concita
263 2245 347 2293 terris
353 2268 363 2307 ,·
381 2243 425 2295 vel
440 2243 776 2322 proptertpromontorie:
793 2243 835 2293 vel
850 2243 925 2310 quod
942 2243 1070 2295 naturale
1087 2274 1090 2279 >

28 2320 87 2378 est,
110 2318 143 2362 ut
157 2311 338 2364 concitatiore
355 2313 410 2362 sint
425 2313 515 2362 meria
531 2311 672 2362 vicinitate
690 2318 845 2363 terrarum:
870 2328 938 2380 quas
960 2316 1069 2362 constet

28 2379 188 2435 anhelitum
205 2379 345 2449 quendem
361 2395 395 2431 es
416 2396 445 2431 se
463 2379 599 2431 emittere.
633 2379 711 2431 Unde
734 2379 763 2432 in
780 2379 876 2448 quinto
893 2380 1068 2448 navigaturus

26 2452 137 2502 Aeneas
158 2449 241 2517 Eryci
265 2448 408 2500 sacrificat.
432 2476 467 2485 -
510 2454 571 2505 128.
595 2444 739 2498 Nauticus
763 2455 830 2511 etc.;
853 2448 1068 2502 celeumaticum

28 2526 72 2571 est
86 2518 143 2569 hoc
158 2517 370 2569 hemistichium
388 2517 477 2583 (codd.
501 2524 624 2568 tantum:
648 2516 770 2567 celeuma
789 2515 908 2578 dicunt.)
943 2518 979 2568 Et
995 2516 1068 2568 bene

27 2592 122 2641 metro
140 2585 342 2639 Celemmatico
365 2586 453 2651 (codd.
478 2592 507 2637 et
522 2585 555 2636 al.
574 2584 702 2646 Celeum.)
726 2601 789 2636 usus
813 2592 867 2652 est,
891 2585 927 2654 [i.
944 2583 980 2649 a]
996 2586 1067 2636 Ana·

27 2655 153 2730 paestico
177 2655 306 2724 trimetro
332 2655 352 2706 h
389 2654 562 2706 ercatalecto.
605 2652 748 2703 Celeusma
781 2653 940 2722 (celetune)
971 2659 1066 2705 autem

27 2724 109 2794 quasi
131 2731 321 2796 praeceptum.
387 2722 440 2774 nde
464 2719 618 2773 Sallustius:
642 2721 833 2786 impediebant
857 2725 938 2773 iussa
963 2732 1067 2772 nauta-

30 2810 110 2845 rum:
129 2816 164 2830 ·-
206 2798 268 2850 129.
292 2791 414 2911 [lCretam
445 2807 634 2857 proavosque3
664 2808 730 2847 sene
754 2808 876 2858 proavos
901 2789 1066 2859 appellando
1161 2846 1165 2853 ι

28 2860 226 2930 cogitationem
250 2860 393 2925 deceret]
417 2887 452 2898 -
494 2865 554 2916 130.
578 2859 719 2925 Surgens,·
741 2859 828 2913 flans:
850 2866 881 2908 ut
905 2856 1003 2925 (481.):
1030 2856 1066 2908 Et

12 2930 121 3001 'fando
139 2928 187 2997 (al.
205 2929 311 2992 flando)
336 2941 482 2995 surgentes
506 2929 634 2978 demoror
656 2940 777 2981 austras.
813 2927 849 2977 Et
872 2933 983 2991 contra,
1006 2940 1065 2999 non

29 2999 117 3065 ilaus,
139 3014 248 3066 ponens
271 3005 299 3050 et
323 3000 448 3051 residens
471 2996 585 3048 dicitur:
611 3003 641 3046 ut
664 3001 707 3063 (7,
724 2998 794 3061 27.):
823 2994 893 3046 Cum
918 2996 995 3045 uenti
1017 3011 1066 3061 pa-

31 3084 128 3133 tuere,
145 3069 292 3135 amnisque
311 3080 417 3133 repente
438 3067 538 3118 resedit
554 3062 661 3117 Fletus.
677 3090 713 3103 ·-
748 3073 808 3124 131.
825 3065 861 3115 Et
877 3063 989 3114 tandem
995 3085 1005 3126 ‚·
1029 3061 1066 3113 ad

31 3136 200 3191 desiderium
222 3128 345 3206 uertisset
367 3135 569 3202 navigantium:
599 3150 665 3184 nem
692 3135 830 3203 sequitur:
861 3132 937 3200 Ergo
960 3131 1064 3182 avidus

34 3222 138 3258 muros.
177 3204 325 3269 Curetum,
343 3204 395 3273 [hi]
414 3203 526 3253 Curetes
544 3209 607 3252 sunt
621 3202 707 3271 primi
722 3203 841 3254 cultores
858 3201 959 3253 Cretae
1000 3197 1066 3271 [Alii

33 3273 161 3339 tradunt,
186 3272 299 3324 Curetes
324 3280 352 3326 et
375 3273 544 3340 Corybantes
568 3271 665 3321 matris
688 3271 773 3323 deum
797 3270 953 3334 ministrae,
975 3272 1066 3318 custo·

33 3344 97 3409 des,
111 3341 197 3394 sicut
213 3341 376 3394 dictumest
394 3342 490 3409 (111.),
508 3338 587 3410 pueri
603 3339 672 3391 Iovis
689 3340 724 3392 ad
740 3339 873 3410 plurimas
888 3353 933 3391 res
950 3334 1065 3389 maximi
1114 3354 1118 3365 ι

35 3426 96 3464 usus
118 3409 280 3462 hominibus
303 3409 430 3463 extitisse.
464 3409 646 3472 Adlabimur3
670 3409 789 3461 ostendit
811 3411 974 3479 prosperam
990 3403 1065 3455 navi-

35 3480 177 3551 gationem
192 3479 284 3531 fuisse.
302 3506 338 3517 -
372 3485 434 3536 132.
452 3479 527 3546 Erga
547 3477 650 3530 avidus
668 3494 779 3539 muras;
803 3477 871 3527 ordo
888 3483 941 3527 est:
965 3471 1065 3526 Avidus

36 3548 352 3616 tubisoptatae‘mruos
369 3549 484 3607 molior,
507 3562 579 3613 non,
601 3546 694 3599 avidus
717 3544 838 3608 melion]
854 3568 889 3583 -·
922 3548 985 3601 133.
1001 3540 1064 3594 Per·

35 3634 217 3688 gameamque
234 3633 318 3681 vaca,·
343 3631 459 3685 zeugma
475 3615 561 3682 (codd.
579 3615 687 3677 reuma)
704 3634 719 3668 a
737 3613 936 3684 superioribus,
951 3611 1005 3663 hoc
1022 3615 1065 3661 est

36 3684 144 3741 ratem.
191 3686 324 3754 [Legitur
353 3703 418 3736 sene
447 3686 476 3736 in
498 3684 577 3736 libris
606 3684 818 3752 antiquioribus:
847 3683 970 3735 Aeneam
997 3695 1065 3735 tere

29 3756 149 3809 'Cretam
171 3761 336 3825 tempestate
357 3754 479 3819 delatum
501 3753 593 3803 locum
616 3753 731 3804 Troiam
759 3750 872 3803 nomine
897 3749 1063 3817 Pergamum

144 3821 223 3876 visse.
256 3823 310 3875 Alii
323 3823 431 3885 dicunt,
449 3821 614 3889 Pergamum
631 3823 660 3872 in
677 3821 760 3874 Crete
777 3819 918 3872 conditam
932 3837 950 3872 a
967 3818 1063 3870 'l'rois-
1139 3828 1142 3835 ·

37 3910 77 3947 tus
91 3892 224 3964 captivis,
246 3891 294 3958 qui
311 3908 343 3945 ex
359 3892 444 3943 classe
461 3890 674 3958 Agamemnonis
690 3890 736 3941 illo
754 3896 834 3941 erant
850 3887 947 3954 delati,
967 3885 1063 3955 ibique

37 3969 134 4033 petant
148 3963 273 4013 Aeneam
292 3961 430 4029 quendam
447 3960 555 4024 generis
572 3967 730 4024 strictorem,
754 3958 804 4009 llio
826 3957 975 4022 incolumi,
998 3968 1063 4011 urim

36 4046 69 4085 so
84 4030 123 4086 ad
138 4046 252 4084 sacrum
268 4028 401 4100 Apollinis
422 4029 540 4095 venisse,
565 4038 593 4083 et
615 4028 758 4098 grandem
780 4024 893 4098 hospitis
914 4025 1001 4078 filiam
1023 4023 1064 4076 ia-
