2454 4500
191 320 252 363 ,n
275 295 438 363 vraon',
462 302 635 367 aranu.
659 303 740 365 us.
767 306 819 381 vr,
842 278 998 377 'ss-7⁹.
1068 314 1140 399 „³⁵⁷

36 528 43 539 .
79 480 226 554 templum
249 485 279 538 in
303 485 406 556 palatio
432 485 467 559 ab
483 488 613 556 «mgusto
638 489 745 541 factum
767 497 821 542 est:
844 492 893 543 sed
917 492 981 561 quia
999 492 1134 562 augmen
1162 525 1163 529 =

10 562 12 571 '
82 554 220 608 cohaeret
235 554 321 618 Iulio,
345 555 394 625 qui
412 555 447 607 ab
466 556 559 608 Aenea
585 558 725 626 originem
743 558 833 621 ducit,
856 560 914 610 vult
931 558 1025 629 [ergo]
1040 569 1132 629 Augu·

10 660 12 665 -
79 632 160 677 'stum
177 632 327 694 parentum
344 631 407 675 vota
424 624 549 690 solvisse,
571 628 611 694 [et
634 627 782 680 abilenes
806 634 868 679 vota
892 646 942 697 per
959 646 988 682 re
1004 630 1131 697 reddere,

10 716 13 725 ·
81 692 164 761 quasi
181 700 211 745 et
226 692 368 760 dignitatis
384 693 534 758 heredem,
552 710 603 761 pro
623 702 668 748 te'r
685 696 734 746 stir
772 713 817 760 m,
835 697 908 751 unde
926 697 1129 763 descenditl*

81 766 129 842 ⁷⁰:
144 759 297 881 Festospue
315 763 375 812 dies
404 763 436 812 de
462 765 574 813 nomine
615 763 713 844 baeti,-
736 714 817 816 hies
835 766 1007 847 apollinares
1030 765 1129 835 {dicit}

80 844 302 950 attitulat
319 831 453 967 {llll
468 832 1126 972 elilifuiffini‘iildidlilli‘i'illini-i]
1164 876 1173 963 ’.

79 966 194 1037 [quibus
211 967 313 1036 Sibylla
329 984 381 1037 pro
402 968 576 1035 hetaverat‚]
599 986 720 1038 quorum
743 970 885 1036 extabant,
901 970 960 1040 '[ut]
984 970 1125 1043 sibyllina,

77 1048 221 1107 responsa.
242 1061 275 1076 -·
309 1042 353 1094 71.
372 987 411 1088 Ue
436 1055 544 1106 quoque
563 1047 627 1100 etc.;
651 1041 712 1092 ie.
738 1039 836 1091 coleris
859 1047 890 1090 ut
912 1056 1025 1092 numen.
1060 1040 1123 1092 Ma·

79 1117 149 1156 nent
166 1114 261 1158 autem
278 1114 422 1174 expectant
438 1107 478 1175 [in
496 1108 641 1175 futurum]
678 1107 852 1174 Penetralia;
877 1117 984 1162 secreta
1005 1110 1125 1181 templo-

76 1185 152 1225 rum.
177 1200 211 1213 ·-
253 1185 298 1232 72.
324 1175 402 1226 Tuas
428 1189 533 1239 sortes,-
557 1175 689 1242 Sibyllina
716 1193 864 1244 responsa,
888 1176 961 1246 quae
984 1185 1016 1228 ut
1038 1195 1122 1249 supra

77 1244 149 1307 (36.)
174 1243 307 1309 diximus,
334 1245 473 1297 incertum
504 1253 545 1298 est
569 1246 646 1296 cuius
664 1244 788 1314 'Sibyllae
810 1246 929 1299 fuerint:
960 1264 1121 1316 qumquem

76 1310 225 1365 Cumanae
244 1313 370 1379 Virgilius
395 1313 483 1377 dicat,
506 1315 592 1365 Varro
611 1315 782 1383 Erythraeae
805 1313 895 1381 [essa]
929 1314 981 1368 Sed
1006 1321 1121 1383 constat,

75 1378 183 1447 (Servio
202 1381 313 1445 Tullo,)
326 1391 467 1447 ,regnante
484 1383 638 1448 Tarquinio
684 1386 797 1436 landam
820 1383 983 1449 mulierem,
1004 1385 1119 1439 nomine

75 1448 252 1501 Amaltheam
279 1451 323 1517 (R.
341 1451 466 1513 Arnutb.,·
490 1453 523 1504 al.
541 1450 668 1502 Hamalta
682 1455 701 1512 .)
741 1452 870 1504 obtulisse
892 1453 943 1521 [ei]
964 1468 1063 1517 novem
1086 1455 1119 1508 Β·

76 1514 160 1583 bros,
177 1520 208 1571 in
245 1519 325 1570 uibus
343 1529 423 1574 erant
439 1521 497 1572 fata
515 1521 687 1591 et;remedia
703 1491 844 1575 homenes
862 1527 890 1571 et
906 1537 957 1593 pro
974 1521 1016 1575 his
1032 1537 1118 1595 popo·

20 1614 30 1622 —
72 1586 158 1639 scisse
175 1537 254 1643 CCU.
274 1589 442 1661 philippeos,
460 1591 507 1659 qui
524 1590 603 1641 aurei
619 1598 685 1642 tunc
701 1591 815 1661 pretiosi
833 1598 920 1641 erant.
957 1590 1035 1658 Quae
1051 1606 1118 1644 cou-

72 1661 132 1707 tem
154 1663 198 1724 ta,
221 1657 275 1710 alia
293 1658 337 1728 die
353 1657 442 1711 tribus
466 1658 598 1721 incensis,
620 1659 697 1726 [cum
719 1657 776 1724 sex]
792 1675 900 1712 reversa
918 1665 974 1730 est,
993 1660 1034 1727 [et
1055 1671 1116 1712 tan·
1141 1700 1145 1706 .

72 1674 195 1779 eundem
219 1727 359 1798 poposcit,
383 1743 416 1780 ac
435 1727 526 1780 denuo
544 1735 706 1798 contempta
723 1735 777 1780 est:
801 1728 870 1779 item
886 1727 971 1780 tertio
989 1727 1049 1779 aliis
1066 1725 1116 1786 tii-¹

49 1796 53 1804 '
72 1791 126 1846 bus
143 1795 263 1848 incensis
279 1812 345 1846 cum
361 1796 451 1847 tribus
468 1804 578 1848 tantum
595 1812 707 1849 reverse
723 1795 793 1862 estz]
810 1803 840 1848 et
854 1795 962 1863 accepit
978 1802 1115 1864 quantum
1206 1802 1209 1807 ⁴

70 1864 276 1933 pontileveran
299 1865 352 1917 hac
368 1865 428 1936 ipsa
444 1883 476 1917 re
493 1873 634 1916 commoto
657 1882 725 1936 tege
741 1865 816 1934 qnod
840 1864 962 1935 pretium
978 1879 1035 1915 non
1053 1880 1114 1915 mu-

72 1932 168 1994 tabat,
189 1935 267 2002 [tnnc
285 1934 432 1986 mulierem
449 1934 541 1985 subito
558 1949 615 1985 non
632 1931 812 2006 apparuisse]
845 1933 899 2002 Qui
913 1932 980 1985 libri
997 1932 1026 1984 in
1044 1936 1122 1985 tem·'

69 1999 118 2072 plo
142 2001 276 2072 Apollinis
298 2002 493 2056 servabantur:
516 2020 568 2054 nec
592 2003 647 2070 ipsi
669 2011 796 2067 tentum,
818 2004 866 2055 sed
890 2009 918 2053 et
934 2001 1114 2067 Martiorum,

70 2077 100 2121 et
122 2070 233 2140 Begoes
253 2072 356 2138 (Guelf.
373 2072 394 2125 Ι.
424 2089 457 2123 ue
479 2110 484 2122 .
502 2071 574 2124 Dan.
591 2071 699 2141 Bigois:
715 2071 796 2141 Basih
814 2070 950 2141 Begones)
965 2069 1113 2142 nymphae,

57 2154 144 2212 „quae
160 2147 253 2192 artem
269 2141 416 2212 scripserat
431 2090 628 2209 fulguritarum
643 2141 718 2213 apud
734 2141 845 2192 Tuscos.
880 2139 959 2191 Unde
970 2136 1021 2209 [et]
1037 2138 1112 2192 addi·

68 2207 111 2259 dit
134 2210 221 2262 modo
247 2209 326 2261 unas
351 2224 455 2279 sortes,
486 2227 648 2280 arcanaque
666 2210 750 2280 fata:
776 2217 804 2262 et
826 2210 880 2262 hoc
904 2205 1002 2277 [inde]
1025 2208 1112 2262 trahit

89 2280 170 2342 o'e'ta3
193 2279 306 2331 Aenean
322 2287 418 2332 tamen
434 2278 541 2339 inducit
557 2279 633 2347 quasi
651 2281 686 2332 de
702 2279 841 2351 praesenti
859 2278 996 2330 dicentem
1014 2292 1111 2331 oracu-

67 2293 104 2413 b,
129 2374 178 2389 -.
213 2355 257 2407 73.
284 2346 436 2415 beatosque
460 2349 579 2400 sacrabo
604 2349 686 2402 Alma
710 2350 805 2412 viros,-
834 2348 900 2416 quia
923 2345 976 2397 nisi
998 2345 1111 2413 patricii
1186 2410 1189 2415 ἱ

67 2433 127 2468 nou
149 2412 257 2469 fiebant
279 2416 435 2486 [librorum
458 2415 613 2482 custodes]
651 2417 799 2471 Sciendum
821 2432 902 2482 sane,
924 2415 1017 2483 primo
1041 2415 1110 2468 duo:

66 2483 217 2539 librorum.
231 2487 314 2539 fuisse
338 2487 478 2551 custodes,
501 2487 566 2538 inde
583 2487 696 2552 decem,
720 2486 821 2539 deinde
846 2484 1005 2552 quindecim
1021 2499 1108 2552 usque

65 2552 102 2607 ad
118 2561 180 2607 tem
201 2571 250 2607 ora
267 2555 392 2620 Sullana,
415 2562 511 2626 postea
529 2556 615 2608 crevit
632 2571 774 2609 numerus.
808 2554 884 2606 Nam
902 2551 952 2621 [et]
968 2552 1109 2620 sexaginta

66 2623 161 2689 (Basil.
179 2571 251 2687 ill..)
268 2627 396 2687 fuerunt,
420 2624 468 2677 sed
492 2624 628 2677 remansit
644 2625 673 2676 in
698 2625 740 2676 bis
757 2622 1047 2689 Quindecimvirorum
1063 2635 1109 2670 vo-
1187 2684 1192 2697 1

64 2692 208 2753 sabulum.
229 2719 263 2753 τ-
297 2697 335 2752 74
366 2692 459 2746 Foliis
483 2701 550 2757 etc,
573 2701 605 2744 ut
621 2695 709 2746 Varro
726 2692 807 2747 dicit:
831 2692 866 2742 In
884 2691 973 2759 foliis
997 2690 1108 2754 polinas

65 2762 211 2814 interdum
230 2765 322 2828 notis,
340 2764 486 2814 tremum
513 2761 695 2830 scribeba[n]t
718 2762 912 2812 sermonibus.-
939 2766 970 2810 ut
992 2758 1108 2809 diximus

33 2878 38 2889 ,
62 2846 150 2902 snpra
174 2834 218 2898 (3,
235 2832 316 2895 444.).
334 2858 369 2869 -
403 2838 446 2889 76.
465 2831 548 2899 Ipsa,⁸
573 2847 625 2902 pro
643 2845 682 2880 ru.
717 2831 754 2880 Et
769 2829 861 2900 posuit
877 2843 1033 2949 pronomen
1050 2826 1109 2878 eiua

61 2915 202 2971 personae
224 2901 259 2953 de
283 2917 339 2970 qua
361 2901 519 2968 loquimur,
549 2914 600 2971 pro
623 2899 694 2951 illius
718 2914 790 2977 curn·
807 2914 862 2966 qua
895 2914 911 2947 o
933 2910 1041 2956 tumur3
1065 2901 1108 2947 est

10 3022 17 3029 ,
62 2977 162 3039 atttem
186 2969 336 3023 Graecum
371 2970 446 3021 Nam
469 2968 567 3020 dicunt
589 2963 657 3034 αὗτή
682 2964 756 3032 εἶπε,
782 2984 801 3019 1.
818 2984 843 3020 e.
867 2974 898 3017 tu
937 2962 983 3016 ἀ’
1003 2962 1107 3016 Finem
1204 3016 1209 3020 ,

61 3038 141 3089 dedit
158 3052 206 3090 ore
231 3040 366 3109 loquendi
371 3062 382 3104 ,-
405 3039 460 3090 hoc
485 3045 527 3090 est
543 3037 651 3090 definiit
667 3039 709 3100 ei,
732 3043 764 3087 ut
786 3051 835 3088 ore
851 3035 1105 3104 loqueretur,.nec
1214 3100 1220 3111 .

61 3107 93 3159 in
108 3106 185 3160 foliis
201 3109 344 3162 scriberet.
357 3135 391 3146 -
426 3116 469 3164 77.
487 3105 625 3170 Nondum
640 3109 767 3177 potiens3
786 3120 857 3173 quae
874 3103 998 3155 nondum
1014 3107 1107 3170 posset

59 3176 183 3298 {puppipre
200 3179 380 3304 oracngorpm
397 3191 558 3295 permoneat
583 3177 647 3297 Aup)
654 3177 840 3295 dumbvactpt:t
854 3181 883 3226 et
898 3169 1106 3291 espdienntpapppirg

121 3262 228 3297 ea—
261 3282 264 3287 -
301 3286 306 3298 .
351 3261 399 3297 aec
420 3263 487 3295 aar
510 3263 603 3296 vaes·
648 3263 699 3297 ene
742 3259 790 3295 oce
812 3260 884 3293 aar.
1158 3270 1162 3283 =

60 3321 102 3366 est
116 3314 218 3384 Apollo
235 3255 283 3384 qtii
300 3316 387 3368 Liber
404 3323 498 3382 pater,
521 3315 570 3383 qui
587 3284 639 3365 sol
675 3313 754 3366 Unde
772 3312 811 3364 ait
827 3311 954 3362 Lucanus
973 3313 1018 3373 (5,
1033 3307 1105 3370 73·):
1134 3374 1140 3380 p

59 3382 118 3435 cei
135 3386 255 3436 numine
278 3389 366 3438 mixto
385 3382 525 3450 Delphica
545 3382 695 3434 Thebanae
714 3380 841 3450 referunt
859 3377 1014 3430 Trienrica
1032 3374 1103 3426 Bac·

58 3452 144 3515 eltae.
188 3453 268 3507 Unde
289 3455 445 3521 incorum
474 3451 559 3504 sacris
583 3460 646 3504 erat
668 3450 849 3503 Phoebadum
873 3445 1104 3525 Baccharumque
1157 3466 1162 3471 ·

22 3538 25 3547 ·
56 3529 261 3577 conventum-
296 3528 340 3581 79.
358 3523 527 3574 Excussisse
542 3521 640 3585 deum,·
659 3522 753 3571 excun'
770 3515 932 3587 propriede
946 3529 1022 3583 equn
1035 3513 1102 3573 dicr-

57 3606 130 3644 mus.
176 3591 258 3661 Quod
280 3592 345 3644 inde
370 3590 458 3658 (codd.
485 3589 562 3653 ideo)
583 3591 681 3653 traxit,
704 3589 769 3657 quia
792 3585 932 3662 Phoebus,
954 3583 973 3634 i.
1000 3599 1025 3634 e.
1049 3579 1106 3661 801,

40 3661 137 3731 equis
159 3661 261 3723 ¹utitur.
293 3661 330 3712 Et
352 3676 427 3712 nunc
445 3658 578 3728 Sibyllam
601 3658 680 3728 quasi
703 3674 821 3726 equum,
842 3652 1000 3734 Apollinem
1023 3666 1102 3733 quast
1176 3666 1179 3671 ’

57 3730 185 3800 equitem
201 3728 322 3783 inducit:
344 3729 427 3781 etin
444 3746 478 3781 ee
495 3736 643 3798 permanet
658 3726 853 3785 translatione,
879 3737 1036 3796 ercussssse
1053 3726 1105 3784 alt,
1128 3740 1131 3747 ’

55 3808 87 3852 ut
110 3803 174 3865 (11,
190 3798 280 3865 615.):
305 3797 453 3849 &cussus
470 3797 618 3849 Aconteus.
652 3798 737 3848 item:
764 3793 837 3845 Fara
863 3791 948 3842 corda
965 3790 1100 3842 domans:

56 3869 133 3938 quod
150 3875 194 3920 est
211 3883 349 3936 equorum
373 3867 518 3937 proriam
537 3865 635 3933 (Gnelf
651 3867 689 3919 U.
706 3864 740 3914 R.
760 3866 818 3913 Vos.
836 3859 971 3926 primum)
995 3865 1023 3911 et
1045 3860 1102 3911 fre-

55 3953 106 3991 nos
130 3937 191 4006 pati
215 3943 243 3989 et
264 3937 397 3988 stimulos.
457 3943 469 3984 t
492 3935 593 4001 (100.):
616 3933 658 3984 En
700 3949 766 3984 rena
785 3931 901 4003 furenti
919 3927 1050 3980 concutit
1074 3936 1102 3977 et

58 4007 192 4058 stimulos
217 4006 270 4063 sub
289 4016 397 4074 pectore
422 4007 505 4055 vertit
522 4004 628 4072 Apollo.
691 4002 745 4052 uod
768 4007 863 4052 autem
879 3996 947 4050 dicit
963 4011 1102 4077 magnum

58 4077 156 4143 deum,
187 4090 246 4130 non
270 4092 301 4127 re
327 4091 392 4128 vera
416 4073 469 4128 ait:
502 4073 550 4127 sad
574 4071 669 4127 retulit
693 4070 729 4124 ed
752 4071 886 4124 effectmn
909 4065 1039 4130 colentis,
1067 4078 1105 4115 u.
