2454 4500
138 300 204 361 226
398 284 536 347 stavit
559 280 911 346 COMMENTARIUS

91 480 95 485 '
143 480 208 525 sunt
224 472 259 524 ad
276 486 360 524 novas
377 464 455 531 sedes
491 468 660 522 naerendas:
677 476 705 521 et
720 468 796 521 haird
810 469 893 537 longe
909 485 927 521 a
940 466 1027 533 Baiis,
1039 464 1091 535 qui
1106 466 1182 517 lucus

144 561 162 595 a
184 541 258 593 socio
274 534 361 591 llliris
382 539 451 591 Baio
472 487 530 589 illic
552 537 660 605 sepulto
682 553 786 590 nomen
810 537 931 607 accepit,
952 537 1122 607 invenerunt
1137 550 1182 587 va·

144 626 229 663 cuum
243 609 324 673 litus,
338 608 388 659 ubi
404 608 460 659 risa
476 605 595 658 muliere
610 606 723 673 gravida
738 608 880 658 cit-itatem
894 604 1083 657 condiderunt
1110 620 1183 673 quae

127 722 131 731 .
145 695 191 731 res
202 676 368 730 toecrmdam
382 674 545 726 ostendebat
555 676 617 725 lore
629 674 841 743 rempublicam,
847 682 877 727 et
888 690 951 725 eam
958 672 1066 724 cumas
1072 680 1186 725 voeare'

146 754 227 799 runt:
249 745 306 797 sive
328 746 366 797 ab
388 739 500 812 iyuiov,
523 743 542 793 i.
560 761 585 795 e.
606 751 794 811 praegnante:
815 744 873 805 sive
893 736 950 795 e'ai
970 738 1029 793 τῶν
1045 736 1182 809 aopo'm,

146 816 165 867 i.
183 832 208 866 e.
224 812 262 865 ab
284 814 373 866 undis.
406 813 479 863 Nam
495 807 604 879 ripato
620 810 711 863 undae
728 811 871 875 dicturum
893 834 911 864 o
927 819 1023 864 atatem
1039 810 1135 863 Latini
1151 810 1181 861 in

148 900 168 934 u
184 886 307 935 verttmt:
323 890 355 932 ut
370 882 484 948 tyrrio,
501 882 611 931 barrio.
626 906 661 917 -
694 882 758 936 442.
776 878 956 947 Dioiriosque
971 880 1073 944 loeus,-
1089 894 1183 931 conse·

147 959 254 1013 natos,
269 952 409 1001 Avernum
426 958 456 1001 et
470 948 633 1001 Lucrinum.
666 948 795 998 Avernus
811 956 906 1002 autem
919 949 951 1000 in
967 948 1071 1019 plurali
1086 962 1184 999 nume·

147 1036 181 1072 ro
199 1019 268 1069 leaeo
284 1018 395 1069 Averno
412 1017 494 1069 lacit:
518 1024 550 1068 ut
571 1028 714 1082 tartarus,
735 1029 852 1069 tartara.
887 1016 967 1071 Unde
990 1024 1047 1069 est:
1071 1016 1183 1069 Averna

140 1088 288 1140 ‘'sonantia
305 1088 397 1139 silvis.
433 1084 503 1137 Sane
524 1084 571 1137 hic
587 1086 663 1137 lacus
687 1094 752 1138 onte
768 1085 899 1138 sssrnnrm
914 1086 1051 1138 denotare
1067 1084 1108 1137 sic
1123 1100 1182 1137 am·

149 1154 297 1221 bielsatur,
318 1162 351 1205 ut
367 1154 495 1207 exhalans
518 1154 584 1205 inde
599 1169 651 1223 per
668 1156 806 1221 angustias
823 1171 911 1223 aquae
932 1152 1100 1223 sulphureae
1115 1154 1183 1205 odor

150 1223 325 1295 graunimus
348 1221 551 1293 mpervolantes
573 1238 635 1274 aves
651 1230 772 1274 necaret
804 1222 884 1275 Unde
900 1230 929 1276 et
943 1222 1074 1274 Avernus
1096 1222 1184 1275 dictus

152 1302 207 1358 est,
300 1292 305 1301 '
324 1286 434 1359 inpuros:
457 1307 542 1359 qrrarn
564 1306 627 1343 rem
643 1293 779 1359 Augustus
794 1293 897 1344 Caesar
918 1290 1089 1361 intelligens,
1110 1290 1184 1345 deie-

152 1362 204 1413 ctis
219 1308 308 1425 m
327 1376 361 1412 ex
375 1359 566 1430 pestilentilnu
583 1374 702 1413 amoena
723 1360 845 1413 reddidit
864 1361 935 1413 loca.
950 1388 987 1397 -
1019 1362 1087 1419 tte.
1103 1358 1185 1411 lasa·

87 1430 92 1441 '
153 1447 221 1481 nam
238 1438 346 1493 votem,-
369 1428 417 1481 alii
434 1444 567 1495 magnam
590 1429 700 1480 dicunt:
720 1430 795 1498 [quia
819 1430 874 1481 duo
897 1444 1002 1499 genera
1016 1426 1186 1489 vaticinandi

152 1504 231 1563 srmt,
245 1504 295 1549 aut
308 1497 440 1567 simplex,
457 1504 488 1546 ut
502 1497 618 1562 Heleni,
632 1504 682 1549 eut
697 1512 749 1564 per
764 1498 905 1564 furorem,
921 1506 953 1549 ut
967 1494 1100 1565 Sibyllae:
1121 1495 1186 1565 quis

153 1579 232 1618 votes
248 1582 267 1617 a
282 1568 314 1616 oi
335 1568 437 1616 meotis
453 1565 620 1634 appellatos,
642 1567 731 1617 Varro
748 1569 845 1618 au'ctor
861 1562 937 1631 este]
952 1566 1002 1617 sed
1017 1566 1119 1619 melius
1133 1564 1186 1617 deo

153 1636 281 1704 plerum,
304 1641 334 1685 et
354 1633 574 1686 raticinatricem
595 1633 782 1697 intelligimus.
815 1634 851 1702 [A
865 1634 1042 1687 Graecorum
1065 1640 1186 1687 nauum

153 1702 335 1773 etymologia,
366 1702 415 1771 qui
428 1698 552 1783 spineas
577 1696 638 1784 aigrd'
653 1700 704 1768 rit
725 1706 825 1771 molas
854 1703 1068 1783 appelleverrmt
1113 1702 1186 1753 Nam

153 1786 349 1903 attat?
356 1769 1187 1958 dtttl‘z‘„t¹¹(i¹}¹t?¹³i²2i¹t¹tttitraditati}

154 1926 258 1960 nomen
281 1911 373 1959 nostri
390 1924 409 1957 a
427 1910 519 1974 divis,
564 1911 654 1973 raeci,
679 1922 711 1961 ut
728 1909 806 1961 Plato
825 1912 1037 1975 interpretatur,
1054 1926 1073 1958 a
1085 1907 1191 1977 surore.

105 2008 110 2013 -
156 1980 300 2028 duxerunt
322 1975 370 2043 (al.
392 1976 472 2039 dia);
500 1994 620 2042 prorsus
642 1978 757 2044 (rursus)
774 1979 891 2046 suroris
914 1978 1125 2029 divinationom
1146 1975 1186 2025 si-

157 2046 277 2113 byllinis
296 2046 418 2099 maxime
442 2046 573 2096 versibus
590 2049 732 2098 contineri
747 2048 889 2098 arbitrati.
922 2046 1003 2098 L'nde
1027 2045 1120 2097 adhue
1141 2041 1187 2113 qui

155 2112 286 2180 inspirari
309 2112 412 2178 solent,
428 2113 547 2182 fatuari
569 2114 706 2167 dicuntur.
746 2115 874 2183 Virgilius
897 2114 1026 2179 (6,11.);
1051 2113 1186 2181 Magnam

158 2185 208 2231 cui
232 2194 348 2233 mentem
372 2185 555 2248 animumque
572 2181 676 2234 Delius
700 2186 824 2249 inspirat
847 2181 946 2247 vates]
978 2182 1036 2232 Salr
1063 2185 1137 2245 ima,·
1157 2179 1186 2237 in

156 2251 228 2301 ima:
250 2258 282 2300 ut
305 2254 349 2317 (l,
370 2251 458 2312 453.);
486 2250 614 2319 ll'amque
639 2252 691 2302 sub
719 2255 828 2319 ingenti
853 2253 956 2302 lustrat
979 2252 1047 2300 dum
1073 2250 1185 2317 singula

157 2320 275 2384 templo:
299 2321 338 2385 [et
360 2323 404 2384 (t,
421 2323 509 2380 43141
532 2320 649 2370 Exercet
674 2323 726 2371 suh
752 2323 810 2371 sole
835 2319 936 2384 laban]
957 2347 994 2356 -
1032 2322 1099 2376 444.
1120 2319 1185 2369 Fata

159 2390 237 2437 canit
254 2394 321 2448 eto,
341 2388 432 2438 tribus
449 2388 538 2439 modis
561 2390 655 2439 futura
680 2390 827 2455 praedicit:
847 2396 895 2441 urit
918 2405 1000 2451 voce,
1024 2398 1074 2437 ant
1089 2388 1186 2454 scripto

158 2456 385 2522 (elemptim),
408 2464 456 2507 aut
472 2456 571 2523 signis,
592 2458 610 2507 i.
629 2476 652 2509 e.
671 2459 836 2524 quibusdam
860 2457 946 2521 notis,
970 2464 1001 2506 nt
1023 2457 1055 2507 in
1072 2456 1186 2507 obelisco

158 2524 206 2590 (ul.
224 2524 363 2585 obeliscis)
376 2525 484 2575 Rornae
498 2525 636 2575 videmus:
652 2527 705 2590 rel,
722 2535 752 2576 ut
765 2527 812 2578 alii
826 2527 928 2589 dicunt,
944 2526 1018 2576 notis
1029 2526 1187 2576 literarum:

158 2600 191 2641 ut
206 2609 257 2661 per
273 2607 358 2643 unam
374 2592 485 2644 literam
501 2593 638 2660 significet
647 2594 759 2662 aliquid.
792 2596 824 2645 ln
840 2595 912 2645 foliis
925 2602 1020 2645 autern
1034 2594 1186 2663 palmarum

158 2657 291 2728 Sibyllam
312 2660 435 2711 scribere
458 2662 548 2713 solere
568 2670 684 2713 testatur
707 2665 803 2714 l‘arro.
837 2662 954 2730 [Foliis5
976 2662 1099 2728 palmae.
1132 2660 1186 2712 lto-

159 2741 221 2793 tas,·
246 2729 347 2780 literas.
382 2728 508 2779 Nomina
516 2754 526 2793 ‚-
550 2730 659 2795 verba]
682 2757 717 2767 —
755 2736 818 2789 445.
844 2731 979 2781 Carmina
1003 2734 1103 2799 virga,
1127 2728 1187 2798 qtria

159 2797 524 2927 iimiiliiiiewiili
541 2800 748 2919 “iiiiii
772 2798 1186 2919 ii‘iii‘i‘⁰e¹'¹¹ii¹⁰¹¹f'⁰ii

160 2942 192 2983 ut
208 2885 309 2985 Verrii.
333 2906 401 3001 quot
412 2885 850 3006 Ξίᾗγὴαῗῗιιεζὴζῐ,2ῗᾷἒὲεὲῒῖ
873 2886 1106 3003 ..ξίὂζΙΙαῃαιιίῗῐιιέ
1122 2886 1188 2986 itici-

160 3010 205 3052 tur
223 3003 313 3052 omnis
329 3003 433 3072 puella,
456 3005 533 3054 cuius
550 3013 644 3071 per-tiu
666 3022 769 3056 numen
792 3005 903 3074 recipit:
925 3022 994 3055 nam
1009 3006 1088 3057 Aeoli
1104 3002 1188 3071 (codd.

160 3071 268 3132 Aeolii)
284 3073 355 3123 aloes
371 3072 466 3122 dicunt
482 3073 561 3125 deos:
576 3069 660 3142 (icelii
679 3082 773 3125 antem
790 3084 831 3126 est
846 3075 995 3131 sententia:
1013 3091 1083 3143 ergo
1099 3068 1187 3142 arpii.-

160 3136 209 3191 ias
225 3141 303 3208 quasi
319 3144 376 3192 olov
399 3137 498 3208 ,lot-iaia
514 3138 648 3194 dixerunt
684 3143 751 3194 [nde
772 3151 814 3193 est
837 3146 880 3206 (6,
896 3142 964 3205 11.):
985 3143 1125 3211 Magnam
1143 3142 1187 3192 cui

162 3222 277 3259 mentem
309 3213 491 3275 animumque
521 3210 624 3261 Delius
654 3213 778 3275 inspirat
807 3225 892 3263 vates.
942 3211 1014 3263 Sane
1042 3212 1188 3275 sciendum,

161 3279 257 3330 omnia
272 3294 405 3345 responsa
421 3277 538 3346 Sibyllae
554 3280 615 3348 plus
632 3282 756 3331 minusve
774 3289 888 3332 centum
904 3280 1042 3332 contineri
1058 3278 1187 3333 sermoni·

160 3345 220 3396 bus.
253 3346 333 3398 L'nde
350 3346 479 3414 Virgilius
495 3349 534 3398 ait
558 3352 600 3415 (6,
617 3350 685 3409 43.);
710 3347 773 3413 Quo
798 3351 852 3399 loti
875 3350 982 3399 ducunt
1006 3351 1105 3401 aditus
1129 3366 1186 3400 cen-

162 3425 233 3477 tum,
258 3419 331 3466 ostia
350 3428 475 3465 centum:
503 3416 580 3466 Unde
599 3431 686 3467 ruunt
704 3419 817 3468 totidem
836 3436 930 3483 vaces,
948 3436 1085 3486 responsa
1102 3418 1187 3485 Sibyl·

162 3482 266 3532 lae.-
299 3488 360 3541 446.
380 3482 508 3551 Digerri,-
527 3485 649 3547 ordinat,
665 3485 793 3553 disponit.
827 3487 872 3554 [ln
892 3483 1188 3557 numerumjinordi·

161 3564 243 3613 nem,
260 3558 291 3599 ut
306 3553 476 3604 continuatio
493 3554 650 3604 carminum
667 3555 729 3617 fiat,
745 3555 818 3606 unde
836 3563 877 3606 est
893 3557 933 3621 (E.
950 3561 983 3619 9,
998 3557 1072 3619 45.);
1089 3554 1186 3607 o‘ume.

165 3636 210 3668 ros
225 3622 341 3670 memini
358 3623 478 3671 riveria
498 3622 637 3688 tenerem]
672 3624 802 3687 Seclusa3
821 3640 873 3691 pro
889 3623 1008 3674 inclusa:
1026 3622 1187 3691 praepositio

162 3702 214 3804 pro
237 3689 449 3756 praepositione.
474 3716 508 3727 -
546 3694 610 3746 44²..
635 3692 758 3743 Cardine
781 3710 877 3755 νικος
901 3699 999 3758 aperta
1022 3695 1122 3759 unua,
1143 3706 1187 3763 per

184 3753 346 3821 eriphrasIn.
363 3784 398 3794 —
431 3762 494 3816 449.
515 3758 655 3809 Turbaoit
681 3764 770 3811 ianua
789 3762 926 3829 frondes,
949 3776 1007 3812 non
1024 3762 1122 3813 ianua:
1145 3758 1189 3811 sed

164 3829 259 3873 uentus
276 3824 323 3891 qui
341 3842 390 3891 per
406 3826 521 3877 ianuam
538 3828 701 3891 ingreditor.
719 3852 753 3865 -
787 3836 849 3887 451.
865 3829 971 3897 [situs,·
995 3831 1144 3898 positiones
1165 3833 1190 3879 et

163 3890 288 3956 ordines,
310 3892 374 3943 alibi
393 3899 466 3961 situ,
490 3904 635 3948 vetustate:
659 3906 689 3947 ut
713 3904 756 3963 (7,
771 3899 858 3958 452.):
881 3898 924 3948 En
949 3915 998 3964 ego
1018 3902 1093 3951 uicta
1119 3900 1188 3959 situ;

160 3959 228 4010 alibi
251 3961 378 4039 optralore
401 3970 443 4028 (6,
466 3964 553 4026 462.):
580 3964 629 4014 Per
655 3966 716 4017 loca
742 3980 820 4017 senta
846 3966 925 4032 sitm]
941 3993 975 4005 -·
1010 3973 1073 4026 452.
1094 3968 1189 4018 locon·

160 4029 232 4080 sulti
237 4052 246 4093 ,-
264 4029 343 4081 inscii
358 4046 469 4099 rerum,
486 4033 594 4103 ignari,
616 4034 676 4087 sine
694 4036 824 4103 consilio,
845 4036 916 4104 [sine
932 4051 1082 4107 responso,
1097 4034 1192 4106 qitibiu
