<?xml version="1.0" encoding="UTF-8"?>
<!DOCTYPE html PUBLIC "-//W3C//DTD XHTML 1.0 Transitional//EN"
    "http://www.w3.org/TR/xhtml1/DTD/xhtml1-transitional.dtd">
<html xmlns="http://www.w3.org/1999/xhtml" xml:lang="en" lang="en">
 <head>
  <title>
</title>
<meta http-equiv="Content-Type" content="text/html;charset=utf-8" />
  <meta name='ocr-system' content='tesseract 3.04.00' />
  <meta name='ocr-capabilities' content='ocr_page ocr_carea ocr_par ocr_line ocrx_word'/>
</head>
<body>
  <div class='ocr_page' id='page_1' title='image "./commentariiinvi00liongoog_0364.png"; bbox 0 0 2454 4500; ppageno 0'>
   <div class='ocr_carea' id='block_1_1' title="bbox 73 248 1089 340">
    <p class='ocr_par' dir='ltr' id='par_1_1' title="bbox 73 248 1089 340">
     <span class='ocr_line' id='line_1_1' title="bbox 73 248 1089 340; baseline 0.001 -4"><span class='ocrx_word' id='word_1_1' title='bbox 73 316 75 321; x_wconf 78' lang='grc'>.</span> <span class='ocrx_word' id='word_1_2' title='bbox 167 293 203 336; x_wconf 68' lang='lat' dir='ltr'><strong>n</strong></span> <span class='ocrx_word' id='word_1_3' title='bbox 226 269 386 335; x_wconf 75' lang='lat' dir='ltr'><strong>tuton.</strong></span> <span class='ocrx_word' id='word_1_4' title='bbox 409 248 963 340; x_wconf 75' lang='lat' dir='ltr'><strong>tnumn.L113.&#39;v.tso—4to</strong></span> <span class='ocrx_word' id='word_1_5' title='bbox 1023 271 1089 337; x_wconf 80' lang='lat' dir='ltr'><strong>sss</strong></span> 
     </span>
    </p>
   </div>
   <div class='ocr_carea' id='block_1_2' title="bbox 49 451 1096 1765">
    <p class='ocr_par' dir='ltr' id='par_1_2' title="bbox 49 451 1096 1765">
     <span class='ocr_line' id='line_1_2' title="bbox 50 451 1091 526; baseline -0.01 -11"><span class='ocrx_word' id='word_1_6' title='bbox 50 461 111 515; x_wconf 70' lang='lat' dir='ltr'><strong>suu</strong></span> <span class='ocrx_word' id='word_1_7' title='bbox 133 459 241 515; x_wconf 73' lang='lat' dir='ltr'><strong>dione..</strong></span> <span class='ocrx_word' id='word_1_8' title='bbox 270 459 343 512; x_wconf 80' lang='lat' dir='ltr'><strong>Nam</strong></span> <span class='ocrx_word' id='word_1_9' title='bbox 367 460 462 513; x_wconf 79' lang='lat' dir='ltr'><strong>alacer</strong></span> <span class='ocrx_word' id='word_1_10' title='bbox 484 470 633 526; x_wconf 77' lang='lat' dir='ltr'><strong>nusquam:</strong></span> <span class='ocrx_word' id='word_1_11' title='bbox 655 451 831 526; x_wconf 81' lang='lat' dir='ltr'><strong>[etiterum]</strong></span> <span class='ocrx_word' id='word_1_12' title='bbox 853 455 931 515; x_wconf 72' lang='lat' dir='ltr'><strong>ocris</strong></span> <span class='ocrx_word' id='word_1_13' title='bbox 954 467 1091 522; x_wconf 81' lang='lat' dir='ltr'><strong>nusquam</strong></span> 
     </span>
     <span class='ocr_line' id='line_1_3' title="bbox 51 522 1091 596; baseline -0.008 -14"><span class='ocrx_word' id='word_1_14' title='bbox 51 530 129 585; x_wconf 70' lang='lat' dir='ltr'><strong>dixit.</strong></span> <span class='ocrx_word' id='word_1_15' title='bbox 162 530 230 583; x_wconf 81' lang='lat' dir='ltr'><strong>Indo</strong></span> <span class='ocrx_word' id='word_1_16' title='bbox 247 538 288 581; x_wconf 86' lang='lat' dir='ltr'><strong>est</strong></span> <span class='ocrx_word' id='word_1_17' title='bbox 304 528 378 596; x_wconf 89' lang='lat' dir='ltr'><strong>quod</strong></span> <span class='ocrx_word' id='word_1_18' title='bbox 395 528 480 581; x_wconf 85' lang='lat' dir='ltr'><strong>etiam</strong></span> <span class='ocrx_word' id='word_1_19' title='bbox 495 526 624 595; x_wconf 74' lang='lat' dir='ltr'>Papinius</span> <span class='ocrx_word' id='word_1_20' title='bbox 640 524 789 595; x_wconf 83' lang='lat' dir='ltr'><strong>supprimit</strong></span> <span class='ocrx_word' id='word_1_21' title='bbox 804 539 907 591; x_wconf 81' lang='lat' dir='ltr'><strong>genus,</strong></span> <span class='ocrx_word' id='word_1_22' title='bbox 931 523 996 590; x_wconf 83' lang='lat' dir='ltr'><strong>quia</strong></span> <span class='ocrx_word' id='word_1_23' title='bbox 1012 522 1091 574; x_wconf 90' lang='lat' dir='ltr'><strong>dubi·</strong></span> 
     </span>
     <span class='ocr_line' id='line_1_4' title="bbox 50 587 1091 664; baseline -0.009 -12"><span class='ocrx_word' id='word_1_24' title='bbox 50 607 137 652; x_wconf 81' lang='lat' dir='ltr'><strong>tatur.</strong></span> <span class='ocrx_word' id='word_1_25' title='bbox 154 623 189 637; x_wconf 91' lang='lat'><strong>···</strong></span> <span class='ocrx_word' id='word_1_26' title='bbox 223 603 286 657; x_wconf 82' lang='grc'><strong>383.</strong></span> <span class='ocrx_word' id='word_1_27' title='bbox 304 599 335 650; x_wconf 83' lang='lat' dir='ltr'><strong>Si</strong></span> <span class='ocrx_word' id='word_1_28' title='bbox 353 589 432 649; x_wconf 77' lang='lat' dir='ltr'><strong>nemo</strong></span> <span class='ocrx_word' id='word_1_29' title='bbox 451 587 744 664; x_wconf 55' lang='lat' dir='ltr'><strong>audentissimus.</strong></span> <span class='ocrx_word' id='word_1_30' title='bbox 779 595 996 660; x_wconf 79' lang='lat' dir='ltr'><strong>Argumentutur</strong></span> <span class='ocrx_word' id='word_1_31' title='bbox 1014 594 1091 644; x_wconf 84' lang='lat' dir='ltr'><strong>enim</strong></span> 
     </span>
     <span class='ocr_line' id='line_1_5' title="bbox 51 661 1090 737; baseline -0.006 -18"><span class='ocrx_word' id='word_1_32' title='bbox 51 685 84 722; x_wconf 85' lang='lat' dir='ltr'><strong>se</strong></span> <span class='ocrx_word' id='word_1_33' title='bbox 106 663 227 737; x_wconf 88' lang='lat' dir='ltr'><strong>[omues]</strong></span> <span class='ocrx_word' id='word_1_34' title='bbox 251 667 358 729; x_wconf 79' lang='lat' dir='ltr'><strong>vicisse,</strong></span> <span class='ocrx_word' id='word_1_35' title='bbox 382 683 415 718; x_wconf 86' lang='lat' dir='ltr'><strong>ex</strong></span> <span class='ocrx_word' id='word_1_36' title='bbox 438 681 472 718; x_wconf 86' lang='lat' dir='ltr'><strong>eo</strong></span> <span class='ocrx_word' id='word_1_37' title='bbox 497 665 570 732; x_wconf 78' lang='lat' dir='ltr'><strong>quod</strong></span> <span class='ocrx_word' id='word_1_38' title='bbox 594 664 629 716; x_wconf 89' lang='lat' dir='ltr'><strong>ad</strong></span> <span class='ocrx_word' id='word_1_39' title='bbox 653 672 796 716; x_wconf 87' lang='lat' dir='ltr'><strong>certamen</strong></span> <span class='ocrx_word' id='word_1_40' title='bbox 818 662 907 714; x_wconf 85' lang='lat' dir='ltr'><strong>nullus</strong></span> <span class='ocrx_word' id='word_1_41' title='bbox 924 661 1038 713; x_wconf 81' lang='lat' dir='ltr'><strong>accedit</strong></span> <span class='ocrx_word' id='word_1_42' title='bbox 1055 688 1090 702; x_wconf 72' lang='grc'><strong>«-</strong></span> 
     </span>
     <span class='ocr_line' id='line_1_6' title="bbox 50 730 1092 805; baseline -0.006 -19"><span class='ocrx_word' id='word_1_43' title='bbox 50 742 117 795; x_wconf 81' lang='grc'><strong>386.</strong></span> <span class='ocrx_word' id='word_1_44' title='bbox 139 735 248 798; x_wconf 61' lang='lat' dir='ltr'><strong>aedon</strong></span> <span class='ocrx_word' id='word_1_45' title='bbox 272 736 350 805; x_wconf 83' lang='lat' dir='ltr'><strong>quasi</strong></span> <span class='ocrx_word' id='word_1_46' title='bbox 374 734 467 786; x_wconf 76' lang='lat' dir='ltr'><strong>debita</strong></span> <span class='ocrx_word' id='word_1_47' title='bbox 489 735 639 801; x_wconf 80' lang='lat' dir='ltr'><strong>promissat</strong></span> <span class='ocrx_word' id='word_1_48' title='bbox 663 733 728 799; x_wconf 88' lang='lat' dir='ltr'><strong>quia</strong></span> <span class='ocrx_word' id='word_1_49' title='bbox 751 735 806 784; x_wconf 80' lang='lat' dir='ltr'><strong>uit:</strong></span> <span class='ocrx_word' id='word_1_50' title='bbox 837 730 943 782; x_wconf 75' lang='lat' dir='ltr'><em>Victori</em></span> <span class='ocrx_word' id='word_1_51' title='bbox 968 733 1092 783; x_wconf 82' lang='lat' dir='ltr'><strong>velatum</strong></span> 
     </span>
     <span class='ocr_line' id='line_1_7' title="bbox 51 800 1091 871; baseline -0.005 -14"><span class='ocrx_word' id='word_1_52' title='bbox 51 823 126 857; x_wconf 85' lang='lat' dir='ltr'><strong>auro</strong></span> <span class='ocrx_word' id='word_1_53' title='bbox 152 807 286 871; x_wconf 71' lang='lat' dir='ltr'><strong>vittisque</strong></span> <span class='ocrx_word' id='word_1_54' title='bbox 311 807 469 855; x_wconf 84' lang='lat' dir='ltr'><strong>iuvencum.</strong></span> <span class='ocrx_word' id='word_1_55' title='bbox 493 828 527 839; x_wconf 91' lang='lat'>-</span> <span class='ocrx_word' id='word_1_56' title='bbox 577 807 638 859; x_wconf 68' lang='grc' dir='ltr'>ὃδ7.’</span> <span class='ocrx_word' id='word_1_57' title='bbox 662 800 732 855; x_wconf 72' lang='grc' dir='ltr'><strong>Ηίος</strong></span> <span class='ocrx_word' id='word_1_58' title='bbox 759 809 842 862; x_wconf 74' lang='lat' dir='ltr'><strong>tunc3</strong></span> <span class='ocrx_word' id='word_1_59' title='bbox 871 802 970 867; x_wconf 83' lang='lat' dir='ltr'><strong>gravis</strong></span> <span class='ocrx_word' id='word_1_60' title='bbox 987 809 1091 869; x_wconf 74' lang='lat' dir='ltr'><strong>¹truttam</strong></span> 
     </span>
     <span class='ocr_line' id='line_1_8' title="bbox 51 867 1090 942; baseline -0.003 -18"><span class='ocrx_word' id='word_1_61' title='bbox 51 881 146 927; x_wconf 86' lang='lat' dir='ltr'><strong>aetate</strong></span> <span class='ocrx_word' id='word_1_62' title='bbox 163 873 207 927; x_wconf 86' lang='lat' dir='ltr'><strong>vel</strong></span> <span class='ocrx_word' id='word_1_63' title='bbox 224 872 438 942; x_wconf 59' lang='lat' dir='ltr'><strong>obiurgatione„</strong></span> <span class='ocrx_word' id='word_1_64' title='bbox 462 871 604 938; x_wconf 54' lang='lat' dir='ltr'><strong>castigem</strong></span> <span class='ocrx_word' id='word_1_65' title='bbox 621 867 785 939; x_wconf 83' lang='lat' dir='ltr'><strong>[increpst,]</strong></span> <span class='ocrx_word' id='word_1_66' title='bbox 804 867 940 937; x_wconf 79' lang='lat' dir='ltr'><strong>obiurgat.</strong></span> <span class='ocrx_word' id='word_1_67' title='bbox 958 893 991 907; x_wconf 91' lang='lat'><strong>·-</strong></span> <span class='ocrx_word' id='word_1_68' title='bbox 1027 875 1090 927; x_wconf 81' lang='grc'><strong>388.</strong></span> 
     </span>
     <span class='ocr_line' id='line_1_9' title="bbox 53 939 1091 1003; baseline -0.006 -10"><span class='ocrx_word' id='word_1_69' title='bbox 53 942 130 995; x_wconf 85' lang='lat' dir='ltr'><strong>Toro</strong></span> <span class='ocrx_word' id='word_1_70' title='bbox 149 943 313 994; x_wconf 77' lang='lat' dir='ltr'><strong>consederat</strong></span> <span class='ocrx_word' id='word_1_71' title='bbox 329 940 445 1003; x_wconf 55' lang='lat' dir='ltr'><strong>herbam</strong></span> <span class='ocrx_word' id='word_1_72' title='bbox 469 939 586 992; x_wconf 84' lang='lat' dir='ltr'><strong>verbum</strong></span> <span class='ocrx_word' id='word_1_73' title='bbox 607 939 641 991; x_wconf 84' lang='lat' dir='ltr'><strong>ds</strong></span> <span class='ocrx_word' id='word_1_74' title='bbox 658 939 752 991; x_wconf 85' lang='lat' dir='ltr'><strong>verbo.</strong></span> <span class='ocrx_word' id='word_1_75' title='bbox 784 939 858 990; x_wconf 85' lang='lat' dir='ltr'><strong>Nam</strong></span> <span class='ocrx_word' id='word_1_76' title='bbox 875 949 955 990; x_wconf 81' lang='lat' dir='ltr'><strong>torus</strong></span> <span class='ocrx_word' id='word_1_77' title='bbox 972 956 990 990; x_wconf 86' lang='lat' dir='ltr'><strong>a</strong></span> <span class='ocrx_word' id='word_1_78' title='bbox 1007 941 1091 993; x_wconf 79' lang='lat' dir='ltr'><strong>tortis</strong></span> 
     </span>
     <span class='ocr_line' id='line_1_10' title="bbox 51 1007 1091 1075; baseline -0.007 -11"><span class='ocrx_word' id='word_1_79' title='bbox 51 1011 143 1064; x_wconf 75' lang='lat' dir='ltr'><strong>dionis</strong></span> <span class='ocrx_word' id='word_1_80' title='bbox 166 1018 207 1063; x_wconf 83' lang='lat' dir='ltr'><strong>est</strong></span> <span class='ocrx_word' id='word_1_81' title='bbox 230 1008 331 1062; x_wconf 79' lang='lat' dir='ltr'><em>herbis.</em></span> <span class='ocrx_word' id='word_1_82' title='bbox 356 1036 390 1047; x_wconf 97' lang='lat'>—</span> <span class='ocrx_word' id='word_1_83' title='bbox 432 1014 494 1075; x_wconf 72' lang='grc'><strong>339.</strong></span> <span class='ocrx_word' id='word_1_84' title='bbox 518 1007 654 1070; x_wconf 75' lang='lat' dir='ltr'><strong>Frustra,</strong></span> <span class='ocrx_word' id='word_1_85' title='bbox 685 1008 752 1059; x_wconf 86' lang='lat' dir='ltr'><strong>crdo</strong></span> <span class='ocrx_word' id='word_1_86' title='bbox 777 1015 831 1061; x_wconf 88' lang='lat' dir='ltr'><strong>est:</strong></span> <span class='ocrx_word' id='word_1_87' title='bbox 863 1008 989 1060; x_wconf 78' lang='lat' dir='ltr'><strong>Tantane</strong></span> <span class='ocrx_word' id='word_1_88' title='bbox 1018 1008 1091 1062; x_wconf 83' lang='lat' dir='ltr'><strong>dona</strong></span> 
     </span>
     <span class='ocr_line' id='line_1_11' title="bbox 50 1075 1090 1146; baseline -0.005 -13"><span class='ocrx_word' id='word_1_89' title='bbox 50 1082 157 1145; x_wconf 70' lang='lat' dir='ltr'><strong>frustra</strong></span> <span class='ocrx_word' id='word_1_90' title='bbox 173 1079 233 1131; x_wconf 88' lang='lat' dir='ltr'><strong>tolli</strong></span> <span class='ocrx_word' id='word_1_91' title='bbox 249 1079 321 1132; x_wconf 84' lang='lat' dir='ltr'><strong>sines</strong></span> <span class='ocrx_word' id='word_1_92' title='bbox 337 1086 397 1130; x_wconf 87' lang='lat' dir='ltr'><strong>tam</strong></span> <span class='ocrx_word' id='word_1_93' title='bbox 413 1076 537 1146; x_wconf 75' lang='lat' dir='ltr'><strong>patiens?</strong></span> <span class='ocrx_word' id='word_1_94' title='bbox 571 1078 641 1129; x_wconf 87' lang='lat' dir='ltr'><strong>Sane</strong></span> <span class='ocrx_word' id='word_1_95' title='bbox 657 1076 815 1140; x_wconf 84' lang='lat' dir='ltr'><strong>sciendum,</strong></span> <span class='ocrx_word' id='word_1_96' title='bbox 831 1075 919 1141; x_wconf 88' lang='lat' dir='ltr'><strong>hunc,</strong></span> <span class='ocrx_word' id='word_1_97' title='bbox 936 1077 1090 1129; x_wconf 85' lang='lat' dir='ltr'><strong>secundum</strong></span> 
     </span>
     <span class='ocr_line' id='line_1_12' title="bbox 50 1145 1093 1216; baseline -0.002 -15"><span class='ocrx_word' id='word_1_98' title='bbox 50 1147 210 1216; x_wconf 72' lang='lat' dir='ltr'><strong>Hyginum,</strong></span> <span class='ocrx_word' id='word_1_99' title='bbox 234 1147 282 1216; x_wconf 85' lang='lat' dir='ltr'><strong>qui</strong></span> <span class='ocrx_word' id='word_1_100' title='bbox 305 1149 340 1200; x_wconf 85' lang='lat' dir='ltr'><strong>de</strong></span> <span class='ocrx_word' id='word_1_101' title='bbox 364 1147 477 1199; x_wconf 88' lang='lat' dir='ltr'><strong>familiis</strong></span> <span class='ocrx_word' id='word_1_102' title='bbox 494 1145 622 1198; x_wconf 78' lang='lat' dir='ltr'><strong>Troianis</strong></span> <span class='ocrx_word' id='word_1_103' title='bbox 645 1145 769 1212; x_wconf 77' lang='lat' dir='ltr'><strong>scripsit,</strong></span> <span class='ocrx_word' id='word_1_104' title='bbox 792 1159 880 1196; x_wconf 88' lang='lat' dir='ltr'><strong>unum</strong></span> <span class='ocrx_word' id='word_1_105' title='bbox 903 1145 1093 1199; x_wconf 84' lang='lat' dir='ltr'><strong>Troianorum</strong></span> 
     </span>
     <span class='ocr_line' id='line_1_13' title="bbox 52 1213 1094 1285; baseline -0.002 -16"><span class='ocrx_word' id='word_1_106' title='bbox 52 1218 154 1281; x_wconf 64' lang='lat' dir='ltr'><strong>uisse,</strong></span> <span class='ocrx_word' id='word_1_107' title='bbox 177 1216 212 1268; x_wconf 88' lang='lat' dir='ltr'><strong>de</strong></span> <span class='ocrx_word' id='word_1_108' title='bbox 235 1232 290 1284; x_wconf 85' lang='lat' dir='ltr'><strong>quo</strong></span> <span class='ocrx_word' id='word_1_109' title='bbox 314 1217 445 1285; x_wconf 72' lang='lat' dir='ltr'><strong>Virgilius</strong></span> <span class='ocrx_word' id='word_1_110' title='bbox 468 1222 559 1267; x_wconf 87' lang='lat' dir='ltr'><strong>mutat</strong></span> <span class='ocrx_word' id='word_1_111' title='bbox 578 1213 733 1266; x_wconf 81' lang='lat' dir='ltr'><strong>historiam.</strong></span> <span class='ocrx_word' id='word_1_112' title='bbox 757 1240 791 1251; x_wconf 90' lang='lat'>-</span> <span class='ocrx_word' id='word_1_113' title='bbox 826 1219 888 1271; x_wconf 77' lang='lat'><strong>391.</strong></span> <span class='ocrx_word' id='word_1_114' title='bbox 906 1213 983 1266; x_wconf 79' lang='lat' dir='ltr'><strong>Noti</strong></span> <span class='ocrx_word' id='word_1_115' title='bbox 1023 1216 1094 1267; x_wconf 75' lang='lat' dir='ltr'><strong>dtur</strong></span> 
     </span>
     <span class='ocr_line' id='line_1_14' title="bbox 52 1233 1093 1353; baseline -0.002 -16"><span class='ocrx_word' id='word_1_116' title='bbox 52 1285 104 1337; x_wconf 77' lang='lat' dir='ltr'><strong>ilie</strong></span> <span class='ocrx_word' id='word_1_117' title='bbox 131 1287 282 1353; x_wconf 51' lang='lat' dir='ltr'><strong>magistra</strong></span> <span class='ocrx_word' id='word_1_118' title='bbox 306 1287 388 1338; x_wconf 83' lang='lat' dir='ltr'><strong>nohis</strong></span> <span class='ocrx_word' id='word_1_119' title='bbox 412 1299 468 1335; x_wconf 89' lang='lat' dir='ltr'><strong>nou</strong></span> <span class='ocrx_word' id='word_1_120' title='bbox 492 1291 584 1337; x_wconf 77' lang='lat' dir='ltr'><strong>vacat:</strong></span> <span class='ocrx_word' id='word_1_121' title='bbox 611 1290 643 1333; x_wconf 91' lang='lat' dir='ltr'><strong>ut</strong></span> <span class='ocrx_word' id='word_1_122' title='bbox 665 1283 775 1350; x_wconf 83' lang='lat' dir='ltr'><strong>[Cicero</strong></span> <span class='ocrx_word' id='word_1_123' title='bbox 799 1282 874 1349; x_wconf 77' lang='lat' dir='ltr'><strong>(Cat</strong></span> <span class='ocrx_word' id='word_1_124' title='bbox 891 1293 925 1347; x_wconf 83' lang='lat'><strong>2,</strong></span> <span class='ocrx_word' id='word_1_125' title='bbox 942 1233 1010 1349; x_wconf 60' lang='lat' dir='ltr'><strong>,ilis</strong></span> <span class='ocrx_word' id='word_1_126' title='bbox 1034 1283 1093 1351; x_wconf 82' lang='lat' dir='ltr'><strong>Qui</strong></span> 
     </span>
     <span class='ocr_line' id='line_1_15' title="bbox 52 1350 1093 1424; baseline 0.002 -20"><span class='ocrx_word' id='word_1_127' title='bbox 52 1352 129 1404; x_wconf 84' lang='lat' dir='ltr'><strong>mihi</strong></span> <span class='ocrx_word' id='word_1_128' title='bbox 152 1355 329 1407; x_wconf 76' lang='lat' dir='ltr'><strong>accubantes.</strong></span> <span class='ocrx_word' id='word_1_129' title='bbox 369 1353 422 1405; x_wconf 81' lang='lat' dir='ltr'><strong>Sed</strong></span> <span class='ocrx_word' id='word_1_130' title='bbox 463 1367 495 1403; x_wconf 88' lang='lat' dir='ltr'><strong>ro</strong></span> <span class='ocrx_word' id='word_1_131' title='bbox 514 1363 608 1405; x_wconf 80' lang='lat' dir='ltr'><strong>noster</strong></span> <span class='ocrx_word' id='word_1_132' title='bbox 631 1360 672 1404; x_wconf 85' lang='lat' dir='ltr'><strong>est</strong></span> <span class='ocrx_word' id='word_1_133' title='bbox 689 1352 823 1420; x_wconf 86' lang='lat' dir='ltr'><strong>positum,</strong></span> <span class='ocrx_word' id='word_1_134' title='bbox 846 1350 949 1404; x_wconf 77' lang='lat' dir='ltr'><strong>titandi</strong></span> <span class='ocrx_word' id='word_1_135' title='bbox 965 1356 977 1421; x_wconf 88' lang='lat'>[</span> <span class='ocrx_word' id='word_1_136' title='bbox 996 1362 1093 1424; x_wconf 86' lang='lat' dir='ltr'><strong>ropter</strong></span> 
     </span>
     <span class='ocr_line' id='line_1_16' title="bbox 49 1369 1093 1488; baseline 0 -14"><span class='ocrx_word' id='word_1_137' title='bbox 49 1421 276 1488; x_wconf 87' lang='lat' dir='ltr'><strong>similitudinem]</strong></span> <span class='ocrx_word' id='word_1_138' title='bbox 293 1369 511 1475; x_wconf 72' lang='lat' dir='ltr'><strong>homoeotelie&#39;uti</strong></span> <span class='ocrx_word' id='word_1_139' title='bbox 529 1421 616 1488; x_wconf 87' lang='lat' dir='ltr'><strong>(codd.</strong></span> <span class='ocrx_word' id='word_1_140' title='bbox 634 1418 728 1471; x_wconf 80' lang='lat' dir='ltr'><strong>Butm.</strong></span> <span class='ocrx_word' id='word_1_141' title='bbox 744 1373 1093 1485; x_wconf 59' lang='lat' dir='ltr'><strong>homoioteleutonicausa.</strong></span> 
     </span>
     <span class='ocr_line' id='line_1_17' title="bbox 50 1490 1093 1558; baseline 0.004 -18"><span class='ocrx_word' id='word_1_142' title='bbox 50 1517 88 1530; x_wconf 91' lang='lat'>-</span> <span class='ocrx_word' id='word_1_143' title='bbox 124 1493 185 1548; x_wconf 82' lang='grc'><strong>394.</strong></span> <span class='ocrx_word' id='word_1_144' title='bbox 202 1491 256 1542; x_wconf 85' lang='lat' dir='ltr'><strong>Ille</strong></span> <span class='ocrx_word' id='word_1_145' title='bbox 274 1493 326 1542; x_wconf 80' lang='lat' dir='ltr'><strong>sub</strong></span> <span class='ocrx_word' id='word_1_146' title='bbox 345 1490 428 1553; x_wconf 61' lang='lat' dir='ltr'><strong>haer,</strong></span> <span class='ocrx_word' id='word_1_147' title='bbox 453 1496 502 1541; x_wconf 82' lang='lat' dir='ltr'><strong>aut</strong></span> <span class='ocrx_word' id='word_1_148' title='bbox 518 1490 625 1543; x_wconf 85' lang='lat' dir='ltr'><strong>statim:</strong></span> <span class='ocrx_word' id='word_1_149' title='bbox 649 1498 697 1540; x_wconf 85' lang='lat' dir='ltr'><strong>aut</strong></span> <span class='ocrx_word' id='word_1_150' title='bbox 720 1499 781 1558; x_wconf 87' lang='lat' dir='ltr'><strong>post</strong></span> <span class='ocrx_word' id='word_1_151' title='bbox 797 1491 873 1544; x_wconf 79' lang='lat' dir='ltr'><strong>haec.</strong></span> <span class='ocrx_word' id='word_1_152' title='bbox 890 1516 925 1527; x_wconf 90' lang='lat'><strong>·-·</strong></span> <span class='ocrx_word' id='word_1_153' title='bbox 960 1497 1021 1549; x_wconf 77' lang='lat'><strong>395·</strong></span> <span class='ocrx_word' id='word_1_154' title='bbox 1040 1493 1093 1544; x_wconf 81' lang='lat' dir='ltr'><strong>snt</strong></span> 
     </span>
     <span class='ocr_line' id='line_1_18' title="bbox 50 1556 1093 1629; baseline -0.001 -16"><span class='ocrx_word' id='word_1_155' title='bbox 50 1560 131 1614; x_wconf 73' lang='lat' dir='ltr'><strong>enim</strong></span> <span class='ocrx_word' id='word_1_156' title='bbox 148 1565 218 1619; x_wconf 87' lang='lat' dir='ltr'><strong>etc.;</strong></span> <span class='ocrx_word' id='word_1_157' title='bbox 242 1559 317 1612; x_wconf 80' lang='lat' dir='ltr'><strong>aliud</strong></span> <span class='ocrx_word' id='word_1_158' title='bbox 332 1561 435 1628; x_wconf 83' lang='lat' dir='ltr'>pendet</span> <span class='ocrx_word' id='word_1_159' title='bbox 452 1576 485 1610; x_wconf 83' lang='lat' dir='ltr'><strong>er</strong></span> <span class='ocrx_word' id='word_1_160' title='bbox 500 1558 570 1621; x_wconf 82' lang='lat' dir='ltr'><strong>alio;</strong></span> <span class='ocrx_word' id='word_1_161' title='bbox 594 1574 680 1626; x_wconf 75' lang='lat' dir='ltr'><strong>quare</strong></span> <span class='ocrx_word' id='word_1_162' title='bbox 696 1556 795 1609; x_wconf 73' lang='lat' dir='ltr'><strong>hebet?</strong></span> <span class='ocrx_word' id='word_1_163' title='bbox 819 1562 884 1629; x_wconf 74' lang='lat' dir='ltr'><strong>quia</strong></span> <span class='ocrx_word' id='word_1_164' title='bbox 908 1559 1013 1624; x_wconf 80' lang='lat' dir='ltr'><strong>gelidus</strong></span> <span class='ocrx_word' id='word_1_165' title='bbox 1038 1570 1093 1614; x_wconf 85' lang='lat' dir='ltr'><strong>est:</strong></span> 
     </span>
     <span class='ocr_line' id='line_1_19' title="bbox 51 1626 1096 1697; baseline 0.001 -19"><span class='ocrx_word' id='word_1_166' title='bbox 51 1645 142 1697; x_wconf 83' lang='lat' dir='ltr'><strong>quare</strong></span> <span class='ocrx_word' id='word_1_167' title='bbox 164 1627 299 1695; x_wconf 79' lang='lat' dir='ltr'><strong>gelidus?</strong></span> <span class='ocrx_word' id='word_1_168' title='bbox 323 1630 388 1696; x_wconf 89' lang='lat' dir='ltr'><strong>quia</strong></span> <span class='ocrx_word' id='word_1_169' title='bbox 409 1628 490 1679; x_wconf 86' lang='lat' dir='ltr'><strong>senis.</strong></span> <span class='ocrx_word' id='word_1_170' title='bbox 507 1652 541 1666; x_wconf 91' lang='lat'><strong>--</strong></span> <span class='ocrx_word' id='word_1_171' title='bbox 576 1631 637 1684; x_wconf 72' lang='grc'><strong>396.</strong></span> <span class='ocrx_word' id='word_1_172' title='bbox 654 1626 793 1695; x_wconf 53' lang='lat' dir='ltr'><strong>Effectum</strong></span> <span class='ocrx_word' id='word_1_173' title='bbox 819 1628 978 1693; x_wconf 77' lang='lat' dir='ltr'><strong>exhaustae,</strong></span> <span class='ocrx_word' id='word_1_174' title='bbox 999 1636 1030 1680; x_wconf 84' lang='lat' dir='ltr'><strong>et</strong></span> <span class='ocrx_word' id='word_1_175' title='bbox 1052 1638 1096 1683; x_wconf 84' lang='lat' dir='ltr'><strong>est</strong></span> 
     </span>
     <span class='ocr_line' id='line_1_20' title="bbox 54 1695 1094 1765; baseline -0.001 -17"><span class='ocrx_word' id='word_1_176' title='bbox 54 1695 201 1748; x_wconf 81' lang='lat' dir='ltr'><strong>translatio</strong></span> <span class='ocrx_word' id='word_1_177' title='bbox 219 1713 235 1748; x_wconf 87' lang='lat' dir='ltr'><strong>a</strong></span> <span class='ocrx_word' id='word_1_178' title='bbox 251 1696 427 1761; x_wconf 81' lang='lat' dir='ltr'><strong>mulieribus,</strong></span> <span class='ocrx_word' id='word_1_179' title='bbox 451 1712 518 1763; x_wconf 89' lang='lat' dir='ltr'><strong>quas</strong></span> <span class='ocrx_word' id='word_1_180' title='bbox 540 1696 671 1764; x_wconf 76' lang='lat' dir='ltr'><strong>frequens</strong></span> <span class='ocrx_word' id='word_1_181' title='bbox 696 1704 791 1765; x_wconf 84' lang='lat' dir='ltr'><strong>partus</strong></span> <span class='ocrx_word' id='word_1_182' title='bbox 817 1696 920 1748; x_wconf 81' lang='lat' dir='ltr'><strong>debiles</strong></span> <span class='ocrx_word' id='word_1_183' title='bbox 942 1697 1041 1749; x_wconf 87' lang='lat' dir='ltr'><strong>reddit.</strong></span> <span class='ocrx_word' id='word_1_184' title='bbox 1058 1726 1094 1737; x_wconf 89' lang='lat'><em>—</em></span> 
     </span>
    </p>
   </div>
   <div class='ocr_carea' id='block_1_3' title="bbox 52 1761 1194 1835">
    <p class='ocr_par' dir='ltr' id='par_1_3' title="bbox 52 1761 1194 1835">
     <span class='ocr_line' id='line_1_21' title="bbox 52 1761 1194 1835; baseline 0.005 -21"><span class='ocrx_word' id='word_1_185' title='bbox 52 1770 118 1822; x_wconf 78' lang='grc'><strong>397.</strong></span> <span class='ocrx_word' id='word_1_186' title='bbox 136 1764 286 1832; x_wconf 74' lang='lat' dir='ltr'><strong>improbus</strong></span> <span class='ocrx_word' id='word_1_187' title='bbox 305 1767 372 1831; x_wconf 82' lang='lat' dir='ltr'><strong>iste,·</strong></span> <span class='ocrx_word' id='word_1_188' title='bbox 397 1764 490 1832; x_wconf 85' lang='lat' dir='ltr'><strong>[nimis</strong></span> <span class='ocrx_word' id='word_1_189' title='bbox 508 1761 632 1828; x_wconf 81' lang='lat' dir='ltr'><strong>avidus3]</strong></span> <span class='ocrx_word' id='word_1_190' title='bbox 656 1767 703 1833; x_wconf 86' lang='lat' dir='ltr'><strong>qui</strong></span> <span class='ocrx_word' id='word_1_191' title='bbox 726 1765 785 1817; x_wconf 81' lang='lat' dir='ltr'><strong>siue</strong></span> <span class='ocrx_word' id='word_1_192' title='bbox 803 1764 956 1817; x_wconf 81' lang='lat' dir='ltr'><strong>certamine</strong></span> <span class='ocrx_word' id='word_1_193' title='bbox 973 1768 1093 1835; x_wconf 84' lang='lat' dir='ltr'><strong>postulat</strong></span> <span class='ocrx_word' id='word_1_194' title='bbox 1188 1794 1194 1813; x_wconf 73' lang='lat' dir='ltr'><strong>v</strong></span> 
     </span>
    </p>
   </div>
   <div class='ocr_carea' id='block_1_4' title="bbox 17 1833 1145 4107">
    <p class='ocr_par' dir='ltr' id='par_1_4' title="bbox 17 1833 1145 4107">
     <span class='ocr_line' id='line_1_22' title="bbox 71 1833 1093 1903; baseline 0.003 -19"><span class='ocrx_word' id='word_1_195' title='bbox 71 1833 222 1885; x_wconf 86' lang='lat' dir='ltr'><strong>raemium.</strong></span> <span class='ocrx_word' id='word_1_196' title='bbox 239 1860 273 1871; x_wconf 96' lang='lat'>—</span> <span class='ocrx_word' id='word_1_197' title='bbox 308 1841 370 1892; x_wconf 80' lang='lat'><strong>398.</strong></span> <span class='ocrx_word' id='word_1_198' title='bbox 387 1834 443 1885; x_wconf 86' lang='lat' dir='ltr'><strong>Illa</strong></span> <span class='ocrx_word' id='word_1_199' title='bbox 462 1835 608 1898; x_wconf 68' lang='lat' dir='ltr'><strong>inventos,⁸</strong></span> <span class='ocrx_word' id='word_1_200' title='bbox 634 1841 683 1884; x_wconf 88' lang='lat' dir='ltr'><strong>aut</strong></span> <span class='ocrx_word' id='word_1_201' title='bbox 706 1842 824 1901; x_wconf 80' lang='lat' dir='ltr'><strong>magna,</strong></span> <span class='ocrx_word' id='word_1_202' title='bbox 846 1843 895 1885; x_wconf 87' lang='lat' dir='ltr'><strong>aut</strong></span> <span class='ocrx_word' id='word_1_203' title='bbox 918 1850 989 1901; x_wconf 74' lang='lat' dir='ltr'><strong>quae</strong></span> <span class='ocrx_word' id='word_1_204' title='bbox 1006 1852 1093 1903; x_wconf 87' lang='lat' dir='ltr'><strong>quon·</strong></span> 
     </span>
     <span class='ocr_line' id='line_1_23' title="bbox 50 1851 1094 1971; baseline 0.003 -17"><span class='ocrx_word' id='word_1_205' title='bbox 50 1851 120 1954; x_wconf 57' lang='lat' dir='ltr'><strong>gam</strong></span> <span class='ocrx_word' id='word_1_206' title='bbox 141 1902 242 1955; x_wconf 80' lang='lat' dir='ltr'><strong>fuerat.</strong></span> <span class='ocrx_word' id='word_1_207' title='bbox 259 1928 294 1940; x_wconf 91' lang='lat'>-</span> <span class='ocrx_word' id='word_1_208' title='bbox 327 1904 389 1959; x_wconf 78' lang='grc'>400.</span> <span class='ocrx_word' id='word_1_209' title='bbox 407 1900 465 1952; x_wconf 83' lang='lat' dir='ltr'><strong>Nec</strong></span> <span class='ocrx_word' id='word_1_210' title='bbox 484 1904 559 1955; x_wconf 82' lang='lat' dir='ltr'><strong>dono</strong></span> <span class='ocrx_word' id='word_1_211' title='bbox 587 1919 695 1969; x_wconf 88' lang='lat' dir='ltr'><strong>moror;</strong></span> <span class='ocrx_word' id='word_1_212' title='bbox 721 1903 739 1954; x_wconf 94' lang='lat' dir='ltr'><strong>i.</strong></span> <span class='ocrx_word' id='word_1_213' title='bbox 757 1921 781 1953; x_wconf 86' lang='lat' dir='ltr'><strong>e.</strong></span> <span class='ocrx_word' id='word_1_214' title='bbox 804 1917 861 1954; x_wconf 82' lang='lat' dir='ltr'><strong>non</strong></span> <span class='ocrx_word' id='word_1_215' title='bbox 885 1911 1014 1971; x_wconf 69' lang='lat' dir='ltr'><strong>expecto:</strong></span> <span class='ocrx_word' id='word_1_216' title='bbox 1040 1906 1094 1957; x_wconf 80' lang='lat' dir='ltr'><strong>Hic</strong></span> 
     </span>
     <span class='ocr_line' id='line_1_24' title="bbox 50 1969 1095 2040; baseline 0.002 -16"><span class='ocrx_word' id='word_1_217' title='bbox 50 1969 132 2024; x_wconf 79' lang='lat' dir='ltr'><strong>enim</strong></span> <span class='ocrx_word' id='word_1_218' title='bbox 154 1986 248 2023; x_wconf 86' lang='lat' dir='ltr'><strong>sensus</strong></span> <span class='ocrx_word' id='word_1_219' title='bbox 271 1979 330 2023; x_wconf 84' lang='lat' dir='ltr'><strong>tam</strong></span> <span class='ocrx_word' id='word_1_220' title='bbox 351 1971 555 2040; x_wconf 87' lang='lat' dir='ltr'><strong>superioribus,</strong></span> <span class='ocrx_word' id='word_1_221' title='bbox 578 1987 664 2040; x_wconf 87' lang='lat' dir='ltr'><strong>quam</strong></span> <span class='ocrx_word' id='word_1_222' title='bbox 687 1972 864 2038; x_wconf 84' lang='lat' dir='ltr'><strong>sequentibus</strong></span> <span class='ocrx_word' id='word_1_223' title='bbox 887 1972 1024 2040; x_wconf 76' lang='lat' dir='ltr'><strong>congruit.</strong></span> <span class='ocrx_word' id='word_1_224' title='bbox 1057 1972 1095 2026; x_wconf 85' lang='lat' dir='ltr'><strong>Et</strong></span> 
     </span>
     <span class='ocr_line' id='line_1_25' title="bbox 51 2039 1094 2110; baseline 0.005 -20"><span class='ocrx_word' id='word_1_225' title='bbox 51 2055 138 2108; x_wconf 82' lang='lat' dir='ltr'><strong>supra</strong></span> <span class='ocrx_word' id='word_1_226' title='bbox 155 2039 232 2091; x_wconf 87' lang='lat' dir='ltr'><strong>enim</strong></span> <span class='ocrx_word' id='word_1_227' title='bbox 249 2041 301 2105; x_wconf 83' lang='lat' dir='ltr'><strong>cit,</strong></span> <span class='ocrx_word' id='word_1_228' title='bbox 322 2056 352 2092; x_wconf 90' lang='lat' dir='ltr'><strong>se</strong></span> <span class='ocrx_word' id='word_1_229' title='bbox 369 2056 426 2090; x_wconf 89' lang='lat' dir='ltr'><strong>non</strong></span> <span class='ocrx_word' id='word_1_230' title='bbox 449 2040 566 2110; x_wconf 81' lang='lat' dir='ltr'><strong>praemii</strong></span> <span class='ocrx_word' id='word_1_231' title='bbox 583 2056 665 2092; x_wconf 84' lang='lat' dir='ltr'><strong>causa</strong></span> <span class='ocrx_word' id='word_1_232' title='bbox 683 2040 833 2102; x_wconf 87' lang='lat' dir='ltr'><strong>dimicare,</strong></span> <span class='ocrx_word' id='word_1_233' title='bbox 857 2041 904 2091; x_wconf 88' lang='lat' dir='ltr'><strong>sed</strong></span> <span class='ocrx_word' id='word_1_234' title='bbox 921 2042 1042 2108; x_wconf 78' lang='lat' dir='ltr'><strong>glorias,</strong></span> <span class='ocrx_word' id='word_1_235' title='bbox 1064 2051 1094 2095; x_wconf 82' lang='lat' dir='ltr'><strong>et</strong></span> 
     </span>
     <span class='ocr_line' id='line_1_26' title="bbox 52 2107 1095 2178; baseline 0.003 -20"><span class='ocrx_word' id='word_1_236' title='bbox 52 2107 225 2178; x_wconf 80' lang='lat' dir='ltr'><strong>paulopost</strong></span> <span class='ocrx_word' id='word_1_237' title='bbox 248 2109 349 2160; x_wconf 86' lang='lat' dir='ltr'><strong>bovem</strong></span> <span class='ocrx_word' id='word_1_238' title='bbox 372 2108 459 2159; x_wconf 88' lang='lat' dir='ltr'><strong>victor</strong></span> <span class='ocrx_word' id='word_1_239' title='bbox 482 2109 633 2175; x_wconf 71' lang='lat' dir='ltr'><strong>interemit.</strong></span> <span class='ocrx_word' id='word_1_240' title='bbox 654 2135 686 2145; x_wconf 90' lang='lat'>-</span> <span class='ocrx_word' id='word_1_241' title='bbox 721 2114 782 2168; x_wconf 75' lang='lat'><strong>401.</strong></span> <span class='ocrx_word' id='word_1_242' title='bbox 808 2110 933 2161; x_wconf 84' lang='lat' dir='ltr'><strong>immoni</strong></span> <span class='ocrx_word' id='word_1_243' title='bbox 956 2111 1095 2176; x_wconf 77' lang='lat' dir='ltr'><strong>pondere,-</strong></span> 
     </span>
     <span class='ocr_line' id='line_1_27' title="bbox 52 2176 1094 2247; baseline 0.004 -20"><span class='ocrx_word' id='word_1_244' title='bbox 52 2191 107 2246; x_wconf 88' lang='lat' dir='ltr'><strong>pro</strong></span> <span class='ocrx_word' id='word_1_245' title='bbox 126 2176 262 2228; x_wconf 82' lang='lat' dir='ltr'><strong>immanis</strong></span> <span class='ocrx_word' id='word_1_246' title='bbox 278 2178 427 2245; x_wconf 83' lang='lat' dir='ltr'><strong>ponderis,</strong></span> <span class='ocrx_word' id='word_1_247' title='bbox 444 2193 523 2230; x_wconf 84' lang='lat' dir='ltr'><strong>more</strong></span> <span class='ocrx_word' id='word_1_248' title='bbox 541 2194 603 2228; x_wconf 88' lang='lat' dir='ltr'><strong>suo:</strong></span> <span class='ocrx_word' id='word_1_249' title='bbox 628 2185 659 2227; x_wconf 92' lang='lat' dir='ltr'><strong>ut</strong></span> <span class='ocrx_word' id='word_1_250' title='bbox 676 2185 717 2242; x_wconf 85' lang='lat'><strong>(3,</strong></span> <span class='ocrx_word' id='word_1_251' title='bbox 734 2177 823 2238; x_wconf 52' lang='lat'><strong>4673:</strong></span> <span class='ocrx_word' id='word_1_252' title='bbox 845 2177 949 2230; x_wconf 81' lang='lat' dir='ltr'><strong>Hamis</strong></span> <span class='ocrx_word' id='word_1_253' title='bbox 968 2195 1094 2247; x_wconf 75' lang='lat' dir='ltr'><strong>auroque</strong></span> 
     </span>
     <span class='ocr_line' id='line_1_28' title="bbox 51 2244 1094 2315; baseline 0.007 -22"><span class='ocrx_word' id='word_1_254' title='bbox 51 2245 184 2305; x_wconf 61' lang='lat' dir='ltr'><strong>trilicem.</strong></span> <span class='ocrx_word' id='word_1_255' title='bbox 207 2272 243 2283; x_wconf 89' lang='lat'><em>—</em></span> <span class='ocrx_word' id='word_1_256' title='bbox 282 2251 346 2303; x_wconf 71' lang='lat'><strong>402.</strong></span> <span class='ocrx_word' id='word_1_257' title='bbox 371 2244 501 2311; x_wconf 83' lang='lat' dir='ltr'><strong>Quibus,·</strong></span> <span class='ocrx_word' id='word_1_258' title='bbox 533 2262 654 2315; x_wconf 86' lang='lat' dir='ltr'><strong>quorum</strong></span> <span class='ocrx_word' id='word_1_259' title='bbox 680 2246 823 2298; x_wconf 72' lang='lat' dir='ltr'><strong>instructu.</strong></span> <span class='ocrx_word' id='word_1_260' title='bbox 848 2274 881 2286; x_wconf 92' lang='lat'><strong>-·</strong></span> <span class='ocrx_word' id='word_1_261' title='bbox 924 2252 987 2305; x_wconf 72' lang='lat'><strong>403.</strong></span> <span class='ocrx_word' id='word_1_262' title='bbox 1010 2247 1094 2300; x_wconf 74' lang='lat' dir='ltr'><strong>Ferre</strong></span> 
     </span>
     <span class='ocr_line' id='line_1_29' title="bbox 53 2315 1095 2384; baseline 0.006 -22"><span class='ocrx_word' id='word_1_263' title='bbox 53 2331 188 2378; x_wconf 85' lang='lat' dir='ltr'><strong>monum,·</strong></span> <span class='ocrx_word' id='word_1_264' title='bbox 207 2315 384 2366; x_wconf 81' lang='lat' dir='ltr'><strong>cont&#39;endere.</strong></span> <span class='ocrx_word' id='word_1_265' title='bbox 418 2315 492 2365; x_wconf 90' lang='lat' dir='ltr'><strong>Nam</strong></span> <span class='ocrx_word' id='word_1_266' title='bbox 505 2323 623 2383; x_wconf 85' lang='lat' dir='ltr'><strong>utraque</strong></span> <span class='ocrx_word' id='word_1_267' title='bbox 637 2324 763 2367; x_wconf 84' lang='lat' dir='ltr'><strong>armatur</strong></span> <span class='ocrx_word' id='word_1_268' title='bbox 776 2332 883 2367; x_wconf 88' lang='lat' dir='ltr'><strong>manus.</strong></span> <span class='ocrx_word' id='word_1_269' title='bbox 918 2317 964 2384; x_wconf 84' lang='lat' dir='ltr'><strong>[Er</strong></span> <span class='ocrx_word' id='word_1_270' title='bbox 977 2334 1095 2368; x_wconf 82' lang='lat' dir='ltr'><strong>manum</strong></span> 
     </span>
     <span class='ocr_line' id='line_1_30' title="bbox 51 2381 1093 2453; baseline 0.006 -22"><span class='ocrx_word' id='word_1_271' title='bbox 51 2396 105 2453; x_wconf 88' lang='lat' dir='ltr'><strong>pro</strong></span> <span class='ocrx_word' id='word_1_272' title='bbox 126 2381 251 2446; x_wconf 72' lang='lat' dir='ltr'><strong>monus]</strong></span> <span class='ocrx_word' id='word_1_273' title='bbox 285 2383 432 2433; x_wconf 78' lang='lat' dir='ltr'><strong>Intendere</strong></span> <span class='ocrx_word' id='word_1_274' title='bbox 449 2383 566 2434; x_wconf 79' lang='lat' dir='ltr'><strong>brachio</strong></span> <span class='ocrx_word' id='word_1_275' title='bbox 586 2396 678 2451; x_wconf 57' lang='lat' dir='ltr'><strong>tergm</strong></span> <span class='ocrx_word' id='word_1_276' title='bbox 701 2383 803 2452; x_wconf 82' lang='lat' dir='ltr'><strong>ligare:</strong></span> <span class='ocrx_word' id='word_1_277' title='bbox 828 2392 858 2434; x_wconf 81' lang='lat' dir='ltr'><strong>ut</strong></span> <span class='ocrx_word' id='word_1_278' title='bbox 874 2389 916 2451; x_wconf 78' lang='grc'><strong>(4,</strong></span> <span class='ocrx_word' id='word_1_279' title='bbox 935 2385 1021 2449; x_wconf 69' lang='lat' dir='ltr'><strong>5sii.):</strong></span> <span class='ocrx_word' id='word_1_280' title='bbox 1044 2386 1093 2437; x_wconf 80' lang='lat' dir='ltr'><strong>Iu·</strong></span> 
     </span>
     <span class='ocr_line' id='line_1_31' title="bbox 17 2446 1096 2524; baseline 0.006 -24"><span class='ocrx_word' id='word_1_281' title='bbox 17 2485 21 2490; x_wconf 91' lang='lat'><em>-</em></span> <span class='ocrx_word' id='word_1_282' title='bbox 52 2446 197 2518; x_wconf 78' lang='lat' dir='ltr'><strong>tenditqur</strong></span> <span class='ocrx_word' id='word_1_283' title='bbox 223 2451 316 2505; x_wconf 73' lang='lat' dir='ltr'><strong>losum</strong></span> <span class='ocrx_word' id='word_1_284' title='bbox 342 2453 433 2502; x_wconf 79' lang='lat' dir='ltr'><strong>sertis.</strong></span> <span class='ocrx_word' id='word_1_285' title='bbox 451 2479 487 2488; x_wconf 94' lang='lat'><em>-</em></span> <span class='ocrx_word' id='word_1_286' title='bbox 521 2456 583 2509; x_wconf 76' lang='grc'><strong>404.</strong></span> <span class='ocrx_word' id='word_1_287' title='bbox 608 2453 705 2503; x_wconf 81' lang='lat' dir='ltr'><strong>Animi</strong></span> <span class='ocrx_word' id='word_1_288' title='bbox 730 2465 890 2516; x_wconf 83' lang='lat' dir='ltr'><strong>tantorum,·</strong></span> <span class='ocrx_word' id='word_1_289' title='bbox 915 2453 977 2524; x_wconf 81' lang='lat' dir='ltr'><strong>[hic</strong></span> <span class='ocrx_word' id='word_1_290' title='bbox 1000 2453 1096 2509; x_wconf 79' lang='lat' dir='ltr'><strong>distin-</strong></span> 
     </span>
     <span class='ocr_line' id='line_1_32' title="bbox 55 2519 1096 2590; baseline 0.004 -20"><span class='ocrx_word' id='word_1_291' title='bbox 55 2520 200 2589; x_wconf 81' lang='lat' dir='ltr'><strong>guendum</strong></span> <span class='ocrx_word' id='word_1_292' title='bbox 218 2519 291 2584; x_wconf 85' lang='lat' dir='ltr'><strong>est,]</strong></span> <span class='ocrx_word' id='word_1_293' title='bbox 307 2521 361 2573; x_wconf 90' lang='lat' dir='ltr'><strong>hoc</strong></span> <span class='ocrx_word' id='word_1_294' title='bbox 379 2526 421 2570; x_wconf 85' lang='lat' dir='ltr'><strong>est</strong></span> <span class='ocrx_word' id='word_1_295' title='bbox 437 2519 560 2572; x_wconf 88' lang='lat' dir='ltr'><strong>virorum</strong></span> <span class='ocrx_word' id='word_1_296' title='bbox 577 2521 709 2586; x_wconf 84' lang='lat' dir='ltr'><strong>fortium,</strong></span> <span class='ocrx_word' id='word_1_297' title='bbox 726 2523 804 2589; x_wconf 86' lang='lat' dir='ltr'><strong>[quos</strong></span> <span class='ocrx_word' id='word_1_298' title='bbox 821 2536 942 2590; x_wconf 75' lang='lat' dir='ltr'><strong>aequum</strong></span> <span class='ocrx_word' id='word_1_299' title='bbox 959 2539 1016 2573; x_wconf 84' lang='lat' dir='ltr'><strong>non</strong></span> <span class='ocrx_word' id='word_1_300' title='bbox 1034 2530 1096 2576; x_wconf 84' lang='lat' dir='ltr'><strong>erat</strong></span> 
     </span>
     <span class='ocr_line' id='line_1_33' title="bbox 54 2586 1094 2657; baseline 0.006 -19"><span class='ocrx_word' id='word_1_301' title='bbox 54 2603 162 2655; x_wconf 80' lang='lat' dir='ltr'><strong>magna</strong></span> <span class='ocrx_word' id='word_1_302' title='bbox 179 2586 300 2652; x_wconf 75' lang='lat' dir='ltr'><strong>mirari]</strong></span> <span class='ocrx_word' id='word_1_303' title='bbox 333 2589 411 2640; x_wconf 89' lang='lat' dir='ltr'><strong>Unde</strong></span> <span class='ocrx_word' id='word_1_304' title='bbox 436 2588 550 2640; x_wconf 75' lang='lat' dir='ltr'><strong>addidit.</strong></span> <span class='ocrx_word' id='word_1_305' title='bbox 584 2589 653 2640; x_wconf 83' lang='lat' dir='ltr'><strong>Ante</strong></span> <span class='ocrx_word' id='word_1_306' title='bbox 678 2608 774 2640; x_wconf 83' lang='lat' dir='ltr'><strong>omnes</strong></span> <span class='ocrx_word' id='word_1_307' title='bbox 800 2603 890 2657; x_wconf 81' lang='lat' dir='ltr'><strong>stupet</strong></span> <span class='ocrx_word' id='word_1_308' title='bbox 915 2594 973 2656; x_wconf 81' lang='lat' dir='ltr'><strong>ipsc</strong></span> <span class='ocrx_word' id='word_1_309' title='bbox 992 2591 1094 2644; x_wconf 81' lang='lat' dir='ltr'><strong>Dares.</strong></span> 
     </span>
     <span class='ocr_line' id='line_1_34' title="bbox 52 2656 1094 2726; baseline 0.004 -20"><span class='ocrx_word' id='word_1_310' title='bbox 52 2656 128 2708; x_wconf 77' lang='lat' dir='ltr'><strong>Num</strong></span> <span class='ocrx_word' id='word_1_311' title='bbox 144 2656 261 2706; x_wconf 89' lang='lat' dir='ltr'><strong>stultum</strong></span> <span class='ocrx_word' id='word_1_312' title='bbox 279 2664 320 2707; x_wconf 87' lang='lat' dir='ltr'><strong>est</strong></span> <span class='ocrx_word' id='word_1_313' title='bbox 337 2657 431 2710; x_wconf 85' lang='lat' dir='ltr'><strong>dicere</strong></span> <span class='ocrx_word' id='word_1_314' title='bbox 446 2665 590 2710; x_wconf 85' lang='lat' dir='ltr'><strong>tantorum</strong></span> <span class='ocrx_word' id='word_1_315' title='bbox 608 2659 692 2709; x_wconf 87' lang='lat' dir='ltr'><strong>boum</strong></span> <span class='ocrx_word' id='word_1_316' title='bbox 703 2676 792 2708; x_wconf 65' lang='lat' dir='ltr'><strong>rcum</strong></span> <span class='ocrx_word' id='word_1_317' title='bbox 809 2658 908 2711; x_wconf 82' lang='lat' dir='ltr'><strong>dixerit</strong></span> <span class='ocrx_word' id='word_1_318' title='bbox 925 2667 1039 2726; x_wconf 82' lang='lat' dir='ltr'><strong>septem.</strong></span> <span class='ocrx_word' id='word_1_319' title='bbox 1059 2688 1094 2700; x_wconf 89' lang='lat'><strong>·-</strong></span> 
     </span>
     <span class='ocr_line' id='line_1_35' title="bbox 52 2723 1092 2795; baseline 0.008 -23"><span class='ocrx_word' id='word_1_320' title='bbox 52 2729 118 2783; x_wconf 80' lang='lat'><strong>406.</strong></span> <span class='ocrx_word' id='word_1_321' title='bbox 135 2723 302 2792; x_wconf 76' lang='lat' dir='ltr'><strong>Longequc3</strong></span> <span class='ocrx_word' id='word_1_322' title='bbox 332 2725 423 2777; x_wconf 87' lang='lat' dir='ltr'><strong>valde:</strong></span> <span class='ocrx_word' id='word_1_323' title='bbox 446 2733 478 2776; x_wconf 87' lang='lat' dir='ltr'><strong>ut</strong></span> <span class='ocrx_word' id='word_1_324' title='bbox 501 2732 551 2792; x_wconf 72' lang='lat'><strong>(1,</strong></span> <span class='ocrx_word' id='word_1_325' title='bbox 577 2727 648 2789; x_wconf 80' lang='lat'><strong>13.):</strong></span> <span class='ocrx_word' id='word_1_326' title='bbox 677 2728 867 2793; x_wconf 79' lang='lat' dir='ltr'><strong>Tiberinaque</strong></span> <span class='ocrx_word' id='word_1_327' title='bbox 891 2729 973 2795; x_wconf 80' lang='lat' dir='ltr'><strong>longe</strong></span> <span class='ocrx_word' id='word_1_328' title='bbox 999 2729 1092 2785; x_wconf 82' lang='lat' dir='ltr'><strong>Ostia.</strong></span> 
     </span>
     <span class='ocr_line' id='line_1_36' title="bbox 51 2792 1094 2864; baseline 0.006 -21"><span class='ocrx_word' id='word_1_329' title='bbox 51 2792 101 2860; x_wconf 83' lang='lat' dir='ltr'><strong>[Et</strong></span> <span class='ocrx_word' id='word_1_330' title='bbox 124 2792 265 2845; x_wconf 85' lang='lat' dir='ltr'><strong>Sallustius</strong></span> <span class='ocrx_word' id='word_1_331' title='bbox 289 2794 386 2860; x_wconf 67' lang='lat' dir='ltr'><strong>(Catil.</strong></span> <span class='ocrx_word' id='word_1_332' title='bbox 404 2793 481 2857; x_wconf 80' lang='lat'><strong>52.):</strong></span> <span class='ocrx_word' id='word_1_333' title='bbox 512 2794 609 2864; x_wconf 79' lang='lat' dir='ltr'><strong>Longe</strong></span> <span class='ocrx_word' id='word_1_334' title='bbox 634 2797 694 2847; x_wconf 84' lang='lat' dir='ltr'><strong>olio</strong></span> <span class='ocrx_word' id='word_1_335' title='bbox 721 2795 792 2846; x_wconf 77' lang='lat' dir='ltr'><strong>mili</strong></span> <span class='ocrx_word' id='word_1_336' title='bbox 817 2813 894 2847; x_wconf 77' lang='lat' dir='ltr'><strong>mans</strong></span> <span class='ocrx_word' id='word_1_337' title='bbox 918 2809 974 2862; x_wconf 82' lang='lat' dir='ltr'><strong>cst,</strong></span> <span class='ocrx_word' id='word_1_338' title='bbox 997 2796 1094 2851; x_wconf 84' lang='lat' dir='ltr'><strong>Patres</strong></span> 
     </span>
     <span class='ocr_line' id='line_1_37' title="bbox 52 2861 1145 2928; baseline 0.002 -17"><span class='ocrx_word' id='word_1_339' title='bbox 52 2861 182 2926; x_wconf 80' lang='lat' dir='ltr'><strong>Censen]</strong></span> <span class='ocrx_word' id='word_1_340' title='bbox 200 2887 234 2898; x_wconf 93' lang='lat'><strong>-·</strong></span> <span class='ocrx_word' id='word_1_341' title='bbox 275 2866 337 2918; x_wconf 73' lang='lat'><strong>408.</strong></span> <span class='ocrx_word' id='word_1_342' title='bbox 367 2862 480 2928; x_wconf 69' lang='lat' dir='ltr'><strong>Versat,</strong></span> <span class='ocrx_word' id='word_1_343' title='bbox 507 2864 676 2916; x_wconf 85' lang='lat' dir='ltr'><strong>considerat:</strong></span> <span class='ocrx_word' id='word_1_344' title='bbox 700 2872 731 2914; x_wconf 88' lang='lat' dir='ltr'><strong>ut</strong></span> <span class='ocrx_word' id='word_1_345' title='bbox 755 2864 1093 2918; x_wconf 76' lang='lat' dir='ltr'><strong>Sallustiust=Escercitum</strong></span> <span class='ocrx_word' id='word_1_346' title='bbox 1143 2906 1145 2913; x_wconf 89' lang='grc'><em>,</em></span> 
     </span>
     <span class='ocr_line' id='line_1_38' title="bbox 50 2929 1093 3000; baseline 0.008 -20"><span class='ocrx_word' id='word_1_347' title='bbox 50 2931 207 2997; x_wconf 80' lang='lat' dir='ltr'><strong>[maiorum</strong></span> <span class='ocrx_word' id='word_1_348' title='bbox 227 2929 312 2995; x_wconf 83' lang='lat' dir='ltr'><strong>more]</strong></span> <span class='ocrx_word' id='word_1_349' title='bbox 330 2943 448 2997; x_wconf 79' lang='lat' dir='ltr'><strong>vertere,</strong></span> <span class='ocrx_word' id='word_1_350' title='bbox 471 2931 536 2999; x_wconf 87' lang='lat' dir='ltr'><strong>[hoc</strong></span> <span class='ocrx_word' id='word_1_351' title='bbox 560 2940 601 2984; x_wconf 83' lang='lat' dir='ltr'><strong>est</strong></span> <span class='ocrx_word' id='word_1_352' title='bbox 617 2931 812 2997; x_wconf 70' lang='lat' dir='ltr'><strong>considerare]</strong></span> <span class='ocrx_word' id='word_1_353' title='bbox 828 2959 863 2969; x_wconf 92' lang='lat'>-</span> <span class='ocrx_word' id='word_1_354' title='bbox 897 2934 958 2988; x_wconf 73' lang='lat'><strong>409.</strong></span> <span class='ocrx_word' id='word_1_355' title='bbox 977 2932 1093 3000; x_wconf 78' lang='lat' dir='ltr'><strong>Senior3</strong></span> 
     </span>
     <span class='ocr_line' id='line_1_39' title="bbox 50 2996 1093 3072; baseline 0.006 -23"><span class='ocrx_word' id='word_1_356' title='bbox 50 2998 205 3051; x_wconf 63' lang='lat' dir='ltr'><strong>secundum</strong></span> <span class='ocrx_word' id='word_1_357' title='bbox 221 2999 378 3051; x_wconf 83' lang='lat' dir='ltr'><strong>Varronem</strong></span> <span class='ocrx_word' id='word_1_358' title='bbox 396 3002 493 3052; x_wconf 75' lang='lat' dir='ltr'><strong>sevior</strong></span> <span class='ocrx_word' id='word_1_359' title='bbox 516 3009 544 3053; x_wconf 87' lang='lat' dir='ltr'><strong>et</strong></span> <span class='ocrx_word' id='word_1_360' title='bbox 561 2996 661 3051; x_wconf 82' lang='lat' dir='ltr'><strong>iunior</strong></span> <span class='ocrx_word' id='word_1_361' title='bbox 686 3001 728 3065; x_wconf 76' lang='lat' dir='ltr'><strong>(al.</strong></span> <span class='ocrx_word' id='word_1_362' title='bbox 751 3000 893 3063; x_wconf 77' lang='lat' dir='ltr'><strong>iuvenior)</strong></span> <span class='ocrx_word' id='word_1_363' title='bbox 910 3004 1093 3072; x_wconf 81' lang='lat' dir='ltr'><strong>comparativi</strong></span> 
     </span>
     <span class='ocr_line' id='line_1_40' title="bbox 49 3067 1116 3141; baseline 0.007 -24"><span class='ocrx_word' id='word_1_364' title='bbox 49 3074 117 3119; x_wconf 87' lang='lat' dir='ltr'><strong>suut</strong></span> <span class='ocrx_word' id='word_1_365' title='bbox 133 3085 183 3138; x_wconf 87' lang='lat' dir='ltr'><strong>per</strong></span> <span class='ocrx_word' id='word_1_366' title='bbox 199 3067 426 3120; x_wconf 85' lang='lat' dir='ltr'><strong>imminutionem</strong></span> <span class='ocrx_word' id='word_1_367' title='bbox 444 3068 529 3140; x_wconf 67' lang='lat' dir='ltr'><strong>(uips.</strong></span> <span class='ocrx_word' id='word_1_368' title='bbox 547 3069 756 3129; x_wconf 65' lang='lat' dir='ltr'><strong>immutationi.</strong></span> <span class='ocrx_word' id='word_1_369' title='bbox 791 3069 863 3121; x_wconf 89' lang='lat' dir='ltr'><strong>Hinc</strong></span> <span class='ocrx_word' id='word_1_370' title='bbox 880 3078 923 3122; x_wconf 86' lang='lat' dir='ltr'><strong>est</strong></span> <span class='ocrx_word' id='word_1_371' title='bbox 946 3078 988 3136; x_wconf 82' lang='lat'><strong>(6,</strong></span> <span class='ocrx_word' id='word_1_372' title='bbox 1005 3071 1093 3134; x_wconf 67' lang='lat' dir='ltr'><strong>(io-‘iis</strong></span> <span class='ocrx_word' id='word_1_373' title='bbox 1113 3126 1116 3141; x_wconf 50' lang='grc' dir='ltr'>Ι</span> 
     </span>
     <span class='ocr_line' id='line_1_41' title="bbox 51 3135 1093 3204; baseline 0.01 -20"><span class='ocrx_word' id='word_1_374' title='bbox 51 3135 116 3186; x_wconf 86' lang='lat' dir='ltr'><strong>Iam</strong></span> <span class='ocrx_word' id='word_1_375' title='bbox 134 3138 245 3187; x_wconf 83' lang='lat' dir='ltr'><strong>senior.-</strong></span> <span class='ocrx_word' id='word_1_376' title='bbox 271 3137 422 3188; x_wconf 67' lang='lat' dir='ltr'><strong>sceterata</strong></span> <span class='ocrx_word' id='word_1_377' title='bbox 442 3139 490 3190; x_wconf 87' lang='lat' dir='ltr'><strong>deo</strong></span> <span class='ocrx_word' id='word_1_378' title='bbox 516 3140 675 3204; x_wconf 80' lang='lat' dir='ltr'><strong>viridisque</strong></span> <span class='ocrx_word' id='word_1_379' title='bbox 693 3150 827 3188; x_wconf 78' lang='lat' dir='ltr'><strong>senectus.</strong></span> <span class='ocrx_word' id='word_1_380' title='bbox 862 3138 991 3190; x_wconf 85' lang='lat' dir='ltr'><strong>Additum</strong></span> <span class='ocrx_word' id='word_1_381' title='bbox 1015 3141 1093 3194; x_wconf 81' lang='lat' dir='ltr'><strong>enim</strong></span> 
     </span>
     <span class='ocr_line' id='line_1_42' title="bbox 51 3204 1092 3275; baseline 0.005 -18"><span class='ocrx_word' id='word_1_382' title='bbox 51 3205 107 3261; x_wconf 74' lang='lat' dir='ltr'><strong>hoo</strong></span> <span class='ocrx_word' id='word_1_383' title='bbox 132 3214 174 3258; x_wconf 85' lang='lat' dir='ltr'><strong>est</strong></span> <span class='ocrx_word' id='word_1_384' title='bbox 196 3204 232 3257; x_wconf 82' lang='lat' dir='ltr'><strong>ad</strong></span> <span class='ocrx_word' id='word_1_385' title='bbox 256 3204 480 3272; x_wconf 83' lang='lat' dir='ltr'><strong>exprimendum,</strong></span> <span class='ocrx_word' id='word_1_386' title='bbox 505 3207 570 3273; x_wconf 84' lang='lat' dir='ltr'><strong>quid</strong></span> <span class='ocrx_word' id='word_1_387' title='bbox 594 3206 629 3257; x_wconf 88' lang='lat' dir='ltr'><strong>sit</strong></span> <span class='ocrx_word' id='word_1_388' title='bbox 654 3208 756 3258; x_wconf 86' lang='lat' dir='ltr'><strong>senior.</strong></span> <span class='ocrx_word' id='word_1_389' title='bbox 793 3207 864 3258; x_wconf 84' lang='lat' dir='ltr'><strong>Item</strong></span> <span class='ocrx_word' id='word_1_390' title='bbox 881 3206 993 3273; x_wconf 81' lang='lat' dir='ltr'><strong>Ovidius</strong></span> <span class='ocrx_word' id='word_1_391' title='bbox 1011 3209 1092 3275; x_wconf 84' lang='lat' dir='ltr'><strong>(Met.</strong></span> 
     </span>
     <span class='ocr_line' id='line_1_43' title="bbox 52 3272 1093 3342; baseline 0.003 -16"><span class='ocrx_word' id='word_1_392' title='bbox 52 3272 211 3338; x_wconf 56' lang='lat'><strong>125=464.):</strong></span> <span class='ocrx_word' id='word_1_393' title='bbox 234 3273 311 3323; x_wconf 80' lang='lat' dir='ltr'><strong>Inter</strong></span> <span class='ocrx_word' id='word_1_394' title='bbox 336 3276 518 3340; x_wconf 79' lang='lat' dir='ltr'><strong>iuvenemque</strong></span> <span class='ocrx_word' id='word_1_395' title='bbox 542 3292 694 3342; x_wconf 79' lang='lat' dir='ltr'><strong>senemque.</strong></span> <span class='ocrx_word' id='word_1_396' title='bbox 731 3276 768 3325; x_wconf 89' lang='lat' dir='ltr'><strong>Et</strong></span> <span class='ocrx_word' id='word_1_397' title='bbox 790 3290 822 3327; x_wconf 86' lang='lat' dir='ltr'><strong>re</strong></span> <span class='ocrx_word' id='word_1_398' title='bbox 839 3291 905 3328; x_wconf 83' lang='lat' dir='ltr'><strong>vera</strong></span> <span class='ocrx_word' id='word_1_399' title='bbox 922 3291 977 3327; x_wconf 83' lang='lat' dir='ltr'><strong>non</strong></span> <span class='ocrx_word' id='word_1_400' title='bbox 995 3293 1093 3329; x_wconf 71' lang='lat' dir='ltr'><strong>corrrc-</strong></span> 
     </span>
     <span class='ocr_line' id='line_1_44' title="bbox 52 3341 1100 3411; baseline 0.005 -17"><span class='ocrx_word' id='word_1_401' title='bbox 52 3342 111 3406; x_wconf 83' lang='lat' dir='ltr'><strong>nit,</strong></span> <span class='ocrx_word' id='word_1_402' title='bbox 134 3341 209 3394; x_wconf 88' lang='lat' dir='ltr'><strong>hunc</strong></span> <span class='ocrx_word' id='word_1_403' title='bbox 225 3343 290 3394; x_wconf 84' lang='lat' dir='ltr'><strong>satis</strong></span> <span class='ocrx_word' id='word_1_404' title='bbox 307 3359 403 3395; x_wconf 86' lang='lat' dir='ltr'><strong>senem</strong></span> <span class='ocrx_word' id='word_1_405' title='bbox 420 3343 525 3408; x_wconf 85' lang='lat' dir='ltr'><strong>accipi,</strong></span> <span class='ocrx_word' id='word_1_406' title='bbox 549 3344 597 3411; x_wconf 89' lang='lat' dir='ltr'><strong>qui</strong></span> <span class='ocrx_word' id='word_1_407' title='bbox 614 3351 641 3395; x_wconf 91' lang='lat' dir='ltr'><strong>et</strong></span> <span class='ocrx_word' id='word_1_408' title='bbox 658 3343 768 3395; x_wconf 87' lang='lat' dir='ltr'><strong>vincere</strong></span> <span class='ocrx_word' id='word_1_409' title='bbox 784 3351 889 3410; x_wconf 88' lang='lat' dir='ltr'><strong>potest,</strong></span> <span class='ocrx_word' id='word_1_410' title='bbox 913 3352 942 3395; x_wconf 87' lang='lat' dir='ltr'><strong>et</strong></span> <span class='ocrx_word' id='word_1_411' title='bbox 959 3361 1015 3396; x_wconf 88' lang='lat' dir='ltr'><strong>uno</strong></span> <span class='ocrx_word' id='word_1_412' title='bbox 1033 3342 1100 3399; x_wconf 82' lang='lat' dir='ltr'><strong>ictu</strong></span> 
     </span>
     <span class='ocr_line' id='line_1_45' title="bbox 51 3411 1092 3481; baseline 0.002 -19"><span class='ocrx_word' id='word_1_413' title='bbox 51 3423 168 3462; x_wconf 91' lang='lat' dir='ltr'><strong>taurum</strong></span> <span class='ocrx_word' id='word_1_414' title='bbox 185 3427 294 3462; x_wconf 87' lang='lat' dir='ltr'><strong>necare.</strong></span> <span class='ocrx_word' id='word_1_415' title='bbox 328 3411 404 3479; x_wconf 82' lang='lat' dir='ltr'><strong>Ergo</strong></span> <span class='ocrx_word' id='word_1_416' title='bbox 422 3413 535 3476; x_wconf 75' lang='lat' dir='ltr'><strong>senior,</strong></span> <span class='ocrx_word' id='word_1_417' title='bbox 558 3428 614 3462; x_wconf 86' lang='lat' dir='ltr'><strong>non</strong></span> <span class='ocrx_word' id='word_1_418' title='bbox 637 3413 702 3464; x_wconf 88' lang='lat' dir='ltr'><strong>satis</strong></span> <span class='ocrx_word' id='word_1_419' title='bbox 719 3428 814 3464; x_wconf 84' lang='lat' dir='ltr'><strong>senex:</strong></span> <span class='ocrx_word' id='word_1_420' title='bbox 836 3412 907 3462; x_wconf 90' lang='lat' dir='ltr'><strong>sicut</strong></span> <span class='ocrx_word' id='word_1_421' title='bbox 925 3416 1023 3466; x_wconf 85' lang='lat' dir='ltr'><strong>iunior</strong></span> <span class='ocrx_word' id='word_1_422' title='bbox 1046 3414 1092 3481; x_wconf 75' lang='lat' dir='ltr'><strong>(tl.</strong></span> 
     </span>
     <span class='ocr_line' id='line_1_46' title="bbox 53 3478 1136 3550; baseline 0.006 -19"><span class='ocrx_word' id='word_1_423' title='bbox 53 3478 220 3544; x_wconf 55' lang='lat' dir='ltr'><strong>iuvenior)</strong></span> <span class='ocrx_word' id='word_1_424' title='bbox 252 3496 308 3532; x_wconf 83' lang='lat' dir='ltr'><strong>non</strong></span> <span class='ocrx_word' id='word_1_425' title='bbox 332 3483 396 3532; x_wconf 87' lang='lat' dir='ltr'><strong>satis</strong></span> <span class='ocrx_word' id='word_1_426' title='bbox 422 3481 541 3544; x_wconf 81' lang='lat' dir='ltr'><strong>iuvenis,</strong></span> <span class='ocrx_word' id='word_1_427' title='bbox 568 3481 643 3533; x_wconf 88' lang='lat' dir='ltr'><strong>intra</strong></span> <span class='ocrx_word' id='word_1_428' title='bbox 666 3482 807 3532; x_wconf 83' lang='lat' dir='ltr'><strong>iuvenem:</strong></span> <span class='ocrx_word' id='word_1_429' title='bbox 837 3480 908 3531; x_wconf 86' lang='lat' dir='ltr'><strong>sicut</strong></span> <span class='ocrx_word' id='word_1_430' title='bbox 931 3486 1093 3550; x_wconf 75' lang='lat' dir='ltr'><strong>pauperior,</strong></span> <span class='ocrx_word' id='word_1_431' title='bbox 1123 3490 1136 3505; x_wconf 61' lang='lat'>⁵</span> 
     </span>
     <span class='ocr_line' id='line_1_47' title="bbox 51 3547 1091 3618; baseline 0.004 -15"><span class='ocrx_word' id='word_1_432' title='bbox 51 3551 128 3603; x_wconf 79' lang='lat' dir='ltr'><strong>intra</strong></span> <span class='ocrx_word' id='word_1_433' title='bbox 144 3564 306 3618; x_wconf 84' lang='lat' dir='ltr'><strong>pauperem.</strong></span> <span class='ocrx_word' id='word_1_434' title='bbox 341 3547 416 3599; x_wconf 85' lang='lat' dir='ltr'><strong>Dicit</strong></span> <span class='ocrx_word' id='word_1_435' title='bbox 433 3557 527 3600; x_wconf 89' lang='lat' dir='ltr'><strong>autem</strong></span> <span class='ocrx_word' id='word_1_436' title='bbox 546 3548 599 3598; x_wconf 79' lang='lat' dir='ltr'><strong>hoe</strong></span> <span class='ocrx_word' id='word_1_437' title='bbox 616 3551 703 3600; x_wconf 87' lang='lat' dir='ltr'><strong>Varro</strong></span> <span class='ocrx_word' id='word_1_438' title='bbox 721 3549 750 3601; x_wconf 88' lang='lat' dir='ltr'><strong>in</strong></span> <span class='ocrx_word' id='word_1_439' title='bbox 767 3549 844 3600; x_wconf 83' lang='lat' dir='ltr'><strong>libris</strong></span> <span class='ocrx_word' id='word_1_440' title='bbox 861 3550 897 3601; x_wconf 88' lang='lat' dir='ltr'><strong>ad</strong></span> <span class='ocrx_word' id='word_1_441' title='bbox 918 3551 1091 3607; x_wconf 79' lang='lat' dir='ltr'><strong>Ciceronem.</strong></span> 
     </span>
     <span class='ocr_line' id='line_1_48' title="bbox 51 3609 1092 3690; baseline 0.009 -24"><span class='ocrx_word' id='word_1_442' title='bbox 51 3644 89 3684; x_wconf 53' lang='grc' dir='ltr'><strong>-ς</strong></span> <span class='ocrx_word' id='word_1_443' title='bbox 123 3623 186 3673; x_wconf 79' lang='lat'><strong>410.</strong></span> <span class='ocrx_word' id='word_1_444' title='bbox 211 3616 329 3667; x_wconf 77' lang='lat' dir='ltr'><strong>caestus</strong></span> <span class='ocrx_word' id='word_1_445' title='bbox 353 3629 379 3667; x_wconf 79' lang='lat' dir='ltr'><strong>rt</strong></span> <span class='ocrx_word' id='word_1_446' title='bbox 404 3635 499 3680; x_wconf 83' lang='lat' dir='ltr'><strong>arma;</strong></span> <span class='ocrx_word' id='word_1_447' title='bbox 522 3609 552 3669; x_wconf 73' lang='grc' dir='ltr'><strong>’ἓν</strong></span> <span class='ocrx_word' id='word_1_448' title='bbox 576 3613 622 3671; x_wconf 69' lang='grc' dir='ltr'><strong>διὰ</strong></span> <span class='ocrx_word' id='word_1_449' title='bbox 647 3615 738 3670; x_wconf 72' lang='lat' dir='ltr'><strong>invit:</strong></span> <span class='ocrx_word' id='word_1_450' title='bbox 765 3634 859 3681; x_wconf 85' lang='lat' dir='ltr'><strong>ormo,</strong></span> <span class='ocrx_word' id='word_1_451' title='bbox 880 3619 898 3668; x_wconf 91' lang='lat' dir='ltr'><strong>i.</strong></span> <span class='ocrx_word' id='word_1_452' title='bbox 924 3637 947 3670; x_wconf 84' lang='lat' dir='ltr'><strong>e.</strong></span> <span class='ocrx_word' id='word_1_453' title='bbox 964 3635 1092 3690; x_wconf 56' lang='lat' dir='ltr'><strong>,caestuss</strong></span> 
     </span>
     <span class='ocr_line' id='line_1_49' title="bbox 50 3750 1093 3825; baseline 0.006 -20"><span class='ocrx_word' id='word_1_454' title='bbox 50 3772 139 3825; x_wconf 68' lang='lat' dir='ltr'><strong>germ.</strong></span> <span class='ocrx_word' id='word_1_455' title='bbox 166 3751 222 3803; x_wconf 78' lang='grc' dir='ltr'><strong>Ἐν.</strong></span> <span class='ocrx_word' id='word_1_456' title='bbox 242 3771 266 3820; x_wconf 75' lang='lat' dir='ltr'><strong>q.</strong></span> <span class='ocrx_word' id='word_1_457' title='bbox 294 3766 362 3805; x_wconf 84' lang='lat' dir='ltr'><strong>tuus</strong></span> <span class='ocrx_word' id='word_1_458' title='bbox 382 3772 462 3804; x_wconf 84' lang='lat' dir='ltr'><strong>orma</strong></span> <span class='ocrx_word' id='word_1_459' title='bbox 480 3774 523 3822; x_wconf 84' lang='lat' dir='ltr'><strong>g.,</strong></span> <span class='ocrx_word' id='word_1_460' title='bbox 549 3757 571 3807; x_wconf 92' lang='lat' dir='ltr'><strong>si</strong></span> <span class='ocrx_word' id='word_1_461' title='bbox 594 3757 639 3807; x_wconf 90' lang='lat' dir='ltr'><strong>isti</strong></span> <span class='ocrx_word' id='word_1_462' title='bbox 663 3750 726 3807; x_wconf 81' lang='lat' dir='ltr'><strong>suni</strong></span> <span class='ocrx_word' id='word_1_463' title='bbox 751 3762 853 3821; x_wconf 85' lang='lat' dir='ltr'><strong>cestus,</strong></span> <span class='ocrx_word' id='word_1_464' title='bbox 877 3755 975 3822; x_wconf 82' lang='lat' dir='ltr'><strong>quihus</strong></span> <span class='ocrx_word' id='word_1_465' title='bbox 993 3767 1093 3814; x_wconf 81' lang='lat' dir='ltr'><strong>contra</strong></span> 
     </span>
     <span class='ocr_line' id='line_1_50' title="bbox 52 3821 1092 3894; baseline 0.003 -17"><span class='ocrx_word' id='word_1_466' title='bbox 52 3822 203 3878; x_wconf 83' lang='lat' dir='ltr'><strong>Herculem</strong></span> <span class='ocrx_word' id='word_1_467' title='bbox 225 3821 372 3874; x_wconf 82' lang='lat' dir='ltr'><strong>dimicavit.</strong></span> <span class='ocrx_word' id='word_1_468' title='bbox 413 3821 544 3876; x_wconf 85' lang='lat' dir='ltr'><strong>Solvitur:</strong></span> <span class='ocrx_word' id='word_1_469' title='bbox 567 3826 611 3875; x_wconf 89' lang='lat' dir='ltr'><strong>isti</strong></span> <span class='ocrx_word' id='word_1_470' title='bbox 635 3832 698 3875; x_wconf 71' lang='lat' dir='ltr'><strong>scint</strong></span> <span class='ocrx_word' id='word_1_471' title='bbox 722 3823 835 3891; x_wconf 83' lang='lat' dir='ltr'><strong>quidem</strong></span> <span class='ocrx_word' id='word_1_472' title='bbox 859 3830 962 3889; x_wconf 85' lang='lat' dir='ltr'><strong>cestus,</strong></span> <span class='ocrx_word' id='word_1_473' title='bbox 992 3826 1092 3894; x_wconf 87' lang='lat' dir='ltr'><strong>quibus</strong></span> 
     </span>
     <span class='ocr_line' id='line_1_51' title="bbox 51 3890 1094 3961; baseline 0.005 -19"><span class='ocrx_word' id='word_1_474' title='bbox 51 3893 125 3960; x_wconf 63' lang='lat' dir='ltr'><strong>Epyx</strong></span> <span class='ocrx_word' id='word_1_475' title='bbox 149 3890 305 3954; x_wconf 83' lang='lat' dir='ltr'><strong>dimicavit,</strong></span> <span class='ocrx_word' id='word_1_476' title='bbox 328 3892 376 3944; x_wconf 87' lang='lat' dir='ltr'><strong>sed</strong></span> <span class='ocrx_word' id='word_1_477' title='bbox 400 3896 423 3959; x_wconf 77' lang='lat' dir='ltr'><strong>si</strong></span> <span class='ocrx_word' id='word_1_478' title='bbox 449 3893 510 3958; x_wconf 86' lang='lat' dir='ltr'><strong>quis</strong></span> <span class='ocrx_word' id='word_1_479' title='bbox 532 3893 604 3944; x_wconf 88' lang='lat' dir='ltr'><strong>illius</strong></span> <span class='ocrx_word' id='word_1_480' title='bbox 621 3894 729 3944; x_wconf 86' lang='lat' dir='ltr'><strong>vidisset</strong></span> <span class='ocrx_word' id='word_1_481' title='bbox 751 3901 853 3957; x_wconf 88' lang='lat' dir='ltr'><strong>cestus,</strong></span> <span class='ocrx_word' id='word_1_482' title='bbox 875 3890 894 3943; x_wconf 89' lang='lat' dir='ltr'><strong>i.</strong></span> <span class='ocrx_word' id='word_1_483' title='bbox 912 3910 935 3944; x_wconf 88' lang='lat' dir='ltr'><strong>e.</strong></span> <span class='ocrx_word' id='word_1_484' title='bbox 959 3895 1094 3961; x_wconf 82' lang='lat' dir='ltr'><strong>Herculis,</strong></span> 
     </span>
     <span class='ocr_line' id='line_1_52' title="bbox 53 3958 1104 4030; baseline 0.006 -19"><span class='ocrx_word' id='word_1_485' title='bbox 53 3960 154 4028; x_wconf 78' lang='lat' dir='ltr'><strong>quibus</strong></span> <span class='ocrx_word' id='word_1_486' title='bbox 171 3967 267 4012; x_wconf 86' lang='lat' dir='ltr'><strong>contra</strong></span> <span class='ocrx_word' id='word_1_487' title='bbox 282 3958 402 4027; x_wconf 83' lang='lat' dir='ltr'><strong>Erycem</strong></span> <span class='ocrx_word' id='word_1_488' title='bbox 418 3960 493 4012; x_wconf 88' lang='lat' dir='ltr'><strong>tristi</strong></span> <span class='ocrx_word' id='word_1_489' title='bbox 507 3963 699 4027; x_wconf 72' lang='lat' dir='ltr'><strong>congressione</strong></span> <span class='ocrx_word' id='word_1_490' title='bbox 713 3961 851 4028; x_wconf 81' lang='lat' dir='ltr'><strong>pugnavit.</strong></span> <span class='ocrx_word' id='word_1_491' title='bbox 891 3958 968 4025; x_wconf 72' lang='lat' dir='ltr'><strong>Quid</strong></span> <span class='ocrx_word' id='word_1_492' title='bbox 982 3965 1011 4014; x_wconf 85' lang='lat' dir='ltr'><strong>si</strong></span> <span class='ocrx_word' id='word_1_493' title='bbox 1024 3967 1104 4030; x_wconf 78' lang='lat' dir='ltr'><strong>quir,</strong></span> 
     </span>
     <span class='ocr_line' id='line_1_53' title="bbox 51 4026 1092 4107; baseline 0.003 -27"><span class='ocrx_word' id='word_1_494' title='bbox 51 4026 121 4107; x_wconf 48' lang='lat' dir='ltr'><strong>ripn</strong></span> <span class='ocrx_word' id='word_1_495' title='bbox 144 4045 231 4101; x_wconf 73' lang='lat' dir='ltr'><strong>quine</strong></span> <span class='ocrx_word' id='word_1_496' title='bbox 249 4027 316 4082; x_wconf 82' lang='lat' dir='ltr'><strong>duss</strong></span> <span class='ocrx_word' id='word_1_497' title='bbox 339 4044 384 4083; x_wconf 85' lang='lat' dir='ltr'><strong>res</strong></span> <span class='ocrx_word' id='word_1_498' title='bbox 398 4026 459 4102; x_wconf 71' lang='lat' dir='ltr'><strong>”pro</strong></span> <span class='ocrx_word' id='word_1_499' title='bbox 482 4045 537 4082; x_wconf 88' lang='lat' dir='ltr'><strong>una</strong></span> <span class='ocrx_word' id='word_1_500' title='bbox 560 4031 667 4101; x_wconf 87' lang='lat' dir='ltr'><strong>posuit,</strong></span> <span class='ocrx_word' id='word_1_501' title='bbox 689 4045 755 4082; x_wconf 89' lang='lat' dir='ltr'><strong>cum</strong></span> <span class='ocrx_word' id='word_1_502' title='bbox 777 4028 916 4085; x_wconf 79' lang='lat' dir='ltr'><strong>debuisset</strong></span> <span class='ocrx_word' id='word_1_503' title='bbox 929 4029 1026 4095; x_wconf 78' lang='lat' dir='ltr'><strong>dicero</strong></span> <span class='ocrx_word' id='word_1_504' title='bbox 1042 4039 1092 4086; x_wconf 85' lang='lat' dir='ltr'><strong>aut</strong></span> 
     </span>
    </p>
   </div>
   <div class='ocr_carea' id='block_1_5' title="bbox 0 0 1232 4500">
    <p class='ocr_par' dir='ltr' id='par_1_5' title="bbox 0 0 1232 4500">
     <span class='ocr_line' id='line_1_54' title="bbox 0 0 1232 4500; baseline 0 0"><span class='ocrx_word' id='word_1_505' title='bbox 0 0 1232 4500; x_wconf 95' lang='lat' dir='ltr'><strong> </strong></span> 
     </span>
    </p>
   </div>
   <div class='ocr_carea' id='block_1_6' title="bbox 51 3678 1195 3756">
    <p class='ocr_par' dir='ltr' id='par_1_6' title="bbox 51 3678 1195 3756">
     <span class='ocr_line' id='line_1_55' title="bbox 51 3678 1195 3756; baseline 0.007 -19"><span class='ocrx_word' id='word_1_506' title='bbox 51 3684 159 3756; x_wconf 85' lang='lat' dir='ltr'><strong>(Guelf.</strong></span> <span class='ocrx_word' id='word_1_507' title='bbox 175 3686 197 3736; x_wconf 85' lang='grc' dir='ltr'><strong>Ι.</strong></span> <span class='ocrx_word' id='word_1_508' title='bbox 214 3686 289 3738; x_wconf 62' lang='lat' dir='ltr'><strong>adde</strong></span> <span class='ocrx_word' id='word_1_509' title='bbox 306 3678 341 3735; x_wconf 76' lang='lat' dir='ltr'><strong>lit</strong></span> <span class='ocrx_word' id='word_1_510' title='bbox 357 3684 492 3737; x_wconf 86' lang='lat' dir='ltr'><strong>Herculis</strong></span> <span class='ocrx_word' id='word_1_511' title='bbox 511 3702 591 3738; x_wconf 83' lang='lat' dir='ltr'><strong>orma</strong></span> <span class='ocrx_word' id='word_1_512' title='bbox 609 3689 683 3748; x_wconf 80' lang='lat' dir='ltr'><strong>vid.;</strong></span> <span class='ocrx_word' id='word_1_513' title='bbox 702 3700 727 3737; x_wconf 81' lang='lat' dir='ltr'><strong>et</strong></span> <span class='ocrx_word' id='word_1_514' title='bbox 744 3685 894 3751; x_wconf 83' lang='lat' dir='ltr'><strong>Herculis,</strong></span> <span class='ocrx_word' id='word_1_515' title='bbox 911 3703 1006 3754; x_wconf 77' lang='lat' dir='ltr'><strong>quare,</strong></span> <span class='ocrx_word' id='word_1_516' title='bbox 1022 3687 1095 3742; x_wconf 70' lang='lat' dir='ltr'><strong>hose</strong></span> <span class='ocrx_word' id='word_1_517' title='bbox 1192 3738 1195 3745; x_wconf 95' lang='lat'><strong>.</strong></span> 
     </span>
    </p>
   </div>
  </div>
 </body>
</html>
