2454 4500
154 291 219 360 340
416 278 555 347 sautu
577 274 925 345 COMMENTARIUS

154 443 349 527 ‘Graecorum
372 458 420 529 qui
444 454 459 511 ti
481 465 525 512 stul
549 455 567 525 η’
591 456 674 525 stium,
699 456 776 513 duni
791 453 809 524 η’
827 454 992 528 ἀλεκτρυών,
1017 458 1137 527 dicunt]
1152 484 1185 500 -ν

144 540 223 593 tit.
243 532 387 595 Conspicit
404 530 556 595 ingentem5
580 529 644 596 quia
662 530 701 578 ait
718 541 800 595 supra
816 530 912 592 (293.)t
939 527 1073 595 Undique
1091 542 1185 578 tanue-

163 604 248 651 niunt
266 596 368 649 Teucri
387 599 518 663 mixtique
535 596 640 647 Sicani.
675 595 870 663 [Concursum'
884 604 992 659 autem,
1018 596 1097 646 circa
1118 594 1185 645 ludi-

163 666 230 731 cra]
247 692 282 703 -
315 670 376 721 612.
393 662 576 730 Desertosque
593 665 666 714 videt
682 676 794 730 portus3
813 680 830 713 a
846 662 909 713 viris
925 662 1040 713 scilicet.
1056 686 1092 701 ··-
1123 666 1183 718 613.

162 734 198 784 in
223 734 300 795 sola,·
325 732 443 783 deserta:
466 732 609 783 Terentius
635 732 733 796 (Andr.
751 740 783 796 2,
798 734 832 793 4,
849 732 898 787 3.);
928 729 1011 781 Venit
1038 730 1181 781 meditatus

164 802 296 853 alicunde
320 801 378 851 solo
403 801 462 851 luto
486 798 593 865 (Gueli.
608 799 629 848 1.
653 799 720 847 med.
737 802 768 848 in
785 798 845 848 sola
863 815 896 846 ee
914 799 973 849 sole
998 798 1079 861 loeo,·
1102 796 1180 849 etiam

163 868 238 937 Lips.
257 867 323 918 med.
341 885 373 918 es
392 868 450 917 solo
470 866 550 929 loeo).
585 868 666 929 Acta,·
684 873 787 916 mittato
805 882 823 929 q
840 865 870 915 iu
886 882 917 931 a,
934 882 968 916 su
986 866 1075 916 eriori
1090 880 1180 917 aecan-

164 942 225 987 tum
249 936 360 987 damus:
384 942 414 985 ut
433 930 530 999 Ἑλένη
554 932 675 995 Helena,
698 935 785 999 Κίρκη
812 932 902 983 Circa.
975 948 1027 1000 rgo
1052 932 1179 1001 quoniam

162 1010 192 1055 at
209 998 276 1067 ἔπη
293 1002 432 1054 Graecum
449 1010 504 1067 est,
526 1016 592 1053 curn
615 1014 675 1049 aeta
698 1000 777 1064 sarit,
799 999 953 1069 penultima
975 998 1082 1053 hahere
1103 998 1180 1053 dehet

162 1078 326 1122 uiuentium:
342 1070 390 1121 sed
406 1078 519 1139 propter
535 1068 718 1123 differentiam
734 1074 928 1131 commutatur,
944 1084 981 1118 ne
997 1084 1057 1119 non
1072 1074 1180 1129 meren,

166 1145 194 1189 et
217 1152 336 1189 amoena
358 1137 486 1201 litorum,
505 1138 554 1189 sed
576 1135 781 1207 participialiter
806 1146 867 1185 aeto
889 1134 1034 1201 significet.
1058 1162 1092 1173 -
1122 1140 1177 1191 615·

164 1206 350 1271 Aspectabant
371 1204 470 1271 flantes
493 1202 546 1253 heu
553 1229 563 1269 ‚-
593 1202 672 1255 multi
687 1204 791 1269 flentes
815 1202 868 1252 heu
890 1201 1075 1271 distinguunt,
1097 1208 1128 1251 ut
1146 1198 1178 1250 sit

165 1274 364 1323 miserabiliter
381 1272 499 1339 flentes:
526 1280 554 1323 et
576 1291 594 1324 a
615 1286 731 1341 persona
753 1272 859 1321 dicatur
881 1274 988 1337 potitae.
1029 1270 1082 1322 Alii
1097 1267 1146 1319 heu
1161 1284 1178 1319 a

163 1338 327 1392 mulieribus
350 1339 453 1391 dietum
475 1340 619 1408 accipiunt
635 1364 670 1375 —
703 1344 763 1395 519.
781 1337 945 1403 Faciemque
969 1339 1053 1401 deae,
1075 1348 1178 1388 uestem·

185 1424 217 1457 ue
235 1411 360 1471 προπίῃ
376 1408 431 1459 duo
447 1408 552 1459 diversa
567 1422 623 1457 uno
635 1422 761 1457 sermone
773 1405 913 1457 conclusit.
925 1432 959 1441 —
993 1410 1056 1463 620·
1068 1403 1177 1455 Ismarii

162 1425 303 1540 i)orq·oli,·
326 1474 438 1525 Thracii
455 1473 504 1540 (al.
521 1473 618 1541 Illyrii
624 1474 634 1533 )
657 1473 782 1524 lauturus
798 1472 885 1539 (codd.
904 1470 1043 1537 Tmarus,
1058 1472 1146 1525 Gueli.
1159 1468 1177 1521 l.

163 1560 283 1593 amarus
312 1546 388 1593 enim
404 1550 445 1594 est
460 1557 539 1593 mont
550 1542 684 1594 Thraciae
691 1541 794 1609 (Epiri).
826 1540 863 1590 Et
874 1539 947 1591 bene
960 1540 1098 1593 suadentis
1109 1554 1177 1591 oom-

167 1610 314 1661 mundatur
331 1611 483 1661 auctoritas.
500 1636 535 1647 -
567 1616 628 1667 622.
646 1611 685 1657 Ae
702 1614 744 1657 sia
761 1614 824 1667 etc.;
847 1609 905 1671 sis,
921 1614 970 1657 aut
984 1616 1091 1660 mutato
1106 1604 1177 1659 habi·

166 1687 212 1729 tu:
228 1686 275 1729 aut
292 1678 344 1729 ista
359 1678 471 1729 dictura.
488 1704 523 1715 -·
555 1684 617 1735 623.
635 1676 661 1727 O
679 1678 854 1738 misererem
945 1676 1032 1727 utitur
1047 1682 1107 1727 arte
1122 1690 1178 1743 per·

167 1744 314 1809 stradendi,
337 1753 368 1795 ut
389 1760 444 1796 non
468 1760 499 1797 ax
521 1746 592 1796 abru
611 1755 654 1811 to,
676 1744 749 1812 quod
771 1758 868 1812 persua
886 1760 934 1795 ere
951 1743 1007 1795 vult
1029 1743 1113 1795 dicat:
1134 1740 1177 1793 sod

166 1814 379 1864 circumstantiis
401 1812 465 1863 illue
486 1812 584 1865 descen
602 1821 640 1864 at.
659 1838 693 1850 -
735 1818 795 1868 625.
821 1810 932 1871 Eriri03
953 1826 1010 1861 non
1032 1826 1126 1879 regno.
1146 1832 1177 1848 -·
1207 1853 1211 1863 .

165 1886 229 1938 (titt
246 1878 365 1947 Septima
383 1888 447 1935 etus
469 1881 546 1947 atqui
569 1887 599 1931 et
618 1880 688 1930 Dido
712 1880 778 1930 dixit
799 1884 848 1944 (1,
864 1878 949 1939 755.);
978 1876 1054 1927 Nam
1077 1888 1101 1929 te
1124 1878 1176 1928 iam

166 1950 284 2009 septima
308 1962 399 2013 portat
421 1948 574 2015 [Omnibus
596 1958 731 1998 errantem
762 1949 844 1996 terris
868 1959 893 1996 et
906 1946 1048 2013 fliretibus
1072 1940 1177 2007 nestun]

165 2014 209 2065 De
227 2030 282 2091 qua
300 2031 330 2065 re
347 2016 459 2083 quidam
480 2014 534 2064 hoo
550 2013 656 2063 dicunt:
679 2012 751 2079 quod
769 2015 875 2064 Aeneas
896 2013 969 2080 apud
985 2012 1176 2081 Carthaginem

166 2094 260 2195 puers
276 2080 373 2131 diebus
389 2082 477 2132 inerit
512 2080 583 2130 Nam
599 2078 638 2129 ait
661 2082 703 2141 (1,
720 2077 804 2138 535.):
832 2080 901 2129 Cum
918 2082 1010 2131 subite
1028 2082 1176 2148 adsurgens

157 2156 255 2215 Jrretu
281 2148 425 2198 nimiosus
450 2146 556 2197 Orion.-
582 2148 631 2208 qui
655 2148 758 2207 oritur,
786 2154 817 2196 ut
840 2148 976 2199 sanissimi
998 2149 1077 2199 dicit.
1101 2152 1175 2198 iustu

166 2214 236 2266 solis
254 2218 356 2263 aestivi
371 2215 490 2278 pulsum.
531 2212 599 2261 ltent
624 2213 663 2261 ait
686 2216 728 2276 (it,
745 2213 814 2273 52.):
840 2216 916 2265 Dum
940 2216 1036 2283 pelago
1061 2218 1176 2266 desaevit

166 2283 253 2331 hiems
278 2294 304 2329 rt
327 2298 448 2346 aquosus
474 2278 578 2327 Orion.-
603 2287 633 2326 ut
654 2278 768 2328 hiemem
814 2300 845 2333 ro
869 2291 1033 2351 tempestate
1055 2284 1175 2363 posuerit

163 2348 317 2401 Ser-trudunt
337 2348 408 2415 spraud
425 2345 584 2411 Carthagini
608 2347 699 2413 paucis
723 2298 829 2414 imeriit
846 2352 949 2402 diebsu.
982 2351 1034 2403 bed
1056 2352 1121 2403 illud
1138 2366 1176 2400 oc·

162 2416 247 2469 currit
274 2429 317 2479 (4,
336 2415 419 2473 wad:
442 2410 525 2460 Nune
544 2412 656 2463 hiemem
676 2418 749 2464 inter
767 2434 794 2465 se
813 2420 883 2468 luxu
902 2436 983 2485 quum
1003 2420 1087 2485 longa
1100 2420 1175 2487 fove·

167 2500 202 2535 rr.
238 2482 271 2531 its
293 2482 346 2533 hoa
369 2478 478 2547 quidam
503 2480 540 2530 sic
565 2490 699 2548 pingant,
729 2490 759 2532 ut
781 2485 889 2549 disant,
911 2487 1031 2555 potuisse
1054 2488 1129 2552 fieri,
1150 2492 1176 2534 ut

166 2556 237 2603 intra
261 2552 326 2600 num
350 2556 451 2610 metas,
474 2554 502 2597 et
524 2548 559 2598 ad
582 2550 703 2600 Africam
726 2554 845 2616 venerit,
870 2562 898 2605 et
920 2555 984 2605 inde
1009 2554 1175 2623 narigaverit

163 2618 214 2671 Sed
238 2616 294 2666 istis
311 2614 429 2666 occurrit
446 2615 518 2679 quod
540 2616 570 2667 in
586 2618 676 2684 primu
694 2619 745 2671 ait:
769 2621 890 2684 Septima
908 2634 1009 2671 aestas.
1043 2623 1120 2674 Unde
1135 2638 1177 2689 ap·

163 2692 255 2761 piaret,
278 2684 349 2733 hano
373 2689 496 2731 octavam
519 2684 612 2736 fuisse:
636 2687 710 2753 quod
728 2694 755 2736 et
771 2687 806 2738 ab
824 2689 959 2741 Anchisae
975 2698 1067 2741 nrorte
1083 2691 1178 2743 indicat

164 2768 251 2809 „nnsis
273 2750 407 2815 impletus.
442 2749 515 2817 Ergo
533 2759 651 2817 constat,
674 2755 862 2822 quaestionem
885 2758 957 2809 hanc
974 2774 1060 2807 turam
1078 2759 1178 2810 esseda
1221 2802 1224 2826 r

164 2817 362 2878 insolubilibus:
381 2832 447 2883 quas
464 2834 520 2870 non
533 2820 646 2871 dubium
660 2830 700 2872 est
713 2823 927 2875 emendatunmr
938 2826 1020 2876 inisse
1032 2827 1177 2895 Virgilium.
1222 2829 1224 2836 '

165 2916 198 2931 .-
232 2892 291 2943 527.
311 2882 379 2933 Cum
404 2896 492 2935 terras
511 2904 620 2952 omnes3
645 2890 708 2956 quia
732 2901 926 2958 peragraverat
943 2894 1040 2943 multa
1057 2921 1090 2931 -
1123 2900 1178 2952 628,

166 2956 314 3018 Sideraque
332 2968 456 3001 emensae
468 2952 608 3019 ferimur3
632 2965 678 3007 aut
694 2966 867 3023 tempestates
890 2960 954 3026 [ait,
977 2977 1049 3027 qtrae
1065 2970 1129 3013 ortu
1143 2962 1179 3015 vel

164 3037 260 3083 occasu
276 3020 396 3070 siderum
413 3036 495 3086 saepe
511 3022 677 3086 nascuntur]
710 3027 762 3074 Aut
778 3025 944 3092 provincias,
961 3044 1034 3094 quae
1053 3030 1179 3081 sideribus

165 3092 315 3153 subiacent:
333 3094 363 3135 ut
380 3087 423 3151 (E.
441 3095 490 3153 10,
506 3093 575 3152 68.):
601 3091 764 3158 Aethiopum
783 3110 923 3144 versemus
941 3113 1006 3146 oves
1024 3100 1077 3148 sub
1096 3100 1179 3149 sidert

167 3157 273 3220 caneri.
317 3153 366 3204 Per
390 3172 465 3205 mare
489 3174 636 3224 magnum;
660 3160 848 3224 procellosum.
890 3162 1036 3215 Lueretius
1060 3172 1113 3231 (2,
1135 3168 1180 3231 1.):

167 3238 252 3291 Srruve
277 3225 350 3272 mari
374 3240 483 3289 magno.
502 3253 536 3263 -
569 3229 629 3282 629.
655 3226 768 3276 Italiam
792 3232 937 3295 sequimur
953 3230 1133 3299 jrtgieutern;
1154 3240 1180 3284 ut

166 3296 229 3361 alibi
246 3296 280 3357 (6,
296 3291 364 3353 61.);
382 3291 441 3340 lam
460 3294 569 3343 tandem
587 3293 687 3344 Italiae
698 3295 841 3362 fugientis
858 3300 1024 3361 prendimus
1044 3320 1118 3353 ores.
1150 3303 1181 3352 Et

166 3390 196 3429 ,ρ
212 3376 273 3415 vera
290 3359 378 3410 nullus
395 3360 531 3426 sequitur,
554 3361 605 3411 nisi
629 3363 702 3430 quod
718 3364 795 3429 fugit.
836 3365 860 3411 V
860 3368 999 3425 eleimon
1025 3386 1083 3421 non
1099 3366 1180 3437 [dixit]

170 3432 347 3497 „arrigamum
372 3427 460 3494 [quasi
483 3429 585 3479 inutilis
608 3431 643 3480 sit
667 3438 695 3479 et
717 3431 859 3497 desperata
884 3436 1022 3502 navigatio
1064 3439 1134 3488 sicut
1154 3438 1179 3487 in

169 3496 292 3563 Terentio
317 3497 401 3558 (Eun.
419 3502 450 3558 5,
467 3505 500 3560 3,
518 3498 568 3557 4.);
592 3498 703 3562 Morus,
730 3512 757 3547 ae
782 3500 855 3551 nihil
872 3478 1040 3571 promoves]
1057 3533 1091 3545 —·
1123 3511 1180 3563 636.

170 3578 220 3633 ffie
242 3562 341 3627 Erycis
365 3563 454 3629 fidem
484 3575 679 3631 argumentum
709 3582 725 3616 a
754 3568 834 3618 sarili.
878 3571 931 3637 [Et
960 3580 1002 3623 est
1033 3574 1178 3626 necessaria

168 3631 301 3705 ,utitlresis
318 3638 348 3678 ut
359 3633 563 3698 opportunitate
581 3634 728 3684 meliorum
744 3639 931 3701 praesentium
948 3640 1038 3692 animi
1055 3658 1071 3691 a
1088 3642 1179 3693 itrtrrrit

169 3702 270 3774 incertis
287 3706 450 3750 avertantur.
467 3726 500 3736 —-
535 3707 595 3759 631.
614 3699 712 3751 Muros
731 3706 832 3763 iacere;
844 3722 900 3779 pro
916 3708 1098 3761 fundamenta
1115 3710 1177 3760 ince-

168 3804 209 3843 qe,
228 3783 292 3824 nam
318 3770 391 3815 muri
416 3768 482 3816 duci
505 3768 655 3831 dicuntur]
671 3797 703 3806 -·
737 3778 797 3827 032.
824 3775 1034 3841 llequicquam3
1058 3780 1107 3845 qni
1128 3790 1175 3827 non

188 3841 322 3905 ¹¹prterunt,
339 3850 401 3882 snm
419 3843 508 3885 essent
524 3838 642 3886 sutorum
661 3838 779 3888 comites.
798 3868 830 3876 —
865 3847 925 3897 634.
943 3842 1108 3910 [Hectoreos
1124 3860 1175 3893 am.

172 3874 226 3978 L„
248 3902 476 3972 quemadmodum
494 3904 559 3953 vidit
581 3904 630 3952 sibi
655 3904 761 3972 patriae
784 3910 973 3962 recordatione
991 3914 1115 3975 tinuisse,
1135 3918 1175 3962 aut

175 4005 217 4049 m
226 3970 365 4037 coniungat
378 3969 447 4021 milri
459 3971 549 4023 videre
565 3970 700 4037 flumina]
713 4000 746 4011 —
780 3981 840 4035 535.
855 3977 1017 4044 infaustam
1036 3981 1103 4032 mali
1116 3978 1176 4031 omi·

256 4333 398 4430 Α
