2454 4500
168 268 233 332 800
271 302 273 315 ·
359 295 391 315 ‚—
423 263 560 330 smvn
582 234 927 333 conmonuemus
1017 280 1024 287 ·

166 443 296 514 Rursus,-
317 446 371 500 duo
386 448 533 520 rignilieet,
552 451 712 521 fretpnnter
733 454 849 504 iurum.-
871 456 935 507 roro
959 453 1109 521 virissim,
1130 454 1149 506 i.
1165 472 1190 508 e.

165 522 262 596 mutuo
278 517 377 585 [denuo
383 517 408 584 ,J
424 526 454 570 ut
469 519 523 571 hoc
537 519 611 572 loeo,
640 519 704 600 [Alii
718 521 772 573 hoo
787 521 855 579 loco=
865 540 966 574 rursus
982 539 1036 591 pro
1055 525 1189 575 similiter

164 591 317 657 occipiunt,
341 594 371 636 ut
391 586 438 639 eit:
460 601 527 655 ergo
551 603 602 656 ego
625 587 750 641 nmiliter
772 589 876 659 rogabo
904 606 966 656 eoo,
988 591 1062 649 oicut
1083 607 1133 643 me
1148 591 1186 643 illi

164 658 247 707 autea
262 653 443 721 regemunt]
460 682 495 717 -,-
527 655 814 724 535„Numidumque
830 669 937 726 petem3
960 658 1066 711 invidia
1088 675 1106 711 ι
1123 675 1188 726 por·

162 721 251 772 oonis:
276 733 366 788 petam
389 721 488 776 mulier
510 731 538 774 et
558 724 655 792 regino
677 725 823 791 Numidae,
844 726 863 779 i.
885 742 1020 795 exreges.
1045 753 1082 765 ···
1125 733 1185 784 536·

165 788 301 851 Martem
323 791 427 841 futuros
449 789 558 844 oeilicet
599 793 647 843 Est
669 801 763 846 autem
783 792 919 860 elocutio,
941 795 1080 861 dedignor
1104 796 1183 847 illem

166 873 282 910 rem...·—
315 863 374 914 537.
392 858 506 925 [Iliacos
530 861 619 927 igitur
641 862 743 912 classes
749 886 760 927 ,-
784 864 823 914 oio
847 862 952 927 intulit,
974 863 1054 930 quasi
1075 862 1101 915 oi
1116 862 1184 914 illud

163 941 221 979 non
236 925 334 986 iecerit
348 926 399 978 hoc
415 929 567 980 necessario
582 928 781 996 consequetur]
816 927 919 981 Ultimo
938 932 1037 994 iussa‚·
1061 931 1182 997 [ultime

163 995 326 1059 deterrima,
356 1012 390 1047 on
413 996 546 1065 superbe,
570 995 614 1062 et]
636 1004 684 1048 aut
705 997 897 1065 intelligimus,
922 999 1033 1051 Aenean
1052 998 1079 1050 ei
1103 998 1182 1049 obtu-

162 1061 224 1115 liooe
246 1062 389 1131 navigandi
412 1062 587 1129 facultatem,
609 1073 656 1137 aut
673 1064 812 1118 Teucrum
831 1069 920 1137 ἴημα.
953 1067 1017 1118 Νοη
1034 1081 1107 1134 quae
1129 1065 1193 1136 ipti-

162 1131 305 1194 iusserunt,
321 1131 366 1184 sei
382 1146 453 1198 quae
469 1132 507 1183 eis
524 1134 613 1185 alone
630 1134 701 1185 iussa
717 1141 787 1200 sunt,
804 1142 835 1184 ut
851 1134 949 1202 (237ζ)ε
965 1133 1043 1185 Noni
1063 1146 1097 1199 et,
1113 1133 1181 1187 doro

164 1216 273 1251 rumina
291 1211 338 1250 est.
369 1199 434 1332 §Alii
448 1197 561 1269 κέλευμα
576 1201 620 1266 (ul.
636 1198 789 1269 κέλευημα),
810 1202 881 1254 unde
896 1201 992 1255 iubere
1006 1222 1024 1254 e
1075 1198 1125 1265 'err
1139 1202 1181 1254 di·

161 1267 234 1320 o'itur
258 1267 367 1319 Graece.
397 1293 430 1305 -
465 1275 524 1327 538.
548 1268 676 1336 Quiane,·
698 1286 730 1323 re
752 1287 816 1322 vere
840 1271 948 1334 (Ironio
972 1270 1120 1333 antu-et
1141 1277 1183 1323 eet

161 1349 296 1404 unapars
313 1336 448 1388 orationis.
464 1362 499 1376 -
533 1343 592 1396 539.
609 1339 706 1405 [Bene3
732 1353 782 1410 pro
800 1338 935 1408 qualitetis
952 1338 1081 1391 adverbio
1098 1337 1178 1392 iutel-

161 1401 303 1471 ligendum
326 1402 383 1468 eet]
414 1403 489 1469 Stot3
513 1414 663 1476 permonet
681 1432 716 1445 ···
750 1405 925 1526 stafforde
949 1424 990 1458 me
1015 1418 1109 1457 eutem
1126 1406 1179 1475 sae

161 1470 231 1523 velit
248 1471 342 1522 sinet?
375 1471 450 1524 Ordo
468 1481 523 1538 ert,
546 1475 599 1525 Fac
615 1492 661 1527 me
679 1481 773 1526 autern
790 1491 821 1526 ve
842 1494 873 1541 e,
897 1475 957 1554 qun
973 1474 1064 1527 sinet?
1097 1474 1178 1526 ilati-

152 1538 269 1608 ‘busque
286 1541 426 1609 superbis3
444 1541 488 1595 vel
502 1542 610 1611 magnis
626 1543 745 1608 eteritis,
760 1543 803 1595 vel
818 1544 848 1594 in
865 1542 963 1611 qmbuo
977 1540 1091 1612 superbi
1106 1545 1179 1595 nori·

160 1610 255 1729 ῗᾱῖηη
269 1619 344 1674 sunt,
367 1609 420 1660 hoc
438 1611 541 1679 estqui
564 1627 609 1663 me
626 1618 702 1663 tanto
720 1617 877 1681 contemptu
894 1610 1031 1662 deserunt.
1045 1637 1083 1658 .-
1118 1614 1177 1669 541.

179 1680 280 1729 rrisam
288 1701 298 1743 ,·
317 1676 361 1729 olii
377 1677 500 1730 invisam.
534 1679 610 1746 Quae
627 1679 665 1730 oio
682 1679 821 1731 contemni
831 1686 866 1731 ret
880 1677 998 1746 relinqui
1015 1692 1178 1730 mereor.-

161 1750 222 1804 542.
241 1743 469 1809 Laomedonteoe;
494 1763 568 1798 nune
590 1745 797 1811 fraudulentae]
814 1771 848 1785 ···
881 1754 941 1804 543.
967 1744 1103 1813 Νηιιιασξ
1123 1760 1178 1798 ηοη

160 1811 301 1880 Troianoe.
333 1815 405 1864 Nem
426 1814 557 1866 iniuriose
573 1815 646 1867 ,dixit
668 1827 785 1880 nautas,
807 1814 825 1867 i.
842 1833 866 1866 e.
887 1820 1008 1881 assuetoo
1028 1813 1178 1866 laboribuo.

101 1916 105 1923 ι
161 1883 301 1948 Ovontesf
329 1882 469 1936 laetantes.
510 1883 638 1934 Abusive:
659 1899 726 1935 nem
749 1884 860 1955 proprie
891 1881 985 1932 ovetio'
1014 1889 1057 1933 est
1086 1882 1178 1933 minor

159 1950 322 2019 triumphus.
354 1951 409 2019 Qui
430 1950 505 2002 enim
529 1953 683 2003 ovationem
700 1959 837 2014 moretur,
859 1958 887 2003 et
907 1964 961 2001 uno
985 1964 1058 2016 equo
1082 1948 1178 2015 utitur,

159 2027 191 2071 et
206 2033 223 2070 e
240 2019 341 2090 plebeis
357 2019 400 2072 vel
421 2018 456 2070 ab
474 2020 609 2086 equitibus
626 2019 758 2087 Romanis
781 2018 923 2072 deducitur
947 2017 984 2069 ed
1001 2016 1178 2085 Capitolium,

159 2094 188 2138 et
205 2087 238 2140 de
258 2089 356 2138 ovibus
379 2087 526 2138 sacrificet:
551 2089 623 2139 unde
649 2095 677 2138 et
700 2089 792 2140 ovatio
816 2087 897 2139 dicte.
931 2084 986 2153 Qui
1008 2093 1104 2138 autem
1128 2086 1176 2135 tri·

160 2154 288 2222 umber,
309 2155 376 2207 albis
403 2156 478 2222 equis
502 2155 587 2206 utitur
604 2163 735 2222 quatuor,
759 2163 786 2207 et
801 2162 896 2206 senatu
911 2161 1062 2224 praeeunte
1079 2153 1110 2204 in
1126 2152 1174 2203 Ca·

157 2223 254 2292 pitolio
272 2224 304 2274 de
320 2224 405 2277 tauris
421 2222 562 2274 sacrificat.
593 2225 648 2291 [Et
671 2225 742 2285 bene
766 2224 819 2273 duo
842 2223 947 2273 diversa
969 2221 1072 2290 posuit:
1096 2219 1174 2288 Fuga

158 2299 188 2342 et
204 2304 324 2354 ovantes,
341 2300 371 2341 ut
388 2292 494 2360 gravius
511 2299 581 2342 esset
596 2308 660 2341 oum
676 2293 718 2344 his
731 2291 778 2358 qui
791 2297 901 2342 overent
917 2291 959 2340 ire
970 2289 1173 2354 lugientem.-

118 2388 122 2397 =
157 2363 219 2417 545.
237 2360 387 2425 Insequar3
409 2360 455 2410 elii
472 2359 595 2426 inferar,
612 2369 642 2409 ut
660 2363 702 2426 (1,
718 2358 804 2419 439.);
828 2359 917 2426 infert
934 2375 963 2407 se
980 2368 1074 2422 septus
1094 2357 1173 2407 nebu-

157 2425 208 2491 lo]
246 2427 314 2488 Vix5
338 2435 385 2478 aut
401 2443 479 2488 mox3
505 2428 523 2478 i.
539 2446 563 2478 e.
588 2428 668 2496 paulo
686 2435 761 2489 ante,
786 2434 816 2475 ut
840 2429 890 2493 (1,
908 2424 980 2485 34.):
1009 2425 1062 2474 Vin
1079 2442 1094 2474 ι
1113 2442 1173 2476 con·

157 2508 250 2561 spectu
276 2496 396 2563 [Siculae
420 2497 527 2545 telluris
553 2497 583 2546 in
608 2497 695 2545 ultum
724 2496 788 2543 Vela
813 2495 917 2545 dobant
941 2490 1030 2556 laeti]
1069 2493 1124 2543 Aut
1144 2509 1172 2543 ro

156 2578 221 2616 vera
237 2567 300 2629 vin,
317 2566 393 2630 (vix,
410 2563 526 2629 negre?)
545 2572 574 2613 ut
590 2564 705 2614 diximus
720 2579 801 2631 supra
818 2567 853 2629 (1,
869 2566 928 2617 361.
945 2569 974 2624 2,
989 2558 1069 2620 334).
1104 2560 1171 2610 Nam

156 2633 230 2684 nullo
252 2634 360 2684 ratione
382 2632 551 2684 dimitterent
573 2633 707 2699 patriam,
729 2631 781 2682 nisi
806 2646 851 2681 eos
875 2637 921 2678 aut
944 2629 1040 2695 odium¹
1062 2628 1171 2696 Pygma·

155 2698 235 2752 lionis
251 2701 395 2766 coegisset,
413 2708 460 2751 aut
475 2701 572 2750 timor:
596 2708 626 2748 ut
638 2706 685 2767 ’(ι,
701 2698 784 2758 361.):
810 2697 986 2748 Conveniunt
1003 2696 1108 2763 quibus
1126 2708 1170 2744 eut

157 2771 252 2820 odium
279 2770 386 2819 crudele
411 2771 541 2836 tyranni,
566 2767 628 2816 Aut·
645 2779 732 2816 metus
755 2782 818 2815 acer
842 2777 907 2816 erat.
944 2763 1047 2824 (Guelf.
1063 2765 1085 2814 Ι.
1102 2764 1169 2815 edd:

155 2838 299 2904 Quomodo
318 2839 430 2888 sidonia
449 2842 496 2886 vix
516 2853 542 2885 u.
561 2855 582 2886 r.
589 2858 597 2898 ,·
616 2834 752 2902 quomodo
769 2835 827 2896 vix,
842 2849 906 2883 cum
922 2831 995 2882 dicat
1012 2833 1086 2897 ipse:
1105 2831 1170 2883 Con·

155 2908 287 2970 veniunt,
304 2908 405 2972 quihus
423 2913 488 2968 etc.·,
512 2905 533 2953 si
552 2904 621 2954 ultro
639 2908 836 2962 convenerunt,
852 2900 989 2968 quomodo
1007 2900 1050 2949 vix
1065 2916 1096 2951 se
1112 2900 1172 2951 dicit

154 2974 308 3026 revellisse?
342 2973 471 3024 Solvitur:
494 2973 557 3040 quin
582 2973 629 3020 vix
653 2987 709 3020 non
726 2971 760 3020 ed
776 2967 963 3031 difficultatem
984 2967 1108 3031 rettulit,
1130 2967 1169 3020 oed

154 3043 190 3094 ed
207 3051 329 3112 tenipus,
352 3049 383 3092 ut
398 3044 446 3091 vix
464 3041 538 3091 dicat
553 3040 651 3102 modo,
667 3038 685 3089 i.
702 3056 725 3088 e.
744 3035 847 3102 nuper).
868 3061 898 3074 ···
934 3039 993 3091 547.
1020 3032 1100 3100 Quin
1119 3053 1169 3087 mo-

156 3130 229 3176 rere,·
255 3113 340 3178 quin,
362 3110 458 3160 immo.
492 3109 527 3158 Et
544 3107 614 3159 bene
631 3107 720 3156 omnis
737 3105 793 3156 eius
816 3101 930 3154 intentio
947 3101 1035 3153 tendit
1051 3103 1087 3154 ad
1104 3119 1169 3154 mor·

152 3176 221 3232 tem'.
255 3181 328 3229 Num
351 3178 373 3228 si
396 3192 494 3248 procos
510 3191 610 3244 rogere
633 3178 783 3240 turpe'est,
807 3171 892 3222 solam
908 3170 984 3236 sequi
1006 3169 1169 3240 impossibile

154 3257 184 3300 et
212 3249 402 3309 inhonestum,
433 3245 529 3311 Tyrios
559 3243 669 3294 trahere
696 3240 827 3302 difficile,
854 3239 911 3290 sola
940 3251 1015 3287 mors
1045 3247 1170 3309 superest.

153 3317 304 3385 [Ferroque
323 3326 410 3365 averte
430 3314 568 3377 dolorem
586 3311 638 3361 hoc
655 3309 803 3361 secundum
820 3322 867 3357 eos
883 3305 962 3368 dixit,
979 3306 1028 3372 qui
1047 3323 1112 3357 cum
1128 3306 1168 3358 eli-

154 3385 221 3452 quid
236 3385 356 3455 impulsu
372 3381 458 3435 enimi
475 3378 669 3441 constituerint,
686 3375 826 3428 voluntatis
842 3390 906 3424 suae
921 3373 1060 3424 rationem
1077 3375 1169 3426 addere

154 3461 297 3504 conentur.
331 3451 404 3519 Ergo
422 3458 450 3501 et
465 3449 511 3499 hic
528 3447 604 3514 quasi
620 3446 756 3496 rationem
773 3440 924 3506 (rationel)
941 3442 1089 3510 approbat,
1104 3439 1169 3510 quod

154 3522 249 3572 furore
265 3520 347 3586 paulo
362 3526 424 3570 ante
437 3513 612 3577 decreverat]
625 3539 658 3551 ···
692 3516 751 3570 548.
770 3512 813 3561 Tu
832 3510 965 3576 lacrymis
982 3511 1072 3560 evicta
1092 3512 1167 3569 meisi

154 3588 226 3639 bene
244 3596 333 3638 totum
356 3587 383 3637 ei
404 3587 536 3652 imputat,
559 3583 606 3634 sed
621 3597 685 3632 oum
702 3579 887 3641 excusatione,
910 3592 979 3644 quae
995 3579 1106 3631 Aeneae
1127 3593 1169 3629 nu·

155 3658 225 3727 ptius
242 3655 339 3706 suasit:
356 3655 403 3707 sed
421 3657 494 3703 vieta
512 3652 653 3719 lacrymis,
670 3656 700 3697 ut
716 3650 793 3714 (30.):
811 3647 909 3696 Sinum
928 3646 987 3696 laer
1009 3648 1064 3696 mis
1083 3647 1168 3713 imple·

155 3729 197 3775 vit
221 3726 343 3787 oborti53
365 3725 447 3772 Anno
474 3720 562 3788 refert.
605 3718 647 3768 Tu
672 3719 764 3782 prima
783 3715 940 3784 furentem3
994 3714 1100 3766 rbauus
1122 3714 1167 3765 hot

155 3791 265 3854 dividit,
279 3790 345 3861 iicet
361 3791 407 3842 alii
424 3791 551 3856 iimgent:
568 3794 596 3838 et
613 3786 681 3849 uult,
699 3786 771 3836 hune
788 3800 845 3835 esse
861 3796 981 3833 sensum:
1005 3781 1050 3831 Tu
1067 3796 1168 3850 pernu-

156 3861 228 3924 sisti,
251 3866 283 3910 ut
297 3858 447 3922 nuberem,
470 3858 538 3908 victe
555 3853 680 3922 lacrymis
704 3853 785 3904 meis:
809 3859 837 3900 tu
862 3851 944 3901 etiem
967 3863 1041 3900 nunc
1064 3866 1111 3902 me
1133 3848 1167 3900 his

157 3943 254 3980 oneras
272 3928 357 3978 melis.
391 3925 463 3977 Nam
482 3941 528 3976 me
545 3924 611 3973 olim
628 3920 801 3984 occidissem,
824 3919 875 3981 rq'si
893 3925 920 3969 te
937 3917 1064 3968 deserere
1081 3916 1168 3969 lormi-

157 3999 262 4050 darem.
275 4023 311 4034 ···
345 3997 405 4052 549.
423 3993 534 4046 obticis
552 3990 642 4053 hosti,-
661 3989 693 4042 ol
711 3986 872 4041 naturaliter
889 3985 976 4037 brevio
993 3993 1048 4049 est,
1063 3985 1132 4038 siout
1145 3988 1167 4035 et
