2454 4500
195 335 234 379 us
256 314 415 379 VIRGIL.
440 312 611 379 anunm.
634 314 714 378 ΗΒ.
737 314 792 391 Ν,
815 314 1010 385 aso-367·
1060 314 1126 381 283

89 496 123 555 sd
139 498 337 555 nauantem
353 474 532 573 profectionis
547 494 667 569 iiiurit]
681 528 713 543 ·-
748 504 810 559 355.
827 474 931 569 Queirn
944 494 1030 621 ioppe
1047 514 1126 569 repe·

88 571 147 637 tiit,
162 570 258 639 [quem
275 586 332 625 uon
350 570 386 623 ad
402 578 500 641 eaput,
521 570 580 637 sed]
598 573 632 623 ad
649 571 795 623 Ascanium
810 570 918 635 retulit,
942 576 970 622 et
1003 570 1058 622 icet
1081 584 1125 621 ea·

88 645 203 693 tutante
222 644 319 693 tamen
334 638 522 708 auioseopasit
540 647 589 693 est.
606 667 640 681 -
674 646 737 698 356.
757 639 896 706 interpres
922 638 1035 701 diuum,-
1056 636 1126 689 Her·

90 722 164 761 neas
186 707 321 777 expressit
334 708 450 761 serbsun
468 709 503 762 de
521 710 614 761 verbo.
648 706 711 777 [Sed
733 706 779 759 hic
796 708 872 759 Inter
893 724 936 758 res
958 722 1011 774 pra
1028 704 1126 759 nuntio

91 775 198 845 pontit,
222 784 252 831 et
273 794 311 831 us
327 778 401 831 torte
416 777 524 847 {ingere
540 786 699 846 putaretur,
721 776 839 829 addidit:
888 786 1127 842 essetutrumque

89 842 1126 983 trentesistesinisteritatis,tt

88 998 144 1035 nou
162 982 196 1035 its
212 983 352 1049 tenelius,
368 999 426 1037 non
462 1001 493 1036 er
510 986 642 1053 qucum,
659 985 754 1035 omnia
770 990 865 1035 tamen
882 980 953 1035 haec
970 998 1019 1053 pes
1036 988 1126 1033 uant-
1217 1030 1223 1051 ,

87 1049 225 1104 lationem
240 1050 382 1121 agimtur]
416 1002 461 1104 Ag
476 1055 536 1119 ipso
546 1077 555 1117 ,·
579 1052 598 1104 i.
616 1070 640 1104 e.
657 1065 775 1119 magno:
799 1058 829 1100 nt
844 1066 875 1101 su
895 1068 927 1103 ra
945 1048 1041 1111 (268·):
1063 1048 1126 1117 ipse

87 1120 172 1185 deum
200 1120 257 1172 riti
274 1138 317 1171 sne
334 1122 411 1173 staro
430 1123 551 1174 demittit
567 1123 686 1190 olympo.
705 1148 740 1158 -
774 1127 835 1179 357.
882 1133 1010 1197 trumpue
1028 1128 1125 1185 saput3

86 1196 136 1245 aut
151 1204 252 1245 meum
267 1196 298 1241 et
319 1197 415 1256 tuum,
438 1199 486 1241 ant
508 1190 577 1241 Iovis
600 1197 628 1243 et
644 1188 792 1241 Mercurii:
815 1197 864 1239 aut
878 1187 1014 1241 Anchisae
1037 1185 1131 1253 (cedit

88 1256 192 1319 meum)
209 1264 239 1310 et
254 1257 372 1311 Ascanii.
405 1258 469 1328 [atii
486 1258 581 1311 volunt
595 1261 704 1310 Aeneae
722 1264 751 1309 et
767 1256 876 1309 Ascanii
898 1256 1022 1325 imagine
1037 1254 1126 1307 numi·

85 1326 130 1379 ιὶι
151 1342 216 1381 etse
239 1325 404 1397 deceptum]
440 1328 548 1379 Celeres
567 1328 700 1378 mandata
725 1344 774 1393 per
796 1343 903 1389 auras,
927 1322 1020 1394 [sicJut
1042 1340 1127 1393 supra

85 1394 187 1463 (220.):
213 1392 321 1446 Celeus
346 1394 424 1463 deser
448 1414 507 1447 rasa
532 1397 608 1447 dieta
631 1413 680 1475 per
705 1412 801 1446 auras.
818 1422 853 1432 --
888 1402 950 1453 358.
967 1392 1125 1461 Manifesta

88 1466 120 1516 in
146 1463 274 1528 lumine5
298 1471 346 1516 aut
368 1464 460 1517 claro:
482 1471 532 1517 aut
555 1465 585 1517 in
608 1464 723 1529 mmbo,
746 1463 823 1515 cuius
847 1464 938 1514 maius
961 1472 1002 1515 est
1023 1462 1126 1515 lumen.

85 1532 131 1585 stc
153 1530 285 1583 Lucanus
311 1536 364 1598 (9,
387 1535 453 1595 11.):
480 1532 630 1602 Postquam
655 1550 684 1585 se
709 1533 816 1583 iumine
841 1550 905 1583 vera
931 1532 1057 1600 implevit
1081 1530 1126 1599 (ai.

88 1599 236 1663 miscuit);
260 1601 300 1667 [et
315 1600 422 1669 singula
438 1602 556 1671 legenda
572 1610 636 1653 sunt
652 1601 736 1666 haec,
752 1605 784 1651 ut
800 1600 923 1653 habeant
938 1597 1129 1667 admirationis

86 1666 278 1723 enatabilem
294 1668 398 1735 fidem]
416 1697 451 1709 -·
485 1677 546 1728 359.
564 1670 621 1721 His
639 1670 760 1721 auribus
777 1669 880 1733 hausi,
904 1668 1014 1737 accepi:
1036 1675 1065 1721 et
1086 1673 1129 1721 ott

87 1738 279 1793 Pleonasmos.
317 1736 437 1806 [Haurit
460 1739 536 1790 enim
567 1756 618 1809 pro
643 1740 762 1807 percipit
787 1736 932 1808 ponebant
952 1745 1070 1798 veteree;
1100 1743 1129 1789 et

87 1806 151 1861 ideo
254 1806 428 1874 potissimum
444 1816 523 1878 parte
549 1824 642 1861 sensus
659 1807 733 1877 perci
755 1806 814 1857 iant
835 1806 1003 1875 adiungsurt,
1026 1811 1057 1856 ut
1074 1808 1129 1872 (tt,

89 1876 157 1938 28)ss
204 1877 278 1928 imul
300 1874 352 1928 hoc
376 1879 473 1929 animo
491 1876 594 1943 hauri,
617 1884 646 1928 et
662 1823 760 1941 (6615
783 1874 912 1925 Hauriat
935 1874 1010 1926 hunc
1036 1874 1129 1927 oeulis

92 1946 104 1999 ι’
122 1962 195 1995 neren
230 1942 335 1996 Probus
353 1944 429 1998 enim
447 1947 565 2013 (autem)
582 1945 635 1997 ait:
652 1943 742 1996 Nemo
761 1943 859 1995 haurit
876 1958 978 1995 oseem.
996 1969 1031 1982 -
1066 1947 1127 2001 360.

106 2014 259 2077 reeram,
277 2013 423 2082 exagitare.
460 2012 618 2081 Quereilis3
637 2014 778 2083 querellis,
796 2012 806 2063 l
823 2012 933 2064 literam
950 2012 1035 2065 metri
1047 2024 1130 2063 eausa

90 2082 211 2146 addidit,
234 2098 304 2135 nam
321 2085 433 2151 querela
451 2083 566 2151 dicitsn,
630 2083 634 2094 '
672 2082 808 2150 querulus
825 2080 907 2145 facin
927 2080 981 2134 hoc
999 2080 1082 2132 modo
1099 2086 1130 2135 et

91 2152 222 2219 loquela,
244 2159 273 2205 et
290 2152 427 2218 suadela]
446 2177 480 2191 ··
515 2159 576 2211 351.
589 2099 714 2217 guum
738 2158 769 2201 ut
786 2154 826 2217 (5,
841 2149 929 2212 629.):
953 2151 1069 2201 Italiam
1086 2164 1129 2200 se·

91 2222 207 2290 animur
224 2219 402 2289 fugientem,
433 2223 479 2288 [et
502 2221 628 2274 oratione
655 2219 809 2286 (oratorie)
833 2218 874 2270 ihi
904 2219 993 2270 finivit
1017 2218 1066 2270 ubi
1091 2216 1141 2269 vis·

91 2288 251 2361 ugernensi
275 2290 404 2341 constitit.
427 2319 463 2329 —
497 2296 560 2349 362.
580 2290 664 2341 Talia
690 2292 841 2353 dieentern,·
864 2288 952 2353 besse,
975 2303 1033 2340 non
1056 2293 1130 2361 post·

91 2374 176 2429 quam
192 2355 280 2423 dixit]
316 2359 501 2421 Iarndudum3
526 2358 561 2410 ab
579 2358 658 2411 initio
677 2356 817 2412 orationis.
851 2356 955 2408 Aversa
963 2381 973 2421 ,-
997 2357 1017 2409 i.
1034 2375 1059 2411 e.
1076 2357 1131 2409 ira·

90 2436 133 2481 tat
155 2426 275 2497 [Aversa
293 2442 362 2494 ergo
379 2428 414 2479 ad
439 2428 564 2479 animum
587 2428 769 2480 referendum
787 2433 844 2491 est,
865 2442 933 2478 nam
956 2426 1011 2479 inci
1031 2426 1054 2477 it
1071 2440 1142 2478 etse·

90 2496 266 2550 sonnatium
289 2510 390 2546 aversa
409 2495 534 2562 tuetur,]
559 2503 589 2546 ut
609 2495 676 2565 [est]
702 2501 747 2563 (1,
764 2493 853 2561 4823:
879 2445 1035 2548 Diversi:
1050 2494 1129 2565 fisos

91 2566 190 2621 asaias
213 2581 315 2615 aversa
338 2567 454 2616 tenetes.
478 2592 514 2603 -
555 2568 616 2623 364.
643 2563 819 2617 Lurninitus
846 2568 959 2626 tacitis3
987 2579 1039 2635 pro
1070 2564 1130 2636 ipsa

90 2634 190 2689 neira:
212 2640 245 2683 ut
262 2636 306 2700 (7,
323 2633 411 2697 343-):
436 2633 620 2714 Tacitumque
639 2636 746 2688 obsedit
765 2637 852 2686 limen
870 2646 994 2698 amatae,
1019 2632 1073 2684 hoc
1091 2638 1132 2683 est

90 2701 150 2773 ipsa
164 2701 260 2757 tacita.
299 2700 428 2770 Sequitur
452 2711 548 2755 autem
569 2705 702 2772 invectio,
724 2720 795 2774 quae
817 2720 927 2773 semper
950 2709 1024 2754 statu
1046 2707 1131 2754 caret.

89 2772 208 2843 [Caram
225 2777 321 2822 erstem
335 2779 408 2822 statu
424 2772 540 2839 dicitur,
556 2774 622 2842 quia
638 2791 697 2838 res,
713 2774 812 2842 quibus
829 2773 932 2837 utitsu,
946 2778 1047 2823 carent
1063 2768 1132 2822 veri·

90 2848 156 2895 tare.
204 2838 277 2892 Sane
302 2842 401 2891 tacitis
424 2841 605 2911 partieipirun
629 2842 766 2909 passivum
789 2855 841 2912 pro
865 2840 964 2893 active.
1011 2839 1131 2909 Quidam

92 2909 190 2963 tacitis
215 2906 359 2979 epitheton
381 2913 525 2964 oculorum
550 2911 653 2963 volunt.
686 2910 739 2961 Alii
763 2910 874 2975 tacitis,
898 2907 977 2959 siccis
993 2924 1061 2978 prae
1076 2907 1133 2959 ira·

92 2974 220 3044 einata}
231 3002 266 3016 -
302 2983 363 3039 365.
380 2980 439 3032 Nec
456 2982 510 3032 tibi
529 2980 596 3029 diva
613 2997 733 3045 parens,
757 2993 815 3030 non
832 2984 873 3030 eet
895 2976 955 3029 sola
970 2976 1002 3029 in
1017 2978 1132 3029 Aenean

93 3048 206 3103 obieeta
229 3048 408 3118 vituperatio,
437 3050 484 3102 sed
509 3049 594 3102 etiarn
624 3048 655 3099 in
684 3065 714 3099 se
739 3045 910 3114 obiurgatio,
939 3045 1005 3115 quia
1028 3045 1134 3097 dixerat

92 3116 174 3239 (ἕως
207 3115 295 3171 crede
327 3120 470 3184 equidem,
503 3135 551 3168 nea
583 3135 657 3168 vana
677 3117 770 3184 fides,
800 3133 891 3183 genus
915 3131 975 3166 este
1007 3115 1131 3166 deorum.

115 3188 174 3243 nde
198 3202 274 3239 nunc
298 3186 379 3239 dicit:
416 3186 534 3239 Generis
561 3205 609 3237 nec
633 3185 792 3237 Dardanus
818 3196 926 3236 auctor.
966 3184 1021 3253 [Et
1043 3183 1134 3235 studet

92 3255 159 3311 itud
185 3255 328 3321 destruere
359 3260 409 3322 (1,
432 3256 525 3319 617.):
557 3255 637 3304 Tune
669 3256 718 3306 ille
742 3254 848 3305 Aeneas
875 3251 1132 3320 quem'Dardanio

95 3324 248 3391 Anchisae,
271 3332 299 3377 et
322 3324 493 3377 nominando
519 3323 648 3375 Venerem
673 3336 698 3374 et
716 3323 902 3386 Dardanum,
925 3330 953 3375 et
974 3327 1133 3373 maternam

95 3403 120 3447 et
156 3401 287 3447 aternam
310 3394 527 3462 generositatem
544 3390 678 3457 destruit]
694 3420 727 3430 -
764 3397 824 3450 366.
843 3389 893 3442 Per
906 3389 967 3452 ”de3
989 3397 1134 3442 amantum

96 3413 179 3517 versso
205 3463 258 3528 (al.
277 3461 368 3523 more)
387 3479 450 3513 eum
474 3461 613 3533 increpat.
646 3460 691 3512 Sic
714 3476 797 3530 supra
820 3397 916 3525 (305(11
940 3458 1134 3510 Dissimulare

96 3535 180 3585 etiam
205 3533 342 3597 sperasti,
365 3530 478 3598 perfide.
496 3559 531 3570 —
566 3537 627 3588 367.
654 3530 816 3590 Caucasus;
838 3543 918 3579 mons
942 3526 1068 3597 seythiae
1093 3527 1134 3582 in·

96 3600 143 3655 tos
164 3600 246 3653 italis.
282 3599 364 3668 [Sane
382 3600 496 3668 quidam
514 3600 632 3653 absurde
658 3606 757 3668 putant
776 3597 937 3648 Caucasum
960 3605 989 3648 et
1012 3601 1100 3667 tigres
1117 3614 1136 3650 a

124 3673 129 3683 “
153 3686 208 3722 one
225 3678 410 3732 memoratas,
434 3670 499 3737 quie
516 3686 567 3723 nec
584 3668 687 3720 Didoni
704 3665 883 3738 perturbatae
900 3664 993 3718 venire
1010 3665 1041 3719 in
1058 3682 1136 3721 men·

96 3746 151 3793 tem
178 3738 326 3789 Caucasus
372 3737 455 3802 otuit,
484 3755 535 3791 nec
560 3737 646 3806 tigres
669 3737 743 3788 iuxta
767 3751 833 3787 eum
858 3733 999 3803 cognitae,
1030 3743 1059 3788 et
1081 3734 1136 3788 hoc

96 3808 204 3877 Cyrene
223 3812 312 3875 (cogn.
330 3757 498 3874 ngsanaek
516 3823 582 3857 narn
600 3807 674 3925 <prod
691 3807 730 3856 ait
747 3806 847 3873 gersuit
867 3802 1027 3870 Caucasus,
1045 3803 1137 3859 elabo-

97 3879 164 3929 ravit
198 3876 315 3928 dicendo
346 3878 445 3943 genuit
474 3874 662 3928 incredibiius
694 3872 819 3939 (credi)
851 3872 944 3925 tacere
975 3872 1010 3925 de
1041 3880 1137 3926 monte

98 3944 242 3998 masculini
266 3946 392 4013 generis,
417 3946 465 3996 sed
489 3944 534 3994 hir
560 3944 684 3994 imitatur
710 3942 833 3993 Graecos
857 3943 954 4008 (Hom.
980 3941 1009 3993 ll.
1028 3960 1064 4023 tt,
1080 3942 1138 4002 34.)

98 4014 142 4081 qui
164 4013 256 4084 magis
284 4013 396 4080 proprie
423 4010 531 4079 literar}
556 4009 585 4065 ὃ(
609 4032 636 4065 es
659 4015 734 4064 risse
758 4005 892 4066 nituere.
928 4009 1008 4078 Quod
1032 4012 1079 4066 tue
1102 4010 1138 4063 aa

98 4082 211 4156 propria
229 4083 344 4137 nomina
360 4082 520 4149 tranauit]
554 4080 725 4151 Hyrcanum
742 4079 894 4147 Arabicae,
918 4093 985 4131 nam
1002 4078 1137 4149 Hyrcanis
