2454 4500
143 306 186 353 tu
206 232 367 355 meoli.
385 291 560 357 suumn.
581 292 662 357 LIB.
679 292 718 373 1,
740 297 933 366 res-743·
997 300 1062 366 111

57 490 80 527 n
103 480 161 526 aut
178 475 340 544 pauperiem
358 472 495 547 crepui]
509 472 623 527 Haurit.
649 467 733 526 modo
757 475 879 544 accepist
901 491 954 530 neo
971 492 1064 548 possu-

57 562 70 595 s
97 545 267 613 intelligere
292 547 377 613 bibit,
401 563 466 597 cum
488 544 542 596 hoc
565 553 708 614 sequntur:
738 543 772 593 Et
796 548 879 611 pleno
902 565 931 597 se
955 550 1063 624 ppoluit

57 629 96 665 ro.
139 613 280 682 [Pratum
299 614 420 667 bibendo
438 613 580 685 profudit]
613 613 685 664 Alibi
704 614 792 662 uidit.-
812 620 843 663 ut
860 616 958 683 (898)ε
982 615 1065 666 Hau·
1100 663 1107 672 ,

68 684 188 734 coelum
207 696 375 752 mentemque
395 687 502 750 recepit.
539 683 611 733 Alibi
629 682 757 731 audiuit:
783 690 813 731 ut
831 687 876 750 (4,
893 682 983 747 3590:
1012 685 1064 736 Vo-

57 766 132 820 sque
158 752 205 802 his
230 755 351 804 auribus
376 753 470 804 hausi.
506 751 578 802 Alibi
597 751 742 802 uulnerat:
768 759 798 800 ut
817 752 879 817 (10,
898 753 985 814 :illle
1007 753 1065 803 Ln-

57 825 70 850 ·'
90 820 196 871 lmurit
218 834 352 888 apertum.
387 823 423 873 Et
438 820 526 872 multe
544 820 597 872 elia
614 835 665 890 pro
690 818 751 869 loco
769 820 915 886 significat.
932 847 966 858 -
1000 830 1062 879 740.

57 899 85 939 st
104 890 163 940 alti
180 905 323 958 proceres3
349 905 416 959 ergo
434 898 463 942 et
478 886 562 940 Bitias
580 904 649 941 unus
666 895 707 940 est
723 888 757 938 de
771 889 953 957 proceribus.
990 891 1064 943 Nem

57 958 131 1010 oche
155 959 214 1010 sine
238 959 416 1011 similitudine
433 972 578 1025 nunquam
594 958 633 1008 lit.
668 957 740 1007 Sene
764 973 893 1023 proceres
910 957 944 1010 de
961 958 1003 1009 his
1022 967 1064 1012 est

57 1040 92 1078 se
110 1024 315 1079 nominativum
331 1027 362 1078 in
379 1040 430 1078 usu
446 1042 504 1078 non
521 1027 638 1078 hubent:
656 1033 785 1094 utsupra
804 1025 902 1091 (titum
920 1027 955 1076 Et
972 1031 1063 1079 vietor

57 1097 131 1146 tione
148 1094 264 1147 tenebat.
299 1096 372 1148 Nam
388 1112 439 1147 nec
456 1095 510 1148 hoc
524 1094 558 1146 in
576 1107 627 1146 usu
650 1093 736 1145 habet
758 1095 974 1147 nominativum:
997 1097 1064 1149 licet

73 1164 275 1234 compositione
293 1165 415 1217 dicemus
434 1167 571 1216 condicio.
609 1163 738 1215 Proceres
762 1171 855 1213 autem
880 1163 945 1216 ideo
967 1182 1064 1217 secem·

57 1232 89 1290 iri
104 1234 261 1290 Varronem
277 1234 416 1304 principes
433 1234 548 1285 civitatis
565 1228 708 1296 dicuntur,
733 1233 798 1299 quin
822 1233 949 1284 eminent
971 1234 1002 1286 in
1020 1250 1062 1300 ea,

57 1298 136 1353 utin
154 1301 286 1354 aedificiis
303 1304 398 1354 mutili
417 1302 461 1370 (al.
478 1302 600 1366 murult'3
619 1303 680 1352 Vos.
696 1300 835 1364 mutuati,
853 1309 979 1352 nostrum
996 1303 1060 1356 heb.

57 1368 112 1420 reli.
130 1370 198 1422 1.11.
215 1368 246 1422 et'
261 1371 323 1422 edit
341 1372 433 1434 Basil.)
451 1369 572 1439 quidum,
589 1370 642 1421 hoc
661 1377 715 1435 est,
727 1369 831 1438 Capita
847 1369 972 1421 trabium
990 1386 1061 1440 quse

57 1452 146 1488 oceres
163 1436 353 1491 nominantur.
390 1438 519 1495 Crinitus
537 1437 637 1506 Iopas3
656 1444 704 1490 aut
720 1454 839 1508 puerum
858 1438 996 1508 intellige:
1014 1447 1063 1491 ant

57 1502 85 1558 in
101 1504 266 1558 imitabatur
282 1504 415 1578 Apollinis
439 1510 576 1573 formum,
599 1503 676 1558 cuius
700 1507 792 1558 fueret
809 1506 895 1558 etiem
914 1509 980 1559 ortis
998 1510 1062 1561 imi·

57 1586 103 1626 or.
129 1574 294 1692 &Quocirca
317 1576 402 1646 apud'
415 1576 545 1628 Ovidium
569 1571 602 1628 de
627 1592 657 1627 se
680 1574 794 1642 loquens
819 1574 1016 1639 eit.(Metsm.
1035 1584 1063 1644 1,

57 1643 105 1703 ll:
156 1656 220 1711 tque
238 1659 335 1697 meum
358 1645 472 1696 intonsis
489 1650 572 1716 eaput
589 1648 629 1697 est
652 1638 770 1695 iuvenile
787 1642 913 1713 cupillis]
929 1671 965 1683 -
998 1650 1061 1703 741.

57 1713 128 1762 scuit
151 1728 223 1778 qnae
256 1712 399 1764 maximus
423 1714 518 1780 Atlas;
550 1727 620 1779 quoe
642 1710 793 1779 legendum
817 1719 860 1764 est
889 1724 946 1765 non
972 1728 1062 1781 quem,

71 1795 106 1847 e,
125 1798 197 1850 quae
214 1781 273 1852 ipse
291 1780 357 1848 scit,
374 1796 444 1850 quae
462 1783 520 1853 ipse
537 1781 694 1833 modulatus
713 1779 774 1845 est]
808 1780 867 1833 Nec
885 1783 961 1834 enim
978 1783 1062 1834 istum

57 1861 120 1922 uere
142 1850 250 1920 potuit,
272 1852 320 1921 qui
338 1850 454 1902 Didonis
477 1860 538 1904 eret
560 1847 740 1921 temporibus.
777 1848 837 1915 (Hic
856 1850 951 1916 Atlas,
975 1847 1062 1935 lepeti

57 1928 92 1966 tus
114 1913 144 1970 in
160 1920 255 1970 Africa
278 1928 365 1972 natus·
376 1919 484 1971 dicitur.
518 1921 569 1972 Hic
588 1921 662 1988 quod
680 1928 785 1968 unnurn
802 1916 830 1968 in
849 1924 977 1987 tempore
994 1919 1062 1974 dni·

57 1983 103 2050 tit,
124 1996 153 2039 et
170 1989 276 2058 primus
300 1990 444 2042 stellarum
461 2004 570 2053 cursus,
594 1988 636 2039 vel
660 1987 844 2052 circulorum,
869 1989 913 2040 vel
936 1989 1061 2042 siderum

57 2054 184 2123 ¹insitum,
205 2065 373 2127 naturasque
398 2057 586 2128 descripserit,
609 2055 719 2108 coeluni
738 2055 825 2106 dictus
854 2065 895 2108 est
911 2057 1059 2113 sustinere:

57 2119 87 2174 tiu
108 2130 240 2195 nepotem
263 2140 345 2177 suurn
368 2127 541 2178 Mercurium
565 2132 595 2177 et
616 2125 766 2176 Herculem
793 2124 918 2178 docuisse
944 2127 1059 2178 dicitur:

57 2190 94 2243 ele
116 2200 143 2245 et
166 2192 299 2247 Hercules
323 2195 423 2247 dicitur
441 2201 491 2246 etc.
527 2193 613 2246 Codd.
637 2193 752 2261 reliqui,
779 2193 823 2244 Ste
845 2192 872 2245 h.
898 2195 984 2247 Dan:
1012 2196 1060 2248 sed

57 2260 114 2312 uuit
128 2263 287 2314 Herculem.
320 2265 399 2316 Unde
418 2270 446 2316 et
464 2260 574 2325 dicitur)
592 2263 627 2314 ab
645 2259 754 2313 Atlante
773 2212 884 2314 coelion
901 2265 1059 2316 sustinuisse

57 2336 192 2398 neptum:
220 2340 335 2414 propter
367 2331 437 2383 coeli
467 2332 613 2383 scientiam
643 2331 781 2382 traditam.
830 2333 946 2384 Constat
976 2335 1061 2400 enim,

57 2395 168 2450 len-uem
185 2398 380 2470 plnlosophum
397 2398 490 2452 fuisse.
524 2401 560 2450 Et
577 2405 618 2451 est
633 2398 713 2463 ratio,
731 2416 782 2450 cur
798 2399 846 2450 illu
862 2402 956 2452 omnia
977 2414 1059 2454 mon-

57 2476 82 2518 ιι
102 2467 194 2521 vicisse
220 2468 334 2521 dicatur.
376 2468 447 2521 Sene
472 2468 550 2519 Atlas
575 2469 715 2521 Graecum
738 2475 791 2533 est,
821 2468 893 2519 sicut
918 2478 946 2521 et
962 2470 1060 2523 Nilus.

57 2530 96 2584 lun
110 2536 214 2590 Ennius
233 2537 315 2604 dicit,
331 2533 433 2589 Nilum
451 2537 584 2588 Melonen
602 2538 709 2589 vocari:
737 2538 877 2588 Atlantem
898 2555 959 2591 vero
979 2537 1060 2592 Tela·

57 2618 136 2655 noem.
168 2629 204 2644 -—
246 2610 308 2663 742.
341 2606 397 2656 Hic
429 2609 522 2670 canit3
555 2607 625 2657 benc
656 2604 846 2673 philosophica
876 2607 1061 2661 introducitur

57 2668 157 2725 utilene
180 2675 210 2726 in
228 2672 349 2731 convivio
375 2676 490 2742 reginae
507 2673 597 2727 sdhuc
615 2683 722 2726 cestaet
746 2683 859 2740 contro,
884 2675 957 2727 inter
974 2675 1059 2744 Nym·

57 2736 163 2810 les(ubi
180 2744 391 2797 solae‘feminee
409 2744 520 2810 erunt,)
546 2744 585 2794 uit
610 2745 655 2810 (G.
672 2748 705 2808 4,
723 2745 809 2808 346,);
839 2744 963 2796 Vulcani
980 2742 1060 2796 Mar·

57 2825 109 2881 sque
127 2811 207 2864 dolos
226 2826 250 2864 et
269 2814 364 2864 dulcia
377 2811 471 2882 furta.
507 2810 654 2863 Errantem
675 2813 772 2862 lunum
782 2833 791 2877 ,·
836 2813 885 2865 uia
902 2809 1058 2881 ἑλικοειδῆσ,

64 2894 84 2950 e.
101 2878 211 2949 obliquo
226 2881 331 2934 incedit
347 2898 445 2947 cursu,
461 2898 517 2933 non
535 2889 629 2946 recto,
651 2889 681 2931 ut
699 2881 755 2932 Sol:
780 2829 884 2934 sciicet
900 2900 936 2934 ne
954 2885 1060 2937 incidet

57 2957 197 3000 isentrum
212 2958 314 3015 terrae,
331 2960 359 3003 et
375 2954 535 3018 frequenter
549 2949 669 3020 patietur
683 2948 820 3019 eclypsim.
858 2949 969 3003 Vicinus
984 2950 1060 3006 enim

57 3017 137 3068 teius
148 3019 272 3071 circulus
289 3028 390 3071 terrae.
425 3020 553 3085 Solisque
573 3017 699 3084 littores,⁸
727 3021 804 3068 canit
827 3031 881 3087 per
899 3020 992 3072 omnia
1016 3022 1059 3074 in·

57 3082 181 3153 ligamus.
215 3086 287 3140 Sane
303 3097 411 3161 septem
428 3088 555 3140 Planetue
573 3094 649 3151 sunt,
674 3086 733 3151 Sol,
757 3087 851 3152 Luna,
876 3084 966 3155 Mers,
982 3086 1059 3142 Mer·
1084 3097 1085 3101 ’

57 3154 125 3217 ttius,
148 3154 287 3225 Iuppiter,
310 3159 416 3222 Venus,
440 3155 579 3208 Saturnus.
614 3154 667 3207 Sed
691 3156 813 3222 quinque
838 3163 867 3208 et
884 3163 980 3210 contra
997 3175 1059 3210 mo-
1133 3181 1136 3185 ·

57 3232 88 3271 un
111 3223 253 3288 feruntur,
280 3233 307 3276 et
330 3239 395 3276 curn
411 3222 523 3276 ¹mundo
547 3222 713 3293 quandoque
736 3223 893 3290 retrogredi
912 3235 989 3277 erint:
1014 3227 1060 3282 Stil

57 3306 86 3341 ero
104 3299 130 3342 et
147 3290 227 3344 Luna
251 3288 361 3362 s'emper
385 3302 482 3345 contra
499 3291 644 3344 mundum.
678 3292 742 3342 Ideo
761 3289 827 3341 dixit
844 3291 921 3344 Solis
941 3291 1059 3350 labores.

57 3356 142 3410 thorat
175 3361 252 3413 enim
283 3364 374 3414 nitens
398 3357 647 3412 contravenientis
679 3359 814 3429 sphaerae
846 3360 1056 3417 volubilitatem.

57 3440 82 3493 ec
96 3444 144 3479 nos
161 3429 245 3483 debet
260 3429 397 3482 Homerus
415 3446 541 3494 movere,
566 3433 612 3497 qul
638 3425 689 3494 uit,
713 3421 789 3495 ἥλιον
807 3421 959 3498 ἀκάμαντα.
994 3432 1058 3487 Νοιι

57 3496 96 3545 im
112 3513 177 3560 eum
194 3497 262 3559 dixit
276 3515 334 3551 non
351 3499 497 3564 laborare,
521 3497 569 3548 sed
592 3494 720 3550 laborem
744 3516 800 3549 non
818 3500 930 3553 sentire.
965 3505 1059 3568 (Amat

57 3579 86 3616 ne
109 3565 211 3634 ubique
234 3567 321 3619 solem
346 3575 374 3619 et
397 3569 493 3618 lunam
509 3566 643 3634 iungere.)
661 3595 695 3604 -
730 3572 791 3624 743.
812 3567 891 3620 Unde
909 3567 1057 3622 hominnm

59 3646 124 3697 nus,·
148 3635 170 3685 si
187 3635 312 3687 fabulam
329 3635 456 3704 respicis,
480 3653 496 3687 a
513 3635 679 3688 Prometheo
698 3634 836 3704 intellige:
859 3633 902 3690 vel
918 3657 935 3690 a
951 3639 1058 3694 Deuca·

57 3719 91 3755 ne
109 3710 138 3754 et
154 3702 259 3771 Pyrrho
278 3705 368 3772 (codd.
382 3707 475 3755 Burm.
491 3703 612 3764 Phirra).
647 3704 674 3755 Si
693 3712 786 3755 autem
804 3702 947 3758 veritatem
963 3711 1058 3778 requi-

57 3787 72 3836 ι,
94 3771 171 3823 varia
190 3781 230 3824 est
247 3772 341 3854 opinio
385 3771 602 3843 hilosoplrorum.
636 3772 691 3824 Ahi
714 3773 790 3824 enim
813 3773 846 3827 de
871 3774 989 3829 humore
1007 3779 1057 3845 (di-

57 3841 108 3904 nt):
135 3839 185 3892 elii
201 3840 236 3894 de
259 3842 332 3910 igni:
357 3793 404 3894 alii
422 3840 455 3893 de
480 3844 593 3893 atomis:
619 3840 666 3892 alii
690 3842 724 3892 de
749 3852 879 3908 quattuor
904 3842 1055 3899 elementis.

57 3912 176 3974 ecudes;,
194 3924 245 3976 pro
262 3908 389 3962 omnibus
414 3911 523 3973 (Burin.
548 3909 618 3962 coni.
644 3912 836 3976 animalibus,
859 3930 879 3963 s.
901 3933 951 3980 pro
980 3934 1053 3967 omn.

59 3982 116 4041 im.)
135 3976 250 4050 posuit]
286 3979 363 4029 Unde
382 3980 469 4030 imber
475 4003 484 4042 ,·
502 3979 606 4031 scilicet
623 3979 656 4030 de
674 3979 792 4030 nubibus
810 3996 888 4050 queo,
904 3986 1055 4036 secundum

57 4048 196 4115 cittium,
211 4047 254 4100 'de
269 4055 363 4103 terrae
381 4048 448 4100 e'litu
466 4048 510 4115 (sl.
528 4046 663 4112 anitolitu)
681 4048 845 4118 nuscuntur,
867 4052 915 4120 qui
938 4053 1054 4104 nebulas
