2454 4500
213 131 247 175 ω
270 113 429 178 ernon..
448 116 622 180 eruero.
644 116 723 181 ua.
747 118 780 197 1,
800 122 994 189 ris-rra
1077 82 1136 213 aa

175 311 243 367 qna·
264 304 332 351 anta
354 300 487 351 meretrix
511 300 604 351 morat
632 312 733 370 pueros
756 296 867 363 detulit,
889 314 962 368 quae
983 312 1121 374 arreptos

33 414 37 423 .
145 364 167 419 't
197 364 292 432 (Codd.
315 372 344 418 et
365 365 458 438 steph.
482 368 575 437 ripam
597 375 685 418 umt·
702 368 757 419 Hos
775 366 916 418 Paretulus
931 369 1032 437 (Gueli.
1049 373 1069 423 Ι.
1085 372 1119 427 11.

57 494 64 499 ⁵
124 434 220 495 custus)
243 435 367 503 repperit
389 442 497 505 pastor,
520 436 597 485 cuim
620 450 687 486 uxor
712 442 772 487 erat
795 451 883 505 nuper
900 441 1032 492 meretrix
1047 441 1120 496 Acca

44 540 57 549 ,
135 503 236 556 urentia
254 504 295 569 (R,
315 502 423 555 Lerent.
444 503 535 555 Guelf.
552 505 571 554 1.
589 505 620 554 11.
638 503 711 563 Lar.)
729 521 799 572 quae
816 514 953 575 susceptos
969 509 1037 560 aluit
1051 526 1118 580 pue-

33 610 52 627 -,
102 568 153 631 us.)
183 570 218 622 Hi
235 577 329 640 postea
346 589 427 626 avum
444 589 522 623 suum
541 572 716 623 Numitorem
734 573 822 623 occiso
838 574 960 640 Amulio,
983 578 1012 628 in
1029 593 1118 645 regna

99 648 262 693 adornant:
287 641 385 708 quibus
409 642 476 692 dum
501 658 565 691 rum
589 656 638 692 avo
664 641 749 710 (Dan.
774 642 846 701 alio3
869 643 947 694 (odi.
964 644 1057 697 Burm.
1076 664 1118 712 eo,

89 704 177 763 ,Gaetu
193 709 214 758 1.
232 722 296 773 tuo;
321 709 413 765 Guelf.
430 710 463 760 ll.
487 709 574 774 parre)
598 718 745 776 angustum
762 710 847 761 Albae
870 711 1006 764 videretur
1027 714 1117 785 impe·

96 775 181 838 riun,
215 786 411 844 recesserunt,
443 785 471 829 et
502 780 616 849 raptatis
647 779 769 845 auguriis
797 778 896 829 urbem
926 782 1116 836 condiderunt.

33 888 42 895 .
85 840 139 911 ,ted
152 842 257 896 Remus
274 847 352 918 prior
369 863 416 899 ser
432 846 552 898 vultures
568 847 647 909 vidit,
669 847 774 897 Romus
795 855 888 917 postea
905 849 962 900 XII.
978 866 1050 918 spine
1072 842 1136 903 raa*

85 908 190 965 ¹bollum
205 917 317 969 creavit
351 916 384 967 In
429 931 456 965 ro
475 917 607 966 extinctus
625 923 665 967 est
681 916 799 981 Remus,
824 923 852 968 et
869 936 885 968 a
903 916 985 969 Romi
1003 919 1131 973 nomine'

33 978 43 1032 ’.
84 976 204 1047 ¹Romani
228 983 364 1054 appellati.
401 933 449 1033 ‹th
478 993 571 1034 autom
601 999 652 1053 pro
676 984 783 1050 Romo,
811 985 944 1037 Romulus
973 987 1118 1054 diceretur,

79 1046 269 1109 ‚blandimenti
294 1070 393 1120 genere
418 1052 498 1118 (Dan.
515 1053 619 1120 gratia)
636 1053 741 1103 iactum
759 1061 812 1116 est,
830 1054 902 1119 quod
919 1056 1020 1122 garrdet
1036 1056 1117 1107 dimi·

33 1116 36 1121 ’
93 1117 205 1173 radone.
243 1120 323 1187 Quod
339 1129 434 1173 autem
451 1139 467 1171 a
486 1120 563 1190 Lupa
581 1121 629 1172 alti
649 1121 753 1190 (burm.
772 1121 848 1183 aliti)
873 1123 1015 1189 dicuntur,
1037 1123 1117 1178 fabu-

73 1180 172 1241 nlosum
201 1187 367 1256 figmentum
390 1192 432 1242 e'st
455 1188 490 1240 ad
519 1189 664 1241 celandam
689 1196 832 1241 auctorum
856 1189 976 1244 Romani
1007 1192 1117 1261 generis

49 1262 53 1271 ’
76 1255 290 1325 tupitudinem.
340 1258 399 1308 Nec
429 1257 581 1321 incongrue
611 1258 706 1307 fictum
730 1266 784 1318 est3
813 1276 879 1312 uam
905 1267 933 1312 et
955 1260 1116 1313 meretrice·

92 1318 166 1391 lupos
183 1340 327 1379 vocamus:
351 1326 424 1378 uude
448 1333 475 1378 et
501 1327 663 1393 lupanario.
698 1326 735 1377 Et
758 1326 865 1378 constbt
887 1328 944 1379 hoo
958 1329 1061 1381 animal
1084 1329 1116 1380 in

76 1392 168 1455 tutela
191 1410 250 1449 esse
267 1395 374 1446 Martis.
411 1392 536 1458 (Dicitur
554 1402 647 1448 autom
664 1394 741 1463 lupus
758 1394 845 1447 Marti
869 1396 972 1449 dicatus
996 1406 1027 1447 ut
1050 1395 1117 1450 alibi

68 1460 79 1479 '¹
92 1465 126 1529 (i,
143 1461 226 1522 iliud:
243 1462 371 1515 Martius
389 1481 406 1512 (ι
425 1463 546 1523 stabulis
567 1466 661 1530 rapuit
680 1463 791 1529 lupus.)
827 1463 896 1532 (Sed
913 1467 947 1517 de
965 1465 1073 1534 origine
1089 1472 1118 1526 et

73 1529 224 1593 ,conditore
258 1530 340 1582 Urbis
371 1531 478 1587 diversa
509 1549 525 1584 a
555 1532 666 1584 diversis
696 1532 849 1583 traduntur.
890 1533 992 1585 Cliniae
1021 1534 1140 1599 referta

91 1594 245 1653 'l'elenraebi
264 1599 366 1664 filiam,
382 1599 492 1661 Romen
510 1600 632 1664 nomine,
652 1601 760 1652 Aeneae
778 1608 892 1669 nuptam
908 1604 999 1667 fuisse,
1016 1619 1049 1653 ex
1070 1618 1117 1651 cu·

62 1718 67 1723 ,
91 1663 125 1720 ius
141 1667 272 1719 vocabulo
289 1668 411 1720 Romam
436 1668 610 1738 appellatam.
626 1670 664 1699 *t*
682 1669 786 1734 (Burm.
805 1672 873 1720 Cato
896 1670 926 1720 iu
944 1665 1117 1738 Originibus)

49 1778 54 1783 .
90 1732 164 1800 dieit,
186 1735 319 1790 Latiniuu
337 1754 369 1788 ex
382 1736 458 1788 Ulixe
476 1745 504 1789 et
517 1738 597 1789 Circe
615 1737 736 1801 editum,
752 1737 786 1788 de
803 1738 916 1789 nomine
933 1737 1034 1790 sororis
1051 1754 1117 1793 suae

68 1811 209 1857 -mortuae
233 1803 344 1857 Romen
369 1805 506 1857 civitatem
530 1805 687 1879 appellasse.
728 1806 831 1857 Atteius
855 1806 965 1870 asserit,
994 1805 1116 1859 Romam

42 1884 48 1913 ί
91 1878 148 1923 ante
170 1872 318 1924 adventum
341 1874 461 1925 Evandri
487 1874 533 1924 diu
558 1874 712 1927 Valentiam
735 1874 891 1925 vocitatam.
932 1873 985 1926 Alii
1010 1893 1027 1928 a
1058 1874 1116 1929 filia

33 1906 62 2009 b:
89 1936 203 1994 Evandri
224 1942 264 1993 ita
289 1943 409 2005 dictam
432 1942 479 1997 alii
503 1960 519 1993 a
542 1942 671 2006 fatidica,
692 1958 766 2009 qliae
789 1942 965 2012 praedixisset
980 1943 1117 2008 Evandro,

33 1974 52 2079 l,
88 2005 126 2059 bis
143 2024 207 2060 eum
223 2008 324 2061 loeiso
346 2018 437 2063 oriere
454 2011 605 2063 considere.
639 2011 797 2062 Heraclides
814 2012 867 2072 ait,
889 2011 1014 2077 Romen,
1037 2011 1116 2066 nobi·

33 2080 48 2145 ξ
88 2070 138 2127 lem
154 2076 291 2147 captivam
335 2080 475 2145 roianam,
498 2079 553 2133 huc
571 2079 719 2149 appulisse,
742 2087 771 2131 et
792 2079 883 2131 taedio
901 2078 990 2131 maris'
1002 2079 1117 2133 suasim

33 2156 56 2203 ²,
88 2144 190 2209 ¹aedem,
214 2162 246 2196 ex
269 2148 346 2198 cuius
370 2150 484 2201 nomine
503 2142 606 2198 Ur'bem
624 2155 755 2198 vocatam.
790 2148 984 2201 Eratosthenes
992 2144 1118 2213 'meruit

33 2186 59 2279 b.
88 2210 191 2267 aeneae
206 2213 271 2277 filii,
287 2215 439 2269 Romulum
456 2224 600 2286 parentem
617 2215 694 2266 urbis
710 2217 803 2267 refert.
833 2217 950 2269 Naevius
967 2223 995 2269 et
1011 2216 1116 2269 Ennius
1180 2258 1183 2263 .

43 2318 54 2331 ..
87 2279 190 2335 Aeneae
220 2298 251 2334 ex
280 2284 339 2335 iilia
368 2293 498 2354 nepotem
522 2283 674 2337 Romulum
698 2284 871 2335 conditorem
895 2283 971 2335 urbis
995 2285 1116 2335 tradunt.

87 2344 182 2418 Sibylla
198 2349 237 2402 ita
254 2352 336 2403 dicit:
360 2349 511 2420 Ῥωμαῖοι,
528 2349 638 2418 Ῥώμου
655 2348 770 2413 aaziae.)
806 2352 935 2420 Regino5
958 2353 1033 2421 regis
1056 2352 1114 2404 filla'

87 2416 193 2471 abusive
219 2420 258 2469 ait
274 2436 354 2473 more
371 2418 488 2492 poetico.
523 2422 560 2471 Ut
576 2420 642 2473 alibi
668 2427 717 2485 (6,
735 2418 810 2482 fiii->z
833 2422 973 2489 Magnum
1000 2424 1115 2489 reginae

88 2487 224 2539 sedenim
244 2492 394 2541 miseratus
413 2507 550 2554 amorem,
566 2490 583 2541 i.
603 2507 626 2542 e.
644 2490 719 2557 regis
736 2490 808 2540 tiliae
824 2489 978 2559 Pasiphaes.
1008 2490 1113 2557 (Burm.

86 2550 189 2621 legend.
218 2557 309 2626 potius
339 2568 445 2611 censet:
478 2561 552 2624 regis
578 2560 669 2609 uxori
710 2557 752 2609 Al.
783 2573 834 2629 pro
860 2558 921 2610 Pas.
947 2556 1115 2617 Ariadnes.)

33 2622 44 2673 ⁵.
63 2660 66 2669 .
87 2622 243 2691 (Sacerdos,
271 2626 337 2693 quia
362 2627 397 2680 ab
421 2627 529 2679 Aunrlio
553 2627 650 2678 Vestae
675 2625 750 2695 virgo
775 2643 833 2680 esse
855 2628 927 2680 iussa
951 2634 1005 2689 est,
1028 2644 1064 2679 ne
1088 2624 1116 2677 ei

33 2652 45 2767 l
85 2698 195 2765 propter
213 2688 349 2749 edendam
366 2696 490 2748 sobolem
506 2696 620 2746 familias
634 2701 703 2745 esset
719 2695 777 2747 viro
794 2694 934 2762 iungi.)-·
952 2692 1116 2753 274Morts

86 2762 198 2831 grauisf
215 2763 335 2828 gravida.
368 2764 406 2817 Ut
429 2765 468 2831 (E.
489 2770 518 2826 1,
536 2761 604 2824 50.):
629 2760 695 2813 Non
720 2764 831 2813 insueta
850 2766 948 2832 gravis
966 2763 1125 2815 tentabunt·

49 2870 53 2877 .
105 2830 190 2881 adulo
202 2832 289 2899 fetas.
307 2858 343 2871 ·-
377 2841 438 2890 275.
455 2833 539 2893 Inde,·
558 2832 630 2899 [post
636 2867 644 2895 ‚
660 2828 712 2895 vel]
730 2831 828 2882 deiude
846 2832 898 2903 [vel
914 2840 994 2895 tunc,
1018 2830 1114 2886 adver·

85 2846 161 2953 bium
184 2900 239 2950 loci
256 2916 308 2969 pro
324 2898 476 2973 temporis]
511 2899 601 2951 Fulvo
619 2902 753 2966 tegmine3
778 2900 795 2950 i.
814 2917 836 2953 e.
854 2900 923 2969 pelle
940 2901 1035 2973 lupae,
1059 2914 1115 2966 qut
1177 2939 1182 2959 ,

43 3030 46 3035 ¹
87 2966 213 3022 utebatur
229 2984 309 3019 more
332 2977 480 3041 pastorrun.
514 2969 566 3020 Sed
583 2969 635 3020 hoc
653 2967 733 3019 multi
750 2968 969 3037 reprehendunt,
991 2982 1041 3017 cur
1063 2982 1115 3020 me

85 3035 158 3095 trieis
174 3037 300 3103 tegmine
318 3052 380 3089 usus
397 3036 445 3102 sit,
470 3037 517 3104 qui
534 3037 645 3102 gemina
661 3035 770 3089 ratione
786 3038 955 3089 refutantur:
978 3034 1019 3086 vel
1041 3034 1115 3090 falst-

87 3103 283 3169 aetatulae,
306 3104 348 3155 vel
364 3105 488 3175 exemplo
505 3105 588 3169 Ion's,
611 3105 658 3172 qui
675 3120 776 3172 caprae
800 3105 914 3157 nutricis
931 3106 1007 3172 [sarae
1022 3101 1113 3157 Amal·

82 3170 176 3236 ¹tlreue]
197 3173 284 3227 utitur
307 3172 378 3243 pelle
401 3175 483 3243 (unde
507 3173 614 3227 Graece
637 3168 768 3241 Αἰγιαλός
789 3173 949 3241 appellatum
983 3170 1053 3223 Sane
1076 3180 1113 3225 tt·

33 3230 37 3299 ,ἶ
104 3244 177 3296 mine
195 3241 277 3295 multi
293 3242 404 3310 antique
422 3243 526 3293 dictum
549 3248 686 3304 asserunt,
709 3242 774 3308 quia
791 3252 978 3306 tegumentum
996 3238 1050 3295 dici
1065 3236 1115 3290 de·

33 3358 41 3369 ,
67 3259 152 3364 ‘bere
175 3309 343 3373 affirmant)
377 3309 516 3380 [Laetus3
541 3309 639 3360 virtute
664 3307 772 3373 alacer]
797 3310 893 3375 (Fabr.
914 3307 1020 3370 alacri)
1046 3306 1114 3375 (Vel

86 3380 146 3447 quia
171 3393 222 3429 avo
246 3395 366 3447 regnum
386 3379 558 3438 reddiderat3
589 3377 632 3430 vel
662 3378 726 3446 quia
742 3378 800 3449 ipse
825 3395 924 3428 novam
952 3377 1052 3428 urbem
1082 3381 1111 3428 et

86 3462 186 3503 novum
204 3447 342 3503 condebat
358 3446 526 3517 imperium.)
544 3471 579 3482 -
612 3453 672 3503 276.
702 3446 857 3511 Romulus5
875 3446 945 3501 bene
961 3442 1113 3500 Romulum

85 3516 173 3569 solum
196 3515 249 3581 ait,
275 3516 447 3568 dissimulans
471 3517 505 3566 de
528 3514 684 3585 parricidio.
729 3515 856 3583 Excipiet
878 3527 1002 3583 genrem5
1027 3512 1111 3579 (bena

85 3584 169 3648 dixit)
205 3584 294 3639 Remo
311 3583 415 3638 scilicet
430 3585 610 3653 interempto,
627 3592 689 3653 post
705 3586 782 3634 cuius
798 3591 919 3636 mortem
935 3591 1030 3636 natam
1045 3596 1112 3639 con·

33 3660 61 3693 ³¹
84 3660 136 3707 atat
165 3653 361 3729 pestilentiam.
412 3653 490 3706 Unde
514 3652 635 3706 consulta
664 3652 776 3705 oracula
797 3653 935 3717 dixermrt,
965 3649 1111 3722 placandos

83 3734 144 3777 ute
168 3730 266 3775 manes
293 3723 388 3777 statiis
411 3722 536 3786 extincti,
568 3721 604 3770 ob
627 3737 712 3790 quam
734 3737 796 3774 rem
824 3720 889 3774 aella
913 3720 1016 3783 curuli,
1045 3732 1110 3773 cum

75 3794 194 3862 -ioeptro
220 3798 248 3843 et
262 3804 383 3853 corona,
405 3797 436 3848 et
449 3789 547 3844 ceteris
569 3807 600 3844 re
641 3790 646 3800 '
670 3788 822 3854 insignibus
838 3805 947 3858 semper
962 3789 1036 3840 iuxta
1051 3802 1111 3840 san·

84 3860 207 3915 dentem
230 3857 334 3930 aliquid
351 3858 501 3913 Romulum
524 3858 575 3926 (R.
620 3856 682 3922 cm.)
706 3858 873 3931 ponebatur,
894 3862 926 3910 ut
940 3857 1044 3929 pariter
1059 3855 1111 3908 irn-
