2454 4500
15 226 17 231 '
95 255 158 331 154
196 336 200 349 ι
355 218 493 315 ἐιιιιιι
516 218 873 327 couuauruarus
902 226 918 241 ''

92 439 133 491 tia
149 437 280 491 indicant.
313 434 388 506 [Hos
412 424 539 502 seriana
563 436 611 491 alii
634 438 805 507 adservant]
821 468 860 481 -
893 446 963 503 451.
978 444 1041 497 Insa

94 511 187 559 animi
193 525 201 570 ;
224 507 271 560 hic
295 507 461 571 ostenditur,
486 524 533 559 eos
556 509 679 579 superius
703 510 854 564 defecisse:
878 513 961 580 quod
982 530 1041 584 supr

93 578 167 629 dixit.
184 604 220 615 ·-
253 578 315 632 452.
332 574 453 638 Levare3
475 576 577 629 iuvare.
616 577 745 645 Vimque3
767 578 921 633 virtutem:
944 590 977 633 ut
997 582 1041 634 sat

24 672 27 679 ·
94 647 186 711 (Catil.
205 645 257 708 l.):
279 642 331 693 Sed
356 656 452 694 nostru
472 647 565 696 omnis
590 649 634 697 vis
659 649 691 698 in
715 649 811 699 animo
832 661 859 698 ιι
875 666 995 719 corpora
1012 655 1041 702 sit

97 714 204 777 Victum
221 713 269 782 qui
285 713 479 765 vincebantur:
496 722 527 763 ut
544 719 584 780 (1,
603 716 687 778 121.):
705 716 739 767 Et
757 734 813 783 qua
832 731 933 769 vectus
951 722 1030 771 Abos.

94 794 152 850 est,
169 784 227 837 sine
243 777 368 835 vinc'endi
385 782 658 851 spe-laborantibus.)
675 813 710 823 -
743 784 932 843 453.,Limen
947 784 1020 850 'eron
1035 806 1041 838 ι

92 854 175 906 illud:
195 852 316 906 obsessis
330 852 463 920 foribus3
481 853 716 927 quemadmodum
729 854 872 921 ingressus
889 856 944 907 sit:
962 866 990 910 et
1004 857 1041 908 dit

94 925 249 991 posticum,
275 921 348 987 quod
365 920 475 987 generis
493 929 533 973 cst
555 922 662 974 neutri:
686 931 717 973 ut
732 922 863 974 Horatius
887 925 955 996 (Ep.
972 932 1003 991 1,
1019 932 1041 989 5,

5 1004 7 1013 ’
94 994 175 1042 Atrio
194 1000 350 1041 servantem
367 991 474 1056 postico
487 991 562 1059 falle
578 992 713 1047 clientem.
747 991 821 1042 Nam
834 992 858 1042 si
874 995 991 1062 generis
1008 997 1041 1046 ier

94 1059 195 1128 legeris
212 1059 337 1127 postica,
361 1058 493 1121 augurale
510 1066 564 1111 est:
588 1067 619 1108 ut
642 1062 754 1126 antica,
777 1062 896 1127 postico.
937 1061 1041 1128 Corsos,

95 1128 224 1181 omnibus
248 1135 340 1189 notae.
384 1125 458 1191 Usus
465 1151 474 1190 ‚-
499 1127 615 1179 verbum
638 1127 719 1178 iuris:
749 1128 806 1194 via,
829 1138 926 1195 amm,
949 1146 1018 1182 usus

95 1196 200 1250 Graeci
217 1191 355 1266 sisimirus
371 1194 530 1265 appellant]
547 1223 582 1233 -
615 1200 677 1254 454.
695 1197 856 1263 (Tectorum
876 1201 955 1250 inter
968 1199 1040 1250 se'Pr

95 1283 149 1334 per
173 1266 249 1333 quod
272 1266 326 1317 iter
349 1265 386 1317 ad
410 1272 557 1332 utramque
581 1265 698 1324 domum
721 1266 825 1317 Priami
850 1269 1041 1321 commeabam

94 1334 241 1406 appareat,
263 1335 330 1387 duas
355 1335 459 1385 domos
473 1335 573 1397 fuisse,
596 1335 714 1387 alteram
737 1336 846 1403 regiam
871 1336 994 1402 Priami,
1016 1336 1041 1395 nl

94 1403 220 1457 Hectoris
251 1403 324 1454 inter
347 1418 414 1470 quas
437 1401 478 1452 illi
506 1402 620 1464 aditus)
669 1402 834 1471 [Postesque
866 1406 978 1471 relicti5
1005 1404 1041 1456 rel

7 1488 10 1497 '
94 1490 107 1524 s
128 1472 215 1524 atium
231 1488 297 1521 cum
313 1471 410 1522 domus
427 1470 618 1522 aedificaretur
642 1471 691 1522 ubi
708 1472 807 1523 ostium
824 1472 942 1543 fieret3]
956 1479 1041 1540 taut:

68 1579 73 1587 2
95 1491 131 1594 ab
148 1540 286 1605 hostibus,
304 1540 324 1592 i.
340 1559 365 1592 e.
383 1555 450 1606 quos
463 1539 559 1591 hostes
576 1555 634 1592 non
652 1539 841 1617 obsederant.)
858 1567 894 1580 -
929 1548 990 1601 455.
1007 1543 1041 1610 1¹¹.

26 1608 28 1613 ’
96 1614 245 1677 (nonaum
262 1625 349 1677 regna
366 1608 532 1673 manebant,
554 1609 619 1673 sed)
644 1609 825 1675 adpraesens
848 1610 948 1664 retulit
963 1620 1041 1681 temps

89 1680 176 1754 selis.
218 1677 296 1727 Dum
323 1695 409 1745 regna
434 1679 590 1729 manebant.
633 1677 727 1743 Dum,
750 1679 852 1739 donec,·
877 1687 907 1732 et
931 1680 1041 1733 absoluo

96 1763 199 1800 sensus.
232 1747 284 1798 Alii
308 1754 404 1801 tamen
429 1746 498 1796 Cum
522 1746 633 1814 legunt:
656 1747 704 1803 sed
723 1747 793 1798 Cum
818 1749 974 1800 monebant
994 1763 1041 1818 quio

95 1817 228 1879 dicimus,
250 1832 317 1866 cum
334 1822 440 1866 constet
455 1814 611 1867 Manebant
634 1816 749 1870 modum
772 1833 828 1871 esse
852 1814 1041 1873 indicativuml

97 1902 164 1938 vero
188 1885 331 1937 sciendum
355 1891 411 1948 est,
435 1884 514 1951 quia,
538 1884 648 1952 quando
674 1886 863 1937 coniunctivus
885 1893 928 1941 est
964 1900 1040 1938 neces

97 1953 202 2022 aliquid
218 1953 310 2022 iungi,
333 1960 381 2009 aut
398 1953 553 2004 subaudiri:
577 1958 622 2018 ut,
647 1969 710 2002 cum
728 1956 866 2024 venirem,
890 1924 955 2009 vicli
979 1956 1041 2009 illua

96 2031 191 2079 autem
217 2021 286 2071 Cum
305 2022 461 2079 veniebam,
477 2022 616 2086 dicamus,
640 2031 687 2073 aut
704 2023 802 2074 modus
825 2033 880 2089 pro
897 2024 983 2081 modo
1000 2031 1038 2076 est

98 2099 139 2143 est
161 2088 322 2141 indicativus
346 2105 397 2159 pro
425 2090 612 2141 coniunctivo:
634 2100 682 2142 aut
699 2090 807 2157 [etiam]
826 2091 897 2145 Cum
922 2109 981 2149 non
997 2090 1041 2144 erit

98 2159 219 2223 iunctio,
236 2158 283 2211 sed
301 2157 462 2212 adverbium
476 2158 623 2228 temporis:
640 2168 669 2211 et
680 2160 816 2228 siguificat
832 2174 954 2228 tempora
971 2179 1021 2231 quo
1036 2177 1041 2208 t

99 2224 172 2278 bam.
190 2253 225 2295 -έ
259 2231 319 2285 tto.
338 2227 554 2296 (Andromache5
579 2236 677 2279 notum
694 2238 735 2280 est
752 2230 894 2296 omnibus,
911 2231 984 2282 hunc
999 2230 1031 2281 de

97 2295 226 2353 lectionis
244 2296 390 2362 (Eetionis)
414 2297 496 2347 fuisse
519 2313 634 2347 uxorem
657 2299 796 2363 Hectoris,
820 2306 944 2351 matrem
960 2301 1041 2419 Asbtpsi

98 2366 133 2417 de
157 2381 211 2431 qus
235 2365 342 2433 plenius
368 2364 514 2415 omniaaein
531 2366 575 2415 III.
599 2365 671 2415 libro
689 2367 753 2430 (97.)
771 2368 943 2431 narrantur.)
978 2369 988 2436 [
1009 2384 1041 2416 m

100 2435 250 2497 comitato3
275 2452 311 2485 ne
324 2441 470 2500 quaereret
487 2433 600 2503 exequie
616 2434 793 2490 famulorum
828 2437 990 2489 Notandum
1005 2451 1041 2485 ver

102 2504 219 2568 exaquio
251 2501 304 2559 dici
328 2503 362 2554 de
393 2502 527 2556 comitutu
555 2503 726 2557 famulorum
747 2504 949 2571 sequentium]
995 2506 1041 2571 (Co

100 2571 182 2623 Ferre
193 2606 197 2615 ·
207 2572 278 2635 ina,-
303 2578 334 2621 ut
351 2579 380 2623 et
396 2571 432 2623 ad
448 2586 556 2623 soceros
579 2572 634 2622 iret
650 2571 756 2640 saepius
773 2580 803 2624 et
818 2589 876 2625 non
894 2579 1035 2642 quaereret

100 2638 208 2706 semul.)
225 2664 260 2675 -
292 2642 354 2696 457.
371 2639 413 2688 Ad
431 2657 558 2703 soceros,-
576 2641 728 2711 [Priarnrun
746 2649 774 2692 et
789 2641 955 2713 Hecubam]
988 2640 1041 2709 Qua

102 2726 226 2772 soceros,
250 2723 314 2762 cum
331 2725 409 2764 socer
428 2716 456 2760 et
479 2726 578 2760 socrus
601 2708 727 2760 dicatur?
757 2709 888 2765 Solvitur:
919 2710 1041 2780 quisqu

101 2777 212 2834 diversis
228 2777 337 2846 potiora
353 2785 430 2840 sunt,
447 2777 482 2828 ad
499 2794 580 2831 suum
597 2793 682 2844 genus
698 2776 831 2829 clausulas
845 2778 999 2848 stringunt3
1014 2794 1041 2831 au

102 2861 216 2911 omnes,
238 2845 287 2914 qui
303 2846 338 2899 ad
354 2860 481 2900 socerum
499 2845 651 2914 pertinent,
674 2860 767 2897 socrus
785 2849 896 2912 (soceri)
921 2855 998 2906 sunt:
1019 2863 1041 2895 st

103 2915 137 2974 ad
155 2930 283 2983 praesens
300 2914 395 2966 retulit
416 2922 539 2984 tempus,
562 2913 603 2965 vel
627 2915 662 2969 ad
678 2915 835 2979 Priamum,
858 2917 903 2968 vel
924 2916 961 2968 ad
975 2917 1041 2967 Hecu

102 2983 195 3035 dicens
217 2999 343 3047 soceros,
366 2983 600 3052 praeponderanti
616 2983 690 3034 sexui
713 2984 869 3052 respondit:
892 2985 951 3046 i.,e.
974 2998 1041 3037 masc

89 3053 301 3119 ·[Astyanacto,·
331 3052 405 3103 hunc
430 3052 542 3119 quidum
567 3051 602 3102 ab
627 3052 718 3114 Ulixe,
743 3054 789 3104 alii
813 3071 830 3104 a
853 3052 1000 3117 Menelao,
1019 3050 1041 3103 al

102 3121 222 3189 Pyrrho,
245 3129 356 3191 raptum
380 3129 407 3172 et
429 3119 611 3194 praecipitem
634 3121 647 3151 *
670 3121 797 3186 (datum)
819 3123 930 3173 ferunt:
961 3120 1030 3177 Fatis

104 3190 276 3261 praedictum
299 3191 392 3239 fuerat
415 3206 533 3256 puerum
556 3188 580 3238 si
609 3190 797 3258 supervixisset
826 3191 948 3242 ultorem
977 3188 1041 3260 patri

105 3266 255 3326 parentum
277 3257 423 3322 futurum]
459 3256 612 3317 Trohcbot3
635 3258 712 3325 quasi
734 3274 868 3328 puerum:
891 3267 924 3309 ut
946 3248 1041 3322 (320).-

105 3345 223 3395 sumque
240 3338 361 3393 nepotem
375 3328 436 3393 Ipse
450 3327 586 3381 trahit-
609 3329 671 3384 458.
685 3325 780 3378 Evado
788 3351 798 3392 ‚-
816 3345 828 3377 ι
841 3337 929 3393 vacat,
940 3336 973 3378 ut
985 3344 1038 3377 emo

105 3396 175 3452 Sane
206 3396 296 3452 minus
328 3404 369 3447 est
396 3394 472 3457 Hac,
495 3396 513 3446 i.
538 3415 576 3459 e.,
609 3395 662 3450 hac
687 3398 781 3451 condo.
807 3422 842 3432 —
884 3399 948 3456 459.
972 3396 1041 3445 Iacto

105 3465 286 3533 spargebant,
303 3464 513 3532 quasi[n1inus,
531 3464 583 3528 vel]
599 3464 669 3515 nihil
686 3467 838 3531 profutura.
856 3489 891 3502 -
925 3470 988 3523 460.
1004 3465 1036 3514 Iu

108 3535 205 3605 ciphi,-
227 3532 343 3589 inulto:
367 3533 440 3584 unde
458 3533 517 3599 quis
540 3541 630 3604 potest
651 3551 782 3603 praeceps
797 3532 865 3587 dari.
900 3531 1026 3611 §equitur

108 3603 159 3656 sub
179 3613 256 3653 ostro
274 3602 414 3663 eductam,
431 3601 611 3668 [extructam]
631 3628 665 3639 -
698 3608 761 3661 462.
777 3602 881 3656 Solitas
900 3620 1000 3666 navem
1023 3620 1041 3672 p

109 3672 188 3744 pium
205 3677 245 3720 est
266 3668 323 3720 sine
340 3669 416 3723 verbi
433 3669 548 3737 origine.
582 3671 660 3727 Soleo
679 3672 756 3724 euim
773 3670 897 3724 neutrale
924 3679 980 3738 est,
1003 3687 1041 3740 qut

108 3747 152 3794 ret
175 3738 333 3806 praeterito.
379 3737 518 3805 [Achaica
543 3752 653 3804 castra‚·
684 3726 790 3792 videtur
819 3741 887 3793 alios
911 3740 1037 3804 Danaos,

109 3806 240 3860 Achaicus
263 3805 378 3871 dixisse]
413 3806 529 3872 castra,-
559 3808 609 3858 ubi
635 3811 768 3861 exercitus
797 3810 845 3874 sit,
877 3822 972 3860 castra
1003 3809 1041 3860 dic

110 3875 188 3926 Unda
205 3881 246 3926 ast
263 3877 305 3938 (5,
323 3874 408 3938 519.):
431 3874 492 3928 Nos
511 3889 603 3927 costra
622 3896 779 3929 movemus:
796 3885 827 3929 ut
843 3881 884 3946 (3,
902 3878 989 3942 520.):
1009 3876 1041 3928 Vs

111 3944 265 4012 pandimus
298 3944 368 3995 olas.
401 3971 436 3981 -
480 3949 542 4003 463.
572 3946 701 4014 Summa,·
727 3955 857 3999 extrema.
903 3947 942 3998 Ut
971 3965 1041 4015 supr<

113 4029 254 4064 summum
271 4010 394 4087 dicisnus.
427 4013 477 4064 Ut:
502 4012 554 4067 Pro
573 4033 699 4083 supreme
716 4016 858 4084 Iuppiter!
894 4012 1041 4079 Lobana:
