2454 4500
638 120 641 125 Ι
725 92 728 106 ι

708 132 723 161 J
752 144 755 150 ,

139 265 206 331 ero
404 233 544 322 saum
565 241 917 353 c'ouuaumarus
995 333 998 337 ,

145 434 200 499 πεῖ
217 442 362 515 vestigium
391 453 446 508 ert,
514 441 549 494 ad
569 441 714 526 hodieque
737 436 1033 517 Quindecimrirarum
1065 438 1179 517 cortinis

138 515 299 584 ,Delphinus
315 513 345 577 in
362 528 470 564 summo
508 526 592 562 onore
611 519 740 579 ponitur,
757 517 785 562 et
801 509 891 578 pridie
908 522 996 576 qutun
1012 506 1180 561 sacrilicitun
1208 508 1214 533 ¹

146 584 266 648 fuciunt,
282 582 355 641 salut
370 580 539 650 symbolum,
554 578 706 647 Delphinus
723 580 780 630 circ
841 583 928 643 ertur',
945 575 982 627 ob
998 575 1053 629 hoc
1069 575 1182 642 scilicet,
1216 590 1224 609 ⁸

147 651 215 722 quia
231 649 446 718 Quindecimviri
462 646 599 700 librorum
611 648 808 716 Sibyllinorum
828 652 892 697 sunt
903 644 1047 703 antistites,
1081 639 1179 712 Sibylla

149 727 246 772 autem
261 717 392 788 Apollinis
410 724 483 768 vates
506 723 535 767 et
550 715 703 783 Delphinus
719 713 837 786 Apollini
860 729 937 766 sacer
955 720 1006 766 est.
1039 713 1179 768 Invenitur

149 796 246 840 tamen
264 787 336 857 apud
354 783 532 838 Cornificium
548 783 694 853 Longum,
709 783 840 852 Iapydem
856 789 886 834 et
900 781 1026 836 Icadium
1039 782 1178 853 proiectos

149 874 168 909 a
182 854 266 907 Grata
282 856 312 907 in
328 853 446 905 diversas
462 852 588 920 regiones
605 852 715 917 venisse,
724 851 862 920 ,Iapydem
875 850 910 901 ad
922 850 1040 915 ltaliam,
1055 849 1180 902 Icadium

148 939 214 977 vero
232 922 301 975 duce
317 910 456 990 Delphina
474 921 508 972 ad
531 928 659 973 montem
675 920 855 983 Parnassum,
879 925 908 971 et
931 934 948 968 a
972 919 1042 970 duce
1058 917 1179 989 Delphos

145 991 366 1060 ‚eognminasse
383 999 411 1042 et
427 991 456 1048 in
473 989 641 1041 memoriam
657 979 754 1056 gentis,
769 1001 801 1039 er
814 1001 870 1055 qua
882 989 1023 1052 profectus
1035 993 1105 1052 erat,
1120 984 1182 1037 suh·

149 1061 272 1115 iacentes
294 1073 408 1125 campos
431 1057 623 1125 Crisaeos-vel
645 1057 774 1108 Cretaeos
798 1055 961 1126 appellasse,
985 1063 1014 1107 et
1037 1071 1101 1107 aras
1118 1069 1182 1105 con*

149 1127 294 1192 nituisse]
315 1154 351 1164 -
374 1134 452 1184 ¹333.
483 1126 602 1176 Reddita
610 1149 619 1190 ,·
650 1123 790 1194 quomodo
822 1124 944 1190 reddita,
972 1126 1048 1180 oum,
1068 1128 1185 1185 condet,

149 1195 288 1250 Helenum
300 1194 383 1246 fuisse
398 1195 560 1257 Troianum,
575 1210 627 1245 nec
641 1194 675 1246 de
690 1193 808 1245 Graecia
822 1192 908 1243 ullam
921 1184 1032 1260 ¹purtem
1044 1190 1184 1245 habuisse.

52 1299 58 1314 ,
98 1272 101 1277 “
151 1261 389 1316 Reddira'autem
413 1269 453 1314 est
470 1263 564 1314 datum
586 1263 724 1332 recipere
748 1260 859 1313 solvitur
875 1261 928 1312 sic:
954 1261 1078 1326 reddito,
1101 1260 1183 1318 data;

151 1332 234 1385 cessit
256 1346 323 1398 ergo
347 1347 410 1401 pars
434 1330 537 1402 Heleno
561 1337 611 1382 etc.
636 1336 670 1395 (υ.
698 1329 781 1390 moa.)
815 1328 908 1396 [Mora
932 1329 1018 1380 soteri
1040 1343 1093 1400 pro
1117 1327 1184 1378 data

150 1400 212 1453 acci
230 1399 357 1464 lendum,
384 1415 410 1448 re
433 1413 501 1466 ergo
525 1397 654 1450 abundat.
694 1396 798 1449 Ennius
821 1397 1039 1449 iu'Ammlibus:
1064 1395 1100 1446 Ut
1129 1396 1184 1446 illa

150 1418 230 1536 (llial
249 1468 357 1518 reddita
383 1479 507 1533 nuptam.
543 1466 580 1517 Et
602 1465 683 1517 alibi:
709 1464 792 1533 Isque
817 1465 879 1516 dies
902 1479 965 1532 post
989 1464 1184 1518 autMarcus

110 1536 128 1555 ”
173 1553 237 1585 uam
257 1553 343 1603 regna
362 1539 469 1615 recepit.
503 1535 539 1586 Et
555 1549 605 1604 pro
622 1540 752 1604 accepta,
769 1540 800 1584 ut
816 1532 945 1586 Reddita.
980 1533 1060 1602 Quod
1075 1532 1184 1584 Heleno

61 1656 66 1666 .
149 1553 305 1658 debebatur
327 1604 368 1655 im
387 1599 497 1666 arrum]
532 1599 621 1653 Gessit
646 1619 712 1668 pars
737 1601 860 1666 Helen03
884 1619 935 1672 per
958 1601 1131 1672 privignum,
1154 1608 1187 1651 ut

142 1672 268 1726 diximus
291 1622 387 1740 (2975
409 1686 500 1740 supra.
523 1697 559 1708 -
598 1674 659 1730 334.
686 1669 840 1736 [Chaonios
865 1673 1029 1737 cognomine
1054 1686 1188 1736 campan

19 1770 23 1791 ι
89 1780 93 1791 ,
151 1741 270 1808 Epirum
287 1753 400 1810 campos
417 1755 473 1791 non
490 1737 596 1800 habere
613 1738 740 1792 omnibus
756 1746 856 1791 notum
872 1747 927 1804 est,
943 1740 992 1791 sed
1008 1745 1125 1804 constat,
1140 1737 1183 1788 ibi

150 1810 221 1860 clim
237 1825 334 1877 regem
352 1809 465 1860 nomine
484 1807 617 1874 Campum
639 1809 739 1872 fuisse,
761 1807 873 1875 eiusque
896 1815 1020 1874 posteros
1039 1806 1185 1874 Campyli-

152 1874 206 1930 das
223 1877 309 1929 dictos
326 1885 354 1930 et
370 1876 488 1945 Epirum
500 1875 759 1946 Campaniarn[que]
777 1883 911 1944 vocatam,
927 1876 997 1926 sicut
1010 1875 1186 1940 Alexarchus,

82 1958 85 1969 ¹
151 1946 297 2001 historicus
314 1945 452 2010 Graecus,
474 1952 503 1997 et
518 1944 686 1996 Aristonicus
701 1946 833 2004 referunt
867 1945 955 1995 Varro
978 1945 1064 1996 filiurn
1084 1943 1187 2009 Campi

56 2050 58 2059 .
152 2015 337 2081 Campaniam
360 2012 477 2078 dictam,
507 2012 580 2065 unde
603 2012 760 2080 provinciae
784 2027 901 2070 nomem
926 2020 986 2081 post
1008 2027 1091 2077 vero,
1112 2012 1186 2063 sicut

32 2096 36 2107 ¹
107 2110 110 2119 ,
150 2082 259 2135 dictum
276 2089 324 2148 est,
341 2081 475 2133 Gaoniam
493 2081 620 2150 (Chaon.)
638 2080 673 2132 ab
688 2081 791 2134 Heleno
808 2080 983 2151 appellatam,
1000 2081 1048 2149 qui
1064 2081 1184 2132 fratrem

151 2166 234 2204 suum
252 2149 376 2202 Caonenr
394 2147 533 2215 (Chaon),
557 2149 644 2201 velut
668 2149 714 2201 alii
731 2149 826 2201 dicunt
848 2149 994 2214 comitem,
1018 2149 1086 2200 dum
1103 2165 1186 2200 vena-

151 2225 231 2270 retur
254 2218 399 2268 occiderat.
433 2218 485 2268 Alii
508 2216 594 2269 filiam
613 2217 711 2285 Campi
728 2217 865 2270 Cestriam
888 2217 923 2269 ab
940 2217 1048 2269 Heleno
1072 2218 1185 2268 ductam

151 2300 275 2352 rnorem,
293 2293 320 2337 et
334 2286 371 2337 de
388 2286 501 2338 nomine
518 2285 606 2337 soceri
625 2285 751 2354 Campos,
768 2287 803 2338 de
819 2287 932 2338 nomine
952 2285 1077 2351 Chaone,
1096 2285 1185 2338 ctae-

139 2370 209 2405 ‘nas
226 2354 331 2406 dixisse.
348 2382 383 2391 -
418 2361 478 2412 335.
497 2354 622 2405 Troiano
647 2372 664 2404 a
685 2355 795 2406 Chaone
802 2379 812 2419 ,-
836 2355 878 2408 vel
900 2357 986 2406 fratre
1003 2354 1118 2420 Heleni,
1142 2355 1185 2407 vel

150 2432 184 2480 ,ut
194 2422 248 2473 'alii
265 2422 360 2473 volunt
377 2423 450 2473 hunc
470 2421 625 2489 Chaonem,
649 2423 714 2475 licet
724 2406 853 2493 *superius
871 2436 951 2475 causa
967 2423 1047 2475 huius
1064 2422 1187 2475 nominis

152 2491 228 2541 dicta
245 2489 383 2554 videatur3
400 2497 496 2544 tamen
513 2492 625 2560 quidam
641 2491 736 2543 dicunt
751 2492 824 2544 hunc
832 2492 971 2543 Chaonem
988 2508 1040 2558 pro
1058 2492 1186 2542 omnium

152 2559 352 2624 incolumitate,
370 2575 434 2609 cum
451 2561 606 2626 pestilentia
623 2560 783 2612 laborarent
799 2561 865 2619 socii
882 2561 987 2625 Heleni,
1004 2575 1037 2611 ex
1052 2576 1186 2628 responso

152 2627 356 2678 immolandum
380 2644 409 2678 se
427 2628 569 2694 obtulisse,
595 2630 665 2680 unde
688 2629 716 2680 in
733 2629 870 2682 honorem
887 2629 944 2679 eius
961 2629 1094 2696 Epirum,
1114 2645 1186 2698 quae

153 2695 307 2764 Campania
324 2695 480 2760 dicebatur,
504 2697 657 2749 Chaoniam
679 2697 830 2749 nominavit
845 2698 977 2761 Helenus,
1001 2703 1028 2747 et
1044 2698 1098 2750 hoc
1124 2699 1186 2760 fuit,

154 2764 266 2831 quando
289 2763 522 2831 navigaverunt¹a
547 2766 631 2816 Troia
654 2781 717 2815 cum
741 2765 853 2833 Pyrrho.
899 2765 952 2816 Alii
976 2765 1085 2830 dicunt,
1112 2766 1186 2833 quod

153 2831 343 2883 cumHelenus
361 2832 535 2900 cumPyrrho
549 2833 584 2884 ab
600 2833 649 2884 llio
662 2834 810 2902 navigaret,
827 2842 855 2884 et
871 2842 1033 2904 tempestate
1049 2834 1185 2899 lactaren-

153 2905 214 2969 tur,
237 2899 343 2952 Dianae
361 2916 447 2951 unum
471 2919 486 2952 e
505 2902 633 2953 Troianis
650 2903 772 2961 amicum
787 2902 884 2955 Heleni
901 2903 1017 2965 vovisse,
1033 2909 1078 2968 ut,
1102 2903 1125 2953 si
1145 2902 1185 2952 illi

127 3017 135 3021 .
152 2967 309 3038 periculum
326 2969 485 3035 evasissent,
501 2986 531 3022 se
548 2987 599 3037 pro
618 2987 715 3022 eorum
731 2971 919 3023 incolumitate
936 2971 1121 3036 interimeret,
1138 2970 1185 3039 qui

153 3053 184 3087 se
207 3044 352 3106 postquam
374 3036 414 3087 illi
439 3047 583 3090 evaserunt
604 3039 674 3088 sicut
697 3040 824 3106 promisit
848 3040 959 3090 occidit:
985 3039 1056 3090 unde
1080 3041 1186 3091 sacuam

152 3113 207 3169 est,
232 3113 262 3154 ut
285 3106 342 3156 eius
366 3105 478 3158 numine
495 3102 614 3159 Helenus
631 3106 743 3177 adeptus
758 3110 899 3175 regnum,
921 3108 1038 3174 Epirum
1055 3106 1186 3159 Dianium

143 3173 318 3224 nominaret.
354 3173 453 3237 Dinia·
472 3175 638 3239 nominavit,
655 3183 685 3225 ut
702 3179 744 3242 (8,
762 3176 848 3238 331.):
866 3176 1000 3227 Fluvium
1020 3179 1187 3243 cognomine

153 3241 264 3292 Tibrim
284 3241 482 3309 Diximusget
499 3249 538 3309 (1,
557 3243 644 3306 533.):
663 3245 777 3295 ltaliam
796 3246 903 3296 dixisse
922 3246 1002 3296 ducis
1022 3247 1053 3294 de
1073 3249 1186 3298 namins

154 3308 282 3376 geatam]
300 3335 333 3346 -··
368 3315 428 3367 336.
445 3310 650 3381 i'ergamoque;
671 3312 804 3380 Pergama
822 3314 985 3382 legendum,
1008 3329 1065 3365 non
1085 3323 1115 3365 ut
1131 3314 1186 3384 ple-

153 3378 234 3445 rique
260 3378 452 3446 Pargameam,
484 3381 532 3447 qui
555 3400 605 3450 per
632 3383 802 3448 imperitiam
826 3384 911 3435 etiam
935 3390 1033 3447 pontra
1065 3391 1188 3436 metrum

153 3446 281 3496 sentiunt.
316 3447 498 3513 Decipiuntur
517 3457 626 3514 autem,
643 3467 707 3500 cum
725 3459 871 3519 utrumque
885 3451 1066 3503 derivativum
1080 3452 1185 3502 volunt:

152 3528 218 3562 eum
237 3515 271 3564 sit
290 3513 424 3583 Pergama
443 3517 651 3585 principale-
688 3527 748 3576 337.
768 3518 827 3584 Qui
845 3536 959 3571 cursum
978 3523 1067 3584 naun,¹
1087 3523 1187 3588 [servat

152 3581 226 3633 hunc
245 3583 385 3647 ordinem,
409 3591 439 3632 ut
455 3600 471 3633 a
489 3585 530 3634 sui
554 3602 670 3656 persona
693 3587 826 3657 incipiens
842 3603 907 3639 mox
924 3597 1040 3655 quaerat
1056 3589 1186 3653 alienam,

152 3656 183 3699 ut
200 3654 241 3714 (1,
259 3650 346 3712 wll:
371 3652 422 3701 sed
440 3671 489 3703 vos
508 3657 558 3719 qui
581 3657 707 3720 tandem,
731 3658 835 3721 quibus
852 3669 901 3707 aut
919 3658 1036 3708 venistis
1061 3658 1097 3708 ab
1116 3661 1182 3708 aris.

152 3716 189 3768 Et
212 3717 265 3768 hoc
287 3718 388 3787 toturn]
412 3736 477 3770 cum
501 3723 683 3775 admiratione
709 3724 813 3781 dictum
837 3734 884 3778 est.
921 3723 980 3791 Qui
1005 3730 1099 3791 veati5
1123 3726 1140 3777 i.
1160 3745 1183 3779 e.

153 3792 210 3834 tarn
228 3788 359 3856 prosperi.
396 3786 475 3853 Quae
486 3789 571 3858 faro,·
589 3793 607 3844 i.
625 3812 648 3844 e.
666 3798 724 3842 tam
742 3794 821 3844 nobis
838 3795 936 3846 felicia.
955 3818 989 3831 ·-
1025 3802 1086 3852 338·
1112 3793 1184 3860 Quis

151 3853 254 3902 Deus?
279 3857 325 3921 qui
369 3858 500 3924 raestitit,
525 3868 555 3909 ut
578 3868 606 3911 te
624 3861 715 3912 videre
740 3877 888 3928 possemus.
923 3857 1051 3915 Tale'est
1069 3873 1097 3916 et
1120 3863 1186 3915 illud

150 3922 258 3975 Aeneae
283 3924 316 3974 ed
368 3925 479 3976 idonem
504 3927 690 3979 adulatorium
720 3931 828 3994 (715.):
857 3930 934 3982 Hinc
959 3949 999 3980 me
1027 3933 1186 3998 digressum

151 3993 251 4042 vestris
285 3993 353 4044 daus
383 3995 493 4065 appulit
518 3998 585 4049 aris.
635 3996 789 4066 Ignarum
821 4000 896 4055 aliud
927 4001 1130 4071 disponentem.
1153 4028 1187 4043 -

7 4337 70 4451 l
141 4344 207 4459 l
