2454 4500
76 252 80 265 ·
160 263 225 329 sn
335 256 362 354 j
416 258 556 325 servu
577 192 947 335 conuictumue

163 445 258 514 eatis,
275 452 323 498 eut
339 445 543 515 compensabit,
566 453 615 498 eut
629 445 728 513 faciet,
744 454 777 496 ut
792 446 929 514 (Terent
948 446 1028 500 Eun.
1044 452 1079 516 4,
1096 451 1191 516 a,11.):
1210 444 1215 483 -’

163 515 245 581 Quas
262 516 360 566 turbas
379 515 460 564 dedit.
496 513 675 565 Discrimina
694 522 801 579 etitem,
819 517 1024 568 differentiam
1041 521 1118 571 circa
1133 539 1192 573 exeo

163 592 226 636 tum
249 592 277 636 et
298 581 463 646 victoriam]
479 607 513 618 ···
547 591 608 639 532.
633 582 736 633 Gnatis
758 600 841 650 porte
866 588 950 650 tuis,-
981 589 1109 654 [talento
1132 605 1193 655 ports

165 671 218 722 per
236 653 432 715 accusativum,
454 650 578 702 Plautine
594 651 712 717 dictum,
736 655 782 718 qui
799 654 839 703 ait
865 654 896 704 in
915 655 1020 706 Milite
1045 661 1096 722 (4,
1112 658 1195 722 effici:

167 722 252 773 Parce
270 720 382 785 vocem]
399 719 470 787 .Qui
491 718 521 768 in
539 719 684 786 Virgilium
707 720 816 786 scripsit
832 723 1084 789 declamationes,
1107 726 1139 776 de
1156 726 1194 775 hoc
1212 732 1216 741 “

165 790 306 843 toco'hoc
330 791 369 840 sit
390 790 435 855 [ex
458 802 575 856 persona
597 787 730 853 Aeneoe1:
758 791 910 855 improbus
940 809 974 842 es
1001 795 1055 857 qui
1082 806 1131 843 aut
1151 795 1195 860 regi

159 862 267 923 dones,
284 870 334 908 out
344 857 427 924 filios
446 856 598 906 exheredes.
633 856 717 907 Parce
736 867 828 908 sutem
847 866 891 910 est
906 860 1078 910 secundum
1090 863 1214 930 antiquom

165 945 257 991 serva,
275 940 305 977 ut
322 927 394 994 apud
411 925 549 975 Lucilium
566 932 595 974 et
612 924 733 977 Ennium
750 926 900 978 iuvenitur.
944 927 1059 979 Gnatis
1077 948 1104 998 p.
1122 943 1139 979 t.
1146 954 1155 995 ,-
1166 937 1195 981 at·

163 997 214 1066 qui
234 994 414 1062 supradixit:
447 992 592 1056 Gixataque
609 997 752 1059 patrique,
775 994 923 1061 quomodo
952 990 998 1047 ait
1014 997 1134 1064 gnatis?
1154 996 1215 1050 oss!

163 1074 208 1118 est
223 1065 400 1115 contrarium.
434 1061 507 1111 Nom
525 1062 627 1110 liberos
650 1064 735 1112 etiam
758 1078 847 1112 unum
865 1064 996 1114 dicimus
1019 1067 1125 1130 tilium,
1145 1068 1212 1118 stes,

166 1141 198 1184 ut
214 1133 357 1184 Terentius
375 1130 459 1182 etiem
477 1131 563 1180 liliam
582 1130 684 1181 liberos
703 1131 811 1185 dixerit:
832 1139 865 1191 ut
882 1133 915 1182 in
935 1135 1055 1201 Hecyra
1072 1136 1211 1200 ‹utitit-

167 1200 231 1268 Qui
255 1201 336 1250 illum
355 1200 472 1266 dignum
491 1201 677 1264 decreverint,
701 1216 768 1250 suos
791 1204 840 1248 cui
868 1200 986 1252 liberos
1005 1207 1195 1265 committerent

166 1270 216 1321 ubi
232 1277 310 1336 poter
327 1268 362 1318 de
378 1268 434 1318 fitia
451 1268 485 1317 ed
502 1282 617 1316 uxorem
633 1268 760 1335 loquitur.
795 1267 873 1333 Ergo
896 1272 1054 1336 usurpavit
1069 1272 1196 1340 respicient

165 1338 201 1391 ud
220 1339 336 1400 liberos,
354 1344 385 1385 ut
400 1349 502 1402 gnatas
519 1335 553 1386 de
572 1350 625 1384 uno
642 1337 752 1387 diceret.
789 1334 995 1403 commercia,
1021 1340 1193 1391 vicissitudine!

164 1415 195 1461 et
224 1404 384 1471 ignoscendi
412 1405 586 1467 facultatem,
616 1404 676 1471 [vel
703 1403 879 1471 captivorum
909 1408 1152 1476 redemptionem
1171 1431 1192 1443 -

167 1483 228 1535 533,
246 1473 307 1523 lain
325 1485 383 1522 tum
403 1471 528 1533 Pallante
543 1485 684 1538 perempto
690 1496 700 1536 ,·
717 1488 782 1541 pro:
805 1471 866 1522 iam
884 1481 956 1524 tum
975 1493 1046 1526 cum
1063 1478 1205 1545 Pellantur¹

164 1545 292 1614 peremit.
309 1569 344 1579 -
379 1545 439 1598 534.
456 1539 517 1592 Hos
533 1543 624 1606 patris
642 1540 782 1590 Anchisae
807 1559 929 1606 inanes,
957 1544 1039 1595 idem
1062 1546 1204 1597 sentiret,

164 1620 274 1682 patrem
292 1609 422 1675 etlilium
440 1610 522 1676 dicit,
544 1609 621 1675 quasi
638 1609 691 1660 hoc
707 1610 888 1659 commodum
908 1612 949 1662 ad
967 1612 1040 1664 illos
1057 1610 1205 1681 pertinenti}

166 1707 201 1719 ..
236 1686 296 1737 537.
320 1677 377 1728 Nec
401 1678 500 1745 procul
524 1680 705 1741 simonides,
735 1678 789 1728 hoc
812 1693 925 1730 nomen
952 1680 1023 1733 licet
1047 1683 1132 1749 possit
1151 1698 1187 1735 esst

166 1747 402 1817 patronymicum,
427 1749 490 1813 quia
513 1746 543 1797 in
568 1747 706 1810 deserit,
735 1753 766 1795 ut
789 1746 918 1798 dicemus
945 1752 1090 1802 Aemonis
1109 1749 1185 1818 filim

165 1825 260 1868 temen
278 1815 376 1866 melius
392 1823 444 1877 est,
469 1823 499 1865 ut
521 1814 549 1864 id
566 1816 710 1883 proprium
734 1813 791 1865 ess'e
807 1816 956 1882 dicamus,
982 1820 1053 1886 quia
1076 1818 1185 1887 itusque!

163 1884 240 1937 uliud
255 1898 359 1934 nomen
377 1884 434 1934 eius
452 1891 498 1934 out
515 1885 696 1952 praemissum
714 1890 754 1933 est
776 1890 825 1934 eut
847 1892 991 1936 secutum.
1029 1889 1107 1956 Ergo
1122 1888 1185 1940 umis

124 1984 128 1991 .
162 1961 206 2005 est
229 1952 433 2021 patronymico,
457 1961 487 2001 ut
510 1954 545 2002 sit
567 1953 748 2013 Acmonides,
771 1952 843 2001 sicut
861 1951 1065 2021 Thucydides.
1084 1982 1116 1993 -
1145 1960 1184 2014 ut

166 2021 282 2089 insulse
305 2010 390 2072 foscis
413 2020 443 2070 in
467 2020 581 2072 modum
603 2019 778 2083 diadematis,
801 2036 819 2070 e
842 2037 899 2088 qua
918 2025 1007 2075 vittae
1032 2025 1070 2085 ab
1094 2032 1183 2091 utraqu

165 2098 244 2160 perte
260 2089 431 2158 dependent:
455 2105 525 2156 quoe
542 2089 704 2156 plerumque
721 2088 776 2139 lato
793 2095 848 2153 est,
864 2090 1041 2159 plerumque
1059 2091 1202 2143 tortitudi-

164 2159 228 2209 albo
247 2166 273 2207 et
290 2174 379 2207 coeco.
398 2183 428 2192 -
465 2164 524 2214 539.
543 2159 709 2222 insignibus
728 2160 831 2216 armis,
848 2159 938 2224 Asper
957 2158 999 2209 sic
1016 2162 1097 2227 legit,
1114 2160 1184 2211 etuti

164 2235 210 2276 tur
234 2226 349 2276 Sallustii
373 2226 508 2292 exemplo,
538 2227 584 2291 qui
609 2228 659 2275 uit:
690 2226 767 2290 Equo
793 2238 874 2291 atquc
902 2231 997 2277 armis
1025 2231 1182 2296 insignibus·
1209 2256 1213 2275 ι

165 2295 268 2346 Probus
288 2309 349 2343 vero
369 2296 533 2359 insignibus
553 2296 625 2342 allis
644 2295 708 2342 dicit
724 2294 888 2358 legendum,
908 2305 940 2345 ut
958 2305 1050 2349 vestes
1069 2300 1140 2348 albas
1153 2313 1182 2346 at·
1210 2340 1214 2351 .

161 2362 315 2426 eripiamus,
345 2379 414 2426 quee
439 2369 501 2407 sunt
530 2363 715 2411 sacerdotibus
745 2377 900 2422 congruae:
932 2366 1007 2413 sicut
1040 2367 1137 2416 Statius
1161 2366 1183 2412 de

165 2430 332 2496 Amphiarao
358 2428 422 2475 dicit
443 2426 552 2491 [t't'heb.
572 2431 605 2489 lt,
629 2428 713 2483 217.):
739 2428 861 2492 Albaque
886 2448 1056 2495 purpureas
1081 2435 1182 2496 insenti-
1213 2468 1216 2475 ·

165 2511 209 2548 ent
229 2496 323 2564 infula
343 2493 463 2557 cristas]
482 2520 513 2528 —
549 2500 609 2550 540.
627 2497 693 2558 Agit
711 2510 822 2559 canipa;
849 2498 1040 2565 [insequitur]
1064 2517 1183 2568 porciu:-
1213 2504 1216 2513 '

164 2582 239 2637 pum,
262 2591 296 2601 -
337 2568 397 2621 541.
426 2563 569 2625 limacius,
594 2564 670 2627 quusi
695 2563 849 2628 victimam,
875 2574 907 2614 ut
930 2567 978 2617 itte
1006 2584 1182 2621 consueverat:
1216 2624 1219 2631 ,

163 2650 231 2687 rtem
255 2632 308 2682 hoo
331 2633 413 2682 verbo
438 2632 472 2680 ad
494 2630 640 2680 sacerdotis
664 2646 768 2680 nomen
791 2632 887 2681 allusit.
936 2635 1031 2700 [Sene
1059 2639 1182 2687 immolari

160 2702 277 2770 proprie
295 2700 421 2749 dicuntur
440 2701 556 2760 hostiae,
575 2715 629 2748 uon
648 2716 710 2747 cum
730 2700 889 2762 caeduntur,
907 2701 957 2752 sed
975 2720 1045 2755 cum
1065 2710 1184 2773 accipiunt

163 2772 267 2821 molam
291 2769 402 2824 salsum3
428 2768 495 2817 Ceto
520 2768 548 2816 in
568 2767 726 2830 Originibus
749 2767 788 2818 ita
805 2769 857 2818 uit:
880 2766 996 2821 Lnuius
1016 2776 1028 2802 *
1048 2777 1128 2826 boues
1145 2779 1183 2823 in·
1215 2814 1219 2819 .

162 2841 287 2890 trislatus
310 2838 372 2898 (aits
400 2835 461 2884 Bon.
481 2836 650 2896 immolatos)
674 2838 755 2900 prius
781 2853 864 2901 quam
891 2842 1080 2893 caederentur
1103 2844 1183 2911 prosu·
1213 2842 1220 2879 ''-

163 2912 238 2974 gisse
261 2909 294 2954 in
319 2903 467 2966 Siciliam]
509 2905 672 2969 Ingentique
699 2905 796 2952 umbro
822 2908 906 2971 tegit5
931 2917 982 2958 aut
1006 2914 1184 2980 magnitudine

159 2975 284 3043 corpor-Is
301 2975 355 3037 sui,
379 2975 438 3039 [eut
454 2971 573 3040 cl)¹pci,]
597 2973 745 3021 oluunbrat
768 2975 825 3022 eius
848 2976 978 3027 cadaver.
1017 2983 1071 3030 Aut
1090 2985 1184 3047 ingemi

165 3045 279 3107 umbra,
302 3042 319 3092 i.
337 3060 361 3092 e.
386 3050 476 3090 morte
498 3042 579 3105 tegit:
607 3048 637 3089 ut
661 3041 766 3105 (746.):
792 3042 825 3090 ln
850 3056 995 3094 oeternum
1024 3051 1185 3098 clauduntur

161 3115 273 3163 lumina
294 3123 406 3160 noctem.
441 3112 493 3157 Aut
512 3111 619 3173 ingenti
639 3111 735 3158 uenltru
762 3113 842 3175 tegit,
865 3116 1025 3165 secundum
1051 3134 1129 3168 usum
1152 3136 1185 3167 ec·

158 3180 333 3246 cipiendum,
363 3178 380 3226 i.
405 3195 427 3226 e.
460 3177 634 3226 insultatione
658 3192 721 3227 eum
753 3179 883 3245 opprimit
907 3189 935 3231 et
959 3184 1128 3246 adumbrat,
1149 3191 1186 3254 [ut

163 3260 306 3314 stiperotos
323 3245 438 3294 dicimus
457 3247 650 3294 odiunliratos:
669 3254 715 3294 out
734 3250 842 3312 ingenti
861 3251 963 3298 umlra
983 3256 1066 3320 tegit,
1084 3262 1096 3285 s
1114 3264 1140 3303 ut
1154 3258 1184 3304 iu·

160 3319 247 3368 ferior
264 3323 340 3381 teget
358 3319 397 3377 (ut
413 3313 573 3363 inferiorem
591 3313 668 3380 tegit)
685 3312 827 3364 adversum
848 3316 940 3368 hostes
958 3337 976 3369 a
994 3324 1114 3373 fortiore
1132 3327 1185 3388 (lor-

158 3386 225 3443 tior)
250 3384 322 3450 quod
343 3381 496 3431 institutum
525 3382 625 3432 minuit
648 3383 796 3445 (innuitl)
820 3401 902 3435 causa
925 3389 1085 3454 spoliorum
1109 3393 1184 3442 detro-

160 3452 322 3502 hendnrtun.
356 3449 481 3513 Sequitur
500 3450 589 3499 euim:
608 3449 926 3502 ArniaiSerestusLecto
947 3457 1183 3522 resertlsuiucrisl
1212 3454 1215 3459 ¹

160 3520 300 3577 Serestus;
322 3517 443 3567 Serestus
468 3518 533 3566 duos
557 3518 755 3582 intelligamus,
780 3536 864 3570 unum
890 3523 1039 3576 incastris
1066 3538 1093 3579 et
1111 3543 1181 3578 unmu
1210 3524 1214 3569 l

159 3604 224 3636 cum
242 3591 340 3637 Aenea.
374 3586 445 3633 Nam
465 3585 578 3634 Troiani
601 3587 724 3635 nondum
742 3605 858 3653 erupere
876 3589 910 3641 de
928 3595 1045 3659 castris,
1072 3607 1102 3645 ut
1117 3595 1180 3646 intel·
1208 3596 1212 3653 ῗ

160 3654 275 3715 ligamus
299 3671 363 3704 eum
381 3670 462 3720 quem
489 3670 570 3719 supra
593 3659 643 3717 (9,
663 3657 733 3715 171.)
751 3657 822 3705 dixit·
859 3658 935 3724 Ergo
954 3662 1011 3712 duo
1032 3674 1103 3714 sunt.
1135 3666 1179 3712 th

159 3721 277 3784 mirum,
301 3739 365 3771 cum
389 3729 416 3770 ct
439 3721 495 3787 ipsc
519 3722 629 3782 dixerit,
656 3723 728 3787 quod
753 3725 875 3791 exemplo
899 3745 959 3778 esse
985 3734 1074 3796 possit
1098 3736 1178 3794 (lit-2³
1207 3740 1211 3761 ¹

161 3787 343 3854 Assaracique
362 3791 425 3838 duo.
446 3812 478 3824 --
513 3797 573 3843 542.
591 3787 674 3837 Lecta
692 3791 790 3857 rese-rm
816 3795 929 3862 proprie
947 3798 1034 3849 dixit:
1051 3819 1115 3851 nem
1132 3815 1177 3867 spu·
1206 3780 1210 3801 ⁸

159 3856 195 3906 lio
220 3871 288 3919 qttoe
305 3864 432 3921 optantur
450 3857 581 3922 troptteiS,
605 3857 661 3921 legi
686 3859 826 3923 itit-uetur,
849 3860 866 3911 i.
887 3881 910 3912 e.
934 3866 1010 3933 eligi.
1046 3870 1125 3936 [Titi
1141 3883 1174 3914 rit
1205 3876 1209 3905 Ι

158 3922 297 3981 Grudive3
323 3924 495 3984 tit(ss,18.):
522 3925 587 3973 Tibi
606 3924 708 3976 Phoebe
726 3928 869 3992 sacravit]
906 3932 1089 4000 Tropaeum
1113 3934 1174 3985 desii·
1205 3938 1209 3997 Ι

153 3991 231 4046 notio
249 3988 348 4043 Latine
365 3998 417 4042 est:
443 3991 515 4044 unde
538 3992 689 4061 penultimo
706 3994 820 4048 habebit
836 4008 1003 4068 occentum,
1027 4004 1058 4057 iu
1076 4015 1174 4056 numero
1206 4020 1209 4055 :
