2454 4500
36 298 41 309 '
113 310 154 353 ru
179 288 340 355 turult„
363 286 642 355 struuntur.
665 287 707 363 11,
731 292 926 361 tto—166.
984 299 1050 363 133

67 470 133 527 ho'c.
156 474 230 527 locu.
270 472 470 536 Tumultusrii,
494 473 542 527 illo
560 477 603 537 (8,
621 471 672 536 4.);
699 470 792 522 Simul
815 490 895 525 omne
919 476 1043 525 tumultu

71 554 147 595 urat
173 542 279 609 trepido
302 536 427 592 Lorium.
463 540 637 594 Evocetionis
661 540 721 607 (9.):
745 540 872 593 Mittitur
894 555 920 592 st
944 547 1044 610 magni

59 612 136 663 ulus
149 610 300 663 Diomedis
315 612 352 660 nd
368 614 470 662 urbem.
484 638 520 649 -
555 616 614 667 158.
629 608 686 659 Fas
701 610 793 661 odisse
807 614 901 674 viros,·
919 620 1042 681 utsupra

23 680 140 742 liuius,
158 679 254 730 omnia
265 678 418 747 Diesyrtice
434 678 563 746 loquitur.
597 678 670 729 Nam
688 685 716 728 et
731 677 767 729 od
780 677 903 732 Graecos
922 689 1044 745 possunt,

23 748 88 813 [rud
114 748 253 799 Troianos
275 747 385 800 referri.
443 748 479 799 Et
504 747 622 811 Odisse,
654 746 700 799 hic
725 748 876 810 praesentis
899 746 1042 814 temporis,

23 818 77 895 μ
93 832 156 873 non
174 816 241 868 tecit
257 813 361 880 odere]
396 750 493 882 (deone
509 817 604 866 omnia
618 822 684 873 etc.;
701 813 767 865 hinc
784 815 890 866 videtur
908 816 1041 868 subtiliter

23 898 57 953 μ
80 902 114 937 se
139 884 285 954 implicare
308 884 446 953 periuri03
469 885 477 934 i
498 902 527 935 se
552 884 628 935 enim
650 884 736 935 lectos
759 883 849 933 hostis
867 883 994 951 produxit
1010 900 1042 936 ex

23 964 73 1005 Ιο
91 951 195 1022 (25662
211 952 247 1003 Et
263 954 347 1018 pinso
360 952 467 1020 furtim
480 902 575 1004 iteras
587 954 712 1003 claustro
728 951 826 1003 Sinon.
863 954 898 1001 Et
915 952 968 1003 hoc
985 954 1042 1003 vult

23 1022 82 1085 μᾱὶ
105 1028 207 1072 contre
224 1021 345 1072 Graecos
369 1021 474 1083 dicere,
496 1038 561 1071 cum
586 1037 636 1091 pro
658 1020 722 1089 ipsis
746 1020 838 1083 dicat.)
856 1046 889 1055 -
932 1026 992 1078 159,
1009 1022 1041 1072 st

23 1086 59 1143 ὁ
77 1102 196 1157 regrum
214 1088 289 1155 [(vel)
305 1089 403 1142 collide
421 1088 568 1153 occultunt]
585 1089 647 1152 (vel)
664 1096 778 1158 propter
795 1106 844 1151 en,
868 1104 938 1155 alueo
954 1089 1042 1141 latent

32 1173 140 1231 equo.
183 1158 242 1209 Nec
267 1157 378 1224 legibus
404 1160 488 1218 ultio
510 1158 533 1208 si
557 1157 747 1209 Graecorum:
778 1155 914 1228 [propter]
938 1156 1041 1211 Noster

23 1224 119 1292 hesi
136 1226 339 1289 Troianorum,
356 1229 424 1293 quin
446 1226 578 1277 Graecos.
615 1226 677 1294 (Alii
694 1225 747 1277 ita:
771 1226 851 1276 nullis
868 1233 984 1279 noturus
1002 1227 1040 1279 le·
1119 1254 1124 1263 =

23 1306 100 1361 m,
117 1294 218 1362 quibus
234 1296 275 1345 fas
292 1310 350 1345 non
367 1304 423 1360 est,
445 1297 565 1361 petriam
583 1295 716 1359 prodere;
742 1302 771 1345 et
786 1294 879 1345 volunt
895 1292 949 1345 hoc
967 1311 1041 1347 esse:

23 1376 121 1415 urata
147 1364 282 1431 resoluere
306 1366 393 1425 iuro.)
410 1388 445 1401 -
481 1371 539 1421 lto.
556 1362 613 1429 [Tu
640 1364 737 1421 modo,-
761 1377 812 1432 pro
836 1364 1040 1416 tantummodo.

23 1433 178 1495 uminis,-
207 1448 274 1503 pro,
299 1432 330 1483 in
352 1432 517 1502 promissis]
539 1460 575 1471 -
623 1438 683 1491 161.
705 1431 804 1483 Sernes.
827 1430 914 1483 Trois
933 1431 1039 1502 sideros

23 1500 253 1571 ugnificeutius,
278 1516 362 1567 qoam
384 1502 407 1553 si
429 1501 535 1552 diceret
552 1499 708 1563 Troianis)
733 1501 798 1567 qma
815 1498 877 1564 (et)
902 1500 976 1568 quod
991 1515 1040 1553 rex

23 1570 159 1639 =urnittit,
175 1568 282 1619 videno
297 1569 453 1636 respublica
468 1569 601 1637 polliceri.
636 1568 721 1636 [Vero
733 1568 847 1636 ferum,-
870 1584 921 1637 pro
938 1568 1039 1622 dicon.

23 1646 114 1707 rigna
134 1638 299 1700 rependens,-
322 1654 425 1706 magns
449 1641 575 1704 praemis
597 1637 733 1689 resolvam
751 1642 821 1702 (pro
839 1654 902 1690 mee
919 1637 1038 1707 improli·

23 1710 86 1769 *lt
109 1712 140 1757 et
156 1706 263 1757 videtur
280 1707 334 1758 duo
353 1708 516 1773 promittere
535 1705 714 1770 (Troianis),
755 1705 829 1755 rimo
848 1706 1040 1773 veriloquium,

23 1772 102 1827 inde
124 1772 260 1838 salutem]
286 1778 337 1841 (ex
360 1790 475 1825 suorum
495 1775 659 1844 proditione.
751 1773 1039 1838 ivolunt,dubi1uu
1123 1824 1129 1837 ,

23 1856 74 1911 tu,
98 1842 182 1893 vobis
200 1842 311 1911 suam,
336 1843 453 1894 Grusois
480 1844 653 1910 rependam.)
676 1867 712 1882 -·
756 1846 815 1899 162.
843 1842 947 1892 Omnis
975 1858 1038 1908 spes

23 1920 158 1971 ιιιαάηις
190 1928 270 1965 more
301 1928 351 1961 suo
383 1930 400 1963 e
423 1913 494 1963 veris
523 1911 629 1981 incipit.
669 1911 742 1962 Nam
765 1918 793 1961 et
820 1911 888 1965 favit
909 1910 1038 1963 Minerva

23 1981 132 2035 hecto:
163 1987 193 2030 et
222 1980 376 2045 constabat,
405 1988 518 2047 raptum
548 1997 607 2032 esse
635 1978 796 2031 Palladium.
838 1978 962 2047 Tydides
989 1980 1038 2029 sed

23 2050 87 2113 iou
111 2047 357 2123 hysteroproterou
378 2057 433 2100 est:
457 2049 508 2098 Sed
533 2051 607 2099 enim
633 2065 666 2099 ex
691 2065 745 2115 quo
772 2048 878 2111 impius
897 2047 1037 2116 Tydidess

23 2130 68 2171 nr
88 2115 278 2186 hysterologia
308 2118 388 2169 surius
413 2118 547 2168 sermonis
572 2126 625 2170 est:
649 2124 680 2167 ut
702 2121 750 2182 (5,
767 2116 860 2178 ooo-l:
893 2116 1035 2167 Transrm

23 2200 53 2248 r,
73 2198 100 2237 st
117 2202 218 2237 remos.
236 2212 272 2227 -
306 2191 367 2244 163.
384 2186 492 2253 impios
517 2202 596 2250 vero„
619 2192 734 2254 propter
756 2185 872 2237 numine
894 2184 1037 2237 vulnerata

23 2248 136 2309 fortem
154 2260 185 2306 et
200 2254 352 2315 Venerem,
374 2253 416 2303 Ea
435 2273 489 2321 qua
508 2263 601 2307 eutem
618 2253 660 2304 vel
677 2254 721 2305 die
739 2253 781 2304 vel
796 2253 877 2303 facto.
904 2281 939 2293 -
973 2256 1035 2311 tot.

23 2326 197 2389 uterumque
221 2325 350 2374 inuentor
374 2320 488 2385 Ulixen
511 2330 626 2392 propter
648 2323 688 2391 [se
713 2329 741 2372 et
762 2330 876 2405 propter
911 2321 1035 2373 Palame-

23 2402 66 2445 ῆι
89 2392 216 2442 occisum
237 2391 322 2461 ipsius
345 2392 475 2444 sectione.
500 2417 535 2431 -·
570 2396 629 2448 165.
654 2390 767 2453 Fatale,
790 2408 845 2441 των
868 2394 956 2457 μέσων
986 2397 1036 2441 est.

23 2472 74 2513 un
90 2466 121 2511 et
137 2459 212 2529 quod
229 2460 363 2524 custodit,
387 2468 415 2512 et
430 2461 505 2528 quod
526 2457 679 2524 interimit,
703 2474 754 2525 pro
778 2458 839 2509 loco
862 2457 1035 2527 intelligitur.

23 2531 142 2593 *altares
168 2528 302 2592 ostendit,
326 2528 442 2579 invitum
459 2545 564 2581 numen
581 2543 639 2579 esse
662 2527 806 2580 subletum
824 2552 859 2566 ··-
893 2534 954 2585 166.
972 2524 1034 2575 Pal-

23 2598 127 2661 ds'um3
142 2596 263 2649 Helenus
280 2597 353 2666 apud
367 2596 494 2647 Arisbam
512 2605 606 2664 ceptus
623 2613 640 2647 a
656 2594 771 2649 Graecis
788 2602 842 2645 est:
860 2602 889 2647 et
904 2593 1035 2647 indicavit

23 2676 112 2721 astru
128 2666 188 2716 fata
205 2664 341 2716 Troiana:
364 2664 392 2715 in
412 2665 510 2731 quibus
527 2665 612 2715 etiam
629 2664 664 2715 de
688 2663 806 2734 palladio
824 2662 921 2729 [dixin]
955 2662 1034 2713 Unde

23 2736 103 2795 citur
119 2751 137 2785 a
152 2732 260 2800 Pyrrho
276 2748 363 2799 regns
379 2734 526 2795 meruisse:
551 2749 709 2800 quanquam
732 2732 903 2801 praestiterit
919 2731 1035 2798 Pyrrho,

47 2808 118 2872 (non
135 2819 170 2854 eu
186 2800 248 2867 die,
264 2818 318 2869 qus
336 2801 437 2855 Graeci
454 2801 554 2865 ceteri,
570 2803 719 2868 navigaret,
736 2808 764 2851 et
779 2802 885 2852 laceret
901 2816 966 2851 eum
983 2816 1033 2867 per

23 2882 109 2925 tram
132 2867 256 2934 redire,)
279 2869 376 2937 (codd.
398 2877 523 2920 tantum:
549 2882 579 2920 ut
603 2871 703 2922 rediret
725 2887 773 2936 per
790 2867 918 2933 terram),
938 2868 1033 2927 (licens

23 2950 98 2993 unes
115 2938 254 2999 Gnoson
270 2938 345 3007 quod
362 2946 390 2989 et
406 2938 535 3005 contigit,
551 2937 697 3005 naufragio
715 2955 773 2990 esse
791 2937 935 3003 perituros.
970 2935 1032 2999 (Alii

23 3016 111 3073 cunt,
133 3007 272 3059 Helenum
295 3021 353 3057 non
375 3015 501 3076 coptum,
524 3007 571 3058 sed
595 3005 706 3072 dolore,
728 3006 801 3073 quod
826 3013 889 3071 post
911 3012 1033 3055 mortem

23 3076 107 3129 iridis
122 3075 242 3141 Helena,
263 3074 366 3127 iudicio
383 3074 486 3127 Priami
502 3091 559 3129 non
576 3074 644 3140 sibi,
664 3074 710 3126 sed
728 3074 873 3143 Deiphobo
899 3081 969 3123 esset
985 3072 1033 3121 nd·

23 3142 138 3211 ΙΙίεαῐε,
160 3142 191 3195 in
213 3144 292 3195 Idam
315 3150 440 3197 montem
462 3144 578 3211 fugisse,
600 3150 683 3211 utque
708 3145 804 3195 exinde
821 3149 952 3192 monente
971 3140 1032 3190 Cal-

23 3221 103 3265 sante
157 3212 286 3263 odu'ctum
304 3212 339 3264 de
355 3211 474 3262 Palladio
490 3228 541 3281 pro
559 3212 621 3262 odio
639 3210 819 3280 prodidisse:)
836 3218 902 3261 tunc
918 3209 1033 3259 Diome·

23 3292 52 3331 u
66 3288 95 3333 et
147 3281 222 3345 nes,
237 3280 333 3331 otalii
350 3280 458 3343 dicrmt,
482 3281 628 3341 cuniculis;
651 3281 758 3341 otalii,
782 3278 880 3330 cloacis
904 3276 1032 3329 ascende-

23 3356 194 3401 trrtarcem:
213 3356 241 3400 et
256 3347 353 3399 nocuis
365 3347 520 3399 custodibus
533 3348 663 3399 sustulere
679 3348 871 3400 simulacrum:
887 3344 1031 3412 [Quicum

23 3424 208 3470 evomentur
230 3416 267 3469 ad
288 3432 388 3480 naves,
411 3415 513 3480 Ulixes,
535 3423 566 3465 ut
588 3416 630 3467 sui
652 3424 761 3468 tantum
785 3415 876 3485 operis
894 3413 1033 3465 videretur

23 3478 135 3550 flector,
157 3484 242 3535 voluit
257 3500 287 3537 se
307 3501 380 3536 uens-
392 3483 517 3537 occidere
534 3484 715 3549 Diomedem,
738 3486 813 3537 cuius
837 3483 882 3534 ille
900 3489 1030 3535 conatum

23 3553 128 3605 onst
150 3552 283 3605 umbram
326 3569 396 3604 unae
420 3560 555 3616 notasset,
576 3553 725 3621 religatum
749 3572 815 3623 prae
838 3568 868 3603 se
892 3565 977 3616 usque
994 3549 1030 3605 ad

23 3628 94 3672 utre
109 3620 282 3673 Graecorum
306 3619 382 3687 egit]
414 3620 478 3671 Ideo
501 3630 593 3674 eutem
617 3622 670 3673 hoc
694 3623 836 3689 negotium
859 3620 901 3670 bis
924 3616 1030 3687 potissi·

23 3692 86 3739 Brun
99 3690 209 3755 dotum,
232 3689 298 3758 quis
321 3689 438 3740 cultores
460 3689 572 3742 fuerunt
586 3690 738 3742 Minervae.
778 3691 836 3740 Hoc
853 3705 918 3739 cum
935 3694 1029 3753 postes

23 3744 151 3821 ”tumeres
167 3757 351 3824 baberet,¹[ut
367 3757 479 3837 quidem
495 3756 610 3823 dicunt]
626 3759 699 3826 quod
715 3767 743 3810 et
756 3757 883 3825 Virgilius
900 3772 931 3808 ex
949 3761 1029 3825 parte

23 3816 105 3893 brit:
127 3835 158 3880 et
173 3828 262 3878 Verso
278 3826 434 3896 plenissime
452 3826 531 3892 dicit,
554 3827 684 3893 credens,
707 3826 760 3877 sibi
776 3841 832 3878 non
849 3842 906 3877 esse
923 3832 1029 3906 aptum,

23 3884 183 4091 ffiua
199 3895 336 3964 pericula,
358 3894 474 3962 (quibus
491 3911 634 3964 nunquam
656 3895 808 3949 cariturum
824 3908 959 3962 responsis
981 3907 1028 3941 co-

105 3972 147 4031 rt,
173 3963 228 4017 nisi
250 3962 378 4015 'troianis
394 3963 547 4015 Palladium
571 3962 761 4029 reddidisset‚)
783 3960 936 4015 transeunti
959 3964 1027 4031 (per

23 4050 32 4077 *-
107 4034 113 4045 '
167 4033 305 4097 nenas
329 4033 431 4086 offerre
455 4040 570 4087 conotus
591 4040 640 4086 est.
672 4031 726 4088 Sed
741 4048 805 4091 otuu
826 4047 856 4083 se
878 4030 924 4083 ille
940 4029 1028 4081 velato
