2454 4500
33 313 63 343 ,κ
139 253 232 358 noi
284 267 290 281 ‘
324 274 326 281 '
361 232 555 373 qssnvu
575 236 828 348 conuiuia
856 252 942 347 rus'

91 523 95 540 ,
121 528 126 535 ,
169 488 199 524 se
214 469 244 522 in
259 483 337 522 avem
356 462 512 535 mutatum,
530 475 562 520 ut
583 469 630 537 (G.
646 474 680 537 1,
696 469 783 532 378.):
809 466 928 539 Veterem
953 467 984 518 in
1008 466 1079 520 iimo
1104 474 1203 519 raaaa'

170 534 291 593 sociabar
315 535 472 604 querelam]
488 565 522 576 —
555 540 617 596 464.
635 536 779 601 Priorum3
801 536 901 604 legitur
924 542 955 603 et·
973 537 1097 604 piorum.
1141 534 1192 587 Sed

170 604 318 676 [priorum]
339 606 406 657 illud
428 613 531 672 spectat
553 605 633 670 (65.):
659 605 721 656 Heu
745 618 840 656 vatum
865 607 981 671 ignarae
1000 615 1105 654 mantes
1122 603 1191 670 quid

170 687 235 726 uota
246 674 403 742 jurantem
421 675 499 752 [quid
521 674 635 725 delubra
654 674 774 725 iuvant?
798 672 872 742 quod
888 671 1010 789 opperiris
1027 670 1189 743 expositum.

169 741 349 811 saeptorum
365 742 570 808 religiosorum,
591 740 749 806 castorum]
765 769 800 779 -
832 743 893 798 465.
940 738 1105 806 artificant5
1128 738 1192 790 hor·

170 827 265 863 rorem
285 806 426 862 incutiunt
449 836 484 850 ·—
521 814 583 869 466.
605 811 640 861 In
664 813 780 861 romnis
795 808 876 878 serus
898 809 1020 872 Aeneas,-
1053 809 1130 876 [non
1154 812 1192 858 est

171 878 313 946 epitheton
329 876 429 945 farus,
451 878 501 930 sed
520 878 652 944 fantasia,
675 880 761 932 talem
784 877 962 930 enim'illum
984 875 1192 944 imaginabatur

201 946 282 1001 talem
303 944 434 1011 timebat,
461 945 505 1011 et]
533 949 565 997 in
589 950 696 998 somnis
721 961 772 1016 pro
796 947 963 1010 insomniis,
992 943 1011 994 i.
1036 961 1060 995 e.
1075 941 1191 1013 uigiliis

171 963 331 1082 {imparque
349 1015 472 1079 relinqui
477 1035 486 1080 ;
504 1029 556 1082 per
570 1030 664 1067 omnes
675 1023 768 1068 noctes
781 1015 911 1082 navigare
923 1011 1069 1067 ridebatur
1080 1015 1193 1088 Aeneas,

172 1083 263 1151 quast
272 1099 335 1135 eam
357 1098 466 1149 semper
482 1083 628 1137 desereret.
644 1108 679 1123 -
711 1086 772 1142 467.
790 1081 928 1150 [Longam
946 1084 1022 1132 viam
1031 1080 1050 1146 ;'
1066 1077 1192 1132 nonnum

172 1151 325 1202 inferorum
341 1149 495 1221 accipiunt]
527 1150 711 1216 incomitata,
733 1153 807 1220 quod
822 1150 922 1214 ferale,
937 1149 957 1200 i,
974 1167 998 1202 e.
1014 1147 1193 1199 mortiferum

173 1233 256 1270 omen
279 1216 367 1287 [est,]
390 1227 418 1270 et
439 1220 586 1287 praecipue
608 1219 720 1288 regibus
744 1219 809 1287 [qui
830 1233 973 1286 nunquam
994 1215 1047 1267 soli
1068 1222 1141 1281 sunt.
1158 1236 1192 1279 ‚-
1220 1219 1223 1223 '

170 1290 233 1344 468.
251 1286 295 1337 ira
319 1288 410 1352 oiam;
434 1287 519 1339 veteri
540 1303 625 1340 more⁴
643 1289 718 1339 iuxta
741 1289 798 1352 ius,
819 1295 850 1336 ut
872 1285 940 1352 (Cic.
963 1301 1006 1353 pr.
1027 1284 1103 1336 Mur.
1123 1281 1197 1344 ωε·

173 1357 209 1405 ite
227 1356 317 1419 viam,
335 1355 417 1405 redita
435 1358 529 1419 viam,
546 1364 575 1407 et
591 1356 658 1408 alibi
676 1357 722 1424 (G.
739 1362 772 1422 3,
788 1354 855 1417 77.):
874 1353 986 1406 Primus
1003 1364 1029 1403 et
1046 1355 1087 1403 ire
1105 1353 1192 1422 viam.

174 1421 277 1491 Tyrias
301 1423 405 1473 deserta
429 1439 558 1490 quaerere
579 1436 669 1487 tarra,·
693 1424 766 1475 bona
788 1423 896 1475 affectio
935 1422 1023 1474 solent
1046 1419 1124 1472 euim
1146 1417 1194 1488 qui

173 1490 302 1543 deficiunt
317 1506 378 1556 suos
395 1491 558 1556 desiderare,
575 1501 607 1542 ut
621 1491 725 1543 dulcius
742 1491 904 1542 moriantur.
922 1515 956 1528 -
989 1493 1051 1546 469.
1068 1488 1192 1554 Agmina

173 1557 323 1622 Pentheum
341 1567 388 1610 aut
402 1559 533 1629 impetus:
551 1567 599 1611 aut
613 1560 762 1611 secundum
778 1559 935 1624 Urbanum,
951 1557 1063 1626 agmina
1079 1571 1194 1624 serpen·

172 1628 257 1689 tium3
287 1628 353 1695 [aut
374 1628 523 1679 secundum
546 1628 693 1695 quosdam,
723 1629 787 1696 quia
809 1627 918 1679 habitus
941 1641 1040 1678 earum
1063 1632 1092 1679 et
1113 1620 1194 1685 sibila¹

172 1695 356 1764 serpentium,
384 1696 481 1764 quihus
509 1696 625 1748 crinitae
647 1694 711 1746 sunt
732 1695 911 1758 Eumenides,
942 1693 1044 1746 faciem
1074 1691 1193 1760 agrninn

172 1763 321 1831 praebent,
338 1763 384 1817 uel
406 1763 470 1831 quia
491 1763 582 1834 plures
603 1763 692 1817 furiae
713 1771 856 1833 putantur,
879 1762 920 1814 vel
936 1764 1000 1831 quia
1015 1761 1126 1812 furiosis
1142 1772 1192 1827 pro

143 1831 260 1889 ,utribus
282 1832 374 1901 plures
391 1832 523 1882 videntur.
557 1833 593 1882 Et
616 1832 686 1883 bene
703 1833 777 1885 videt
794 1833 925 1899 agmina,
948 1829 1078 1900 expressit
1100 1831 1193 1881 iuren-

173 1904 246 1963 tem,
269 1915 334 1951 cum
357 1900 396 1950 ait
416 1899 507 1964 Videt,
528 1915 585 1951 non
601 1899 751 1961 existimat,
773 1901 821 1954 sed
837 1906 960 1970 putatae
977 1895 1101 1962 videre:]
1125 1897 1192 1948 Pen-

172 1967 252 2019 theus
269 1975 362 2020 autem
378 1969 526 2019 secrmdum
542 1967 712 2034 tragoediam
728 1968 836 2020 Paceni
851 1968 939 2019 furuit
954 1966 1040 2018 etiam
1056 1965 1130 2035 ipse,
1147 1963 1192 2083 Lda

174 2050 228 2105 quo
244 2036 339 2086 sabula
354 2037 416 2087 talis
433 2044 487 2086 est:
511 2036 659 2099 Pentheus,
675 2035 803 2088 Echionis
821 2043 848 2088 et
865 2037 965 2102 Agaues
981 2029 1067 2099 lilius,
1085 2034 1145 2084 The
1165 2047 1191 2082 a·

172 2117 273 2155 norum
290 2120 352 2166 rex,
375 2120 438 2152 curn
461 2103 649 2167 indignaretur
666 2119 697 2153 ex
713 2100 865 2156 matertera
882 2120 930 2154 sua
946 2101 1055 2159 Semele
1068 2101 1188 2169 genitum

173 2169 304 2222 Liberum
321 2180 429 2236 patrem
447 2171 499 2220 coli
516 2178 647 2238 tanquam
664 2172 759 2234 deum,
784 2180 813 2220 ut
830 2171 952 2240 primum
970 2171 1106 2240 comperit
1129 2183 1187 2219 eum

173 2238 202 2287 in
221 2238 369 2289 Citherone
386 2246 479 2288 monte
497 2256 564 2302 esse,
580 2239 654 2288 misit
670 2240 810 2304 satellites,
828 2232 957 2306 qui‘eum
973 2239 1093 2288 vinctum
1111 2236 1185 2288 adse

193 2306 367 2369 erducerent,
391 2307 437 2372 qui
461 2323 524 2355 cum
541 2307 631 2372 ipsum
654 2322 710 2356 non
734 2307 910 2370 invenissent,
934 2322 1021 2357 unum
1040 2323 1070 2357 ex
1087 2304 1185 2356 comiti·

173 2323 223 2423 hus
240 2374 296 2423 eius
314 2375 430 2425 Acoiten
453 2383 564 2440 coptum
588 2375 622 2424 ad
639 2374 791 2425 Pentheum
815 2377 1006 2442 perduxerunt.
1041 2376 1108 2437 Hic,
1129 2386 1182 2421 crim

173 2441 248 2506 (dum
258 2439 281 2502 ?)
298 2441 332 2490 de
350 2458 381 2492 eo
399 2443 553 2509 graviorem
570 2458 688 2511 poenam
704 2447 888 2507 constitueret,
902 2443 980 2492 iussit
997 2458 1063 2493 eum
1079 2441 1182 2492 interim

171 2507 262 2560 claudi
286 2508 419 2559 vinctum:
451 2526 569 2576 cumque
592 2521 687 2578 sponte
712 2528 759 2562 sua
791 2518 819 2561 et
842 2511 960 2562 carceris
983 2512 1057 2562 sores
1081 2515 1180 2578 apertae

171 2584 275 2639 essent,
292 2584 320 2627 ct
336 2578 441 2629 nacula
458 2579 550 2628 Acoeti
568 2579 741 2644 excidissent,
758 2579 872 2629 miratus
889 2578 1024 2628 Pentheus
1042 2583 1181 2647 expectatu-

170 2660 217 2696 rus
241 2661 318 2694 sacra
340 2645 436 2698 Liberi
459 2647 543 2714 patris
567 2646 715 2709 Citherona
738 2647 819 2715 petit,
850 2663 933 2714 quern
956 2646 1043 2696 visum
1067 2645 1178 2696 Bacchae

170 2711 377 2781 discerpserunt.
413 2715 505 2765 Prima
522 2723 614 2764 autem
631 2716 720 2781 Agave
737 2723 841 2779 mater,
866 2715 923 2764 eius
940 2723 1095 2783 amputasse
1111 2715 1178 2790 capul

170 2779 278 2843 dicitur,
294 2781 384 2831 feram
401 2799 456 2834 esse
474 2779 692 2844 ezristirnansl-
725 2789 787 2838 470.
806 2783 896 2832 Solem
910 2785 1069 2847 geminum3
1088 2790 1176 2847 tragice
1215 2794 1219 2803 “

169 2848 236 2899 dixit
252 2848 371 2899 imitatus
388 2850 555 2918 Euripidem.
589 2849 724 2916 Duplices
743 2850 865 2912 Thebos;
891 2850 982 2900 civitas
999 2851 1029 2900 in
1046 2851 1177 2902 Boeotus

170 2916 275 2967 Cadmo
303 2925 330 2967 et
347 2916 431 2967 Zetho
455 2927 482 2968 et
497 2918 650 2988 Amphione
673 2919 830 2980 constituta,
854 2919 883 2968 in
907 2933 961 2984 qua
986 2917 1107 2987 Oedipus
1129 2909 1178 2965 Laii

169 2982 238 3034 filius
256 3000 320 3033 cum
337 2992 426 3035 matre
443 2987 603 3049 concubuit,
619 3003 651 3037 ex
668 3002 721 3052 qua
738 2986 860 3037 Eteocles
878 2993 905 3036 et
922 2985 1075 3053 Polynices,
1099 2984 1177 3053 quise

170 3058 282 3122 propter
306 3067 424 3118 regnum
447 3054 563 3106 invicem
586 3062 770 3122 peremerunt.
795 3081 828 3092 -
868 3058 929 3110 471.
952 3053 1177 3120 Agamemnonius
1226 3058 1227 3068 ¹

172 3123 266 3171 scenis
292 3123 417 3186 agitatus
435 3121 560 3184 Orestem
582 3123 656 3174 huno
674 3121 791 3173 Oresten
814 3123 925 3174 Electra
948 3138 1027 3171 soror
1052 3123 1109 3173 eius
1131 3121 1178 3191 post

172 3188 291 3238 occisum
317 3189 351 3238 ab
369 3189 476 3256 Aegisto
500 3191 561 3241 dolo
578 3191 813 3257 Clytaenmestrae
835 3189 930 3240 matris
948 3192 1179 3257 Agamemnonem,

173 3256 318 3321 subtraxit,
342 3273 424 3323 quem
442 3256 569 3328 Strophio
592 3258 721 3310 alendum
737 3259 819 3308 dedit.
853 3260 925 3308 Eum*
943 3273 1008 3306 cunr
1024 3258 1081 3308 filio
1098 3252 1181 3325 Pylade

170 3323 315 3375 educatum
338 3325 367 3374 in
384 3326 503 3377 adultam
522 3326 648 3392 produxit
670 3334 804 3390 oetatem,
828 3327 874 3392 qui
899 3332 929 3373 ut
945 3326 1070 3393 primum
1087 3327 1121 3376 de
1137 3339 1180 3375 sce

169 3391 228 3442 lero
245 3392 340 3442 matris
357 3409 388 3442 ac
406 3402 495 3445 morte
512 3394 595 3464 patris
613 3395 734 3461 agnovit,
757 3394 831 3446 venit
846 3394 974 3460 Mycenas
998 3401 1028 3445 et
1045 3388 1180 3446 adiuvant-

170 3458 221 3509 bns
250 3460 340 3509 arnico
362 3461 459 3528 Pylade
489 3471 518 3514 et
540 3478 633 3513 sorore
658 3462 782 3527 Electra,
806 3462 1052 3529 Clytaemnestram
1075 3470 1181 3513 matrem

171 3542 235 3577 cum
259 3528 382 3578 udrrltero
405 3530 513 3598 Aegista
538 3530 649 3594 occidit,
673 3529 709 3580 ob
733 3547 817 3597 quam
840 3547 901 3581 rem
925 3529 1096 3596 aliquamdiu
1118 3523 1181 3580 fariis

170 3594 314 3657 agentibus
338 3595 455 3647 insaniit,
489 3598 558 3650 Sane
576 3599 815 3663 Agamemnonius
840 3614 894 3647 non
913 3605 954 3647 est
970 3596 1180 3666 patronymicus}

169 3677 235 3712 nam
253 3661 502 3739 Agamemnoniday
519 3668 611 3717 facere
629 3665 731 3716 debuit.
765 3668 839 3732 Ergo
856 3667 924 3715 sicut
942 3670 985 3728 (6,
1001 3666 1092 3729 489,);
1121 3664 1181 3728 Aga·

170 3732 396 3799 mernnoniaeque
412 3732 589 3801 phalangae]
622 3733 718 3784 Scenis
736 3736 878 3800 agitatur5
895 3733 1024 3798 famosus,
1042 3735 1181 3786 celebratus

169 3798 326 3865 tragoediis.
360 3799 495 3867 [Qualiter
518 3821 536 3854 a
552 3802 665 3853 Graecis
689 3801 719 3852 in
742 3818 824 3855 scena
847 3800 1007 3864 inducitur]
1041 3798 1078 3851 Et
1103 3803 1180 3867 agtu-

168 3877 231 3930 tus,
254 3865 319 3934 quia
342 3875 370 3919 et
385 3869 472 3920 furuit
488 3877 517 3924 et
538 3869 627 3940 [inuiis
644 3871 777 3937 agitatus,
798 3878 846 3922 aut
862 3866 937 3937 quia]
960 3869 1064 3922 multae
1081 3877 1142 3921 sum
1155 3864 1181 3914 de

168 3949 201 3984 eo
215 3932 387 4002 tragoediae:
402 3936 480 4005 quasi
492 3939 651 4008 frequenter
664 3945 746 3988 actus.
759 3964 793 3975 -
827 3941 888 3996 472.
903 3937 1048 3986 Armatam
1064 3948 1181 3992 matrcmr

167 4018 279 4054 sarisam
303 4004 390 4069 ipsam
415 4005 524 4059 furoris.
567 4005 656 4074 [Cum
674 4006 770 4074 fugin
801 4006 835 4058 ad
859 4021 938 4071 eum,
961 4006 1077 4058 credidit
1101 4002 1183 4058 veriu-

24 4278 30 4300 '
115 4324 185 4445 f
