2454 4500
178 248 243 311 ⁴82
423 232 571 307 siuvn
595 243 950 311 COMMENTARIUS

1214 302 1219 325 i

183 496 338 564 Chalybum
354 496 444 567 posuit
460 499 609 549 stricturas
625 513 676 568 pro
692 500 761 551 ferri
777 501 880 550 massu-
893 527 929 537 -
964 501 1031 558 423.
1048 499 1111 553 Hoc
1127 517 1185 559 sucu
1215 438 1221 539 i

181 565 199 618 i.
214 583 237 618 e.
254 567 308 617 buc
324 574 399 617 mm:
415 572 444 617 et
457 565 508 616 boc
519 582 569 637 pro
582 566 637 615 buc
653 568 743 635 posuit
758 568 910 620 secundum
925 569 1079 634 antiquum
1096 586 1186 623 mosen

182 636 255 686 Nam
272 642 368 699 antea,
389 633 440 684 boc
455 634 617 686 adverbium
633 634 687 685 loci
703 635 769 701 fuit,
792 637 867 704 quod
882 652 959 686 nunc
976 637 1109 691 abolesit.
1138 640 1186 691 lim
1216 692 1223 703 ,

181 703 282 755 crebro
298 702 328 753 in
344 702 462 770 antiquis
477 702 637 754 lectionibus
654 703 804 769 iuvenitur,
827 704 897 754 sicut
913 704 945 755 in
963 704 1088 773 epistolis
1113 707 1187 774 probi
1219 716 1223 737 ³

182 772 293 824 Verrius
308 771 420 821 Flaccus
436 771 578 839 exemplis,
594 771 769 835 auctoritate,
785 772 909 832 rationu
932 771 1049 839 dicens,
1075 773 1107 825 in
1122 776 1188 827 adm
1220 778 1224 801 ²

180 840 233 892 biis
249 854 301 909 pro
320 856 354 902 u,
379 857 394 890 o
419 838 582 906 plerumque
604 837 723 889 maiores
745 856 849 918 ponere
865 838 1028 891 consuetos:
1053 849 1085 893 et
1107 844 1188 913 sicpu
1221 840 1224 845 '

181 909 251 972 leuc,
274 906 326 957 boc
343 914 445 958 veteres
461 907 552 958 dicere
571 907 707 959 solebant:
731 916 802 959 sicut
818 922 869 974 pro
895 908 985 976 illuc,
1009 909 1187 963 illo-licium
1221 942 1224 947 ·

183 978 261 1030 Unde
278 974 362 1026 etiam
379 973 444 1041 boc,
462 993 477 1025 o
493 974 607 1043 longum
624 989 681 1028 esse
697 983 819 1044 apparet,
835 976 905 1026 sicut
924 977 977 1028 illo
996 977 1128 1043 dicimus,
1194 1028 1200 1045 ,
1218 976 1224 1057 j

183 1061 235 1116 pro
254 1043 324 1094 illuc
342 1043 460 1109 ponitur.
476 1067 510 1080 -
544 1048 609 1111 424,
628 1041 755 1110 [Ferrum
774 1045 953 1103 exercebant,
977 1042 1149 1099 oeconomia
1168 1070 1189 1085 ·

182 1121 244 1173 425.
268 1111 451 1176 Brentesium
471 1110 541 1228 puid
561 1110 661 1162 facturi
684 1113 738 1162 sint
762 1128 794 1163 ex
817 1113 979 1163 nominibus
1003 1112 1097 1165 docet.
1139 1116 1191 1167 ltu

183 1184 300 1234 Brontes
317 1196 333 1228 a
350 1180 454 1229 tonitru
488 1180 556 1231 ictus
573 1186 628 1240 est,
644 1173 711 1245 [ἀπό
727 1177 774 1246 τῆς
791 1177 927 1249 βροντῆς]
964 1181 1096 1247 Steropes
1102 1206 1113 1246 ,·
1128 1184 1189 1235 ant

184 1260 271 1318 getza,
288 1241 344 1298 α’πὸ
361 1243 561 1315 τῆεοτεροπῆς.
597 1245 752 1312 Pyracmon
765 1265 837 1309 vero,
853 1250 900 1318 qui
916 1264 1070 1316 nunquam
1087 1250 1189 1303 scaleni
1221 1262 1224 1269 “

182 1314 282 1372 incude
299 1317 427 1380 discedit,
450 1311 505 1367 riui
522 1311 572 1367 soi
588 1311 672 1381 scopis
689 1324 733 1369 καὶ
750 1314 798 1369 soi
816 1312 940 1385 ἄκμονος.
976 1318 1056 1368 uam
1072 1316 1126 1388 scip
1139 1320 1189 1387 ignit

182 1395 231 1451 est,
248 1378 441 1451 inponimus.
474 1384 577 1435 Nudus
596 1387 732 1451 membru‚·
751 1403 802 1454 per
814 1387 887 1437 bunc
900 1386 988 1436 etiam
1005 1394 1116 1438 ceteros
1126 1390 1189 1439 midu

163 1449 263 1509 'fuisse
279 1452 422 1520 significat.
441 1477 474 1491 ··
507 1458 571 1511 426.
588 1453 793 1519 informatum
816 1456 847 1505 iu
862 1455 1007 1522 quandam
1025 1452 1188 1507 inrrnnmds·
1222 1472 1224 1481 ·

179 1525 319 1592 signatum
335 1528 363 1573 et
378 1520 571 1587 compositum.
603 1520 679 1571 Dicit
700 1531 808 1589 autem,
831 1522 859 1573 in
882 1519 1004 1573 fulmine
1022 1532 1132 1591 portem
1149 1538 1188 1575 usn

180 1592 348 1662 perfectam,
371 1597 482 1659 partem
497 1590 555 1641 iam
572 1589 687 1656 politam
704 1593 794 1642 fuisse.
827 1588 995 1658 [Marium
1021 1597 1102 1643 deest
1116 1592 1189 1657 fn,ut

179 1661 215 1711 sit
241 1661 272 1709 in
297 1655 448 1720 manibus]
465 1681 499 1695 —
532 1665 594 1714 427.
613 1657 681 1709 'I'nto
700 1667 765 1719 etc.;
789 1671 843 1709 toto
868 1659 961 1722 coelo,
986 1657 1053 1710 ie.
1077 1659 1114 1711 ab
1134 1656 1189 1709 oruri

181 1734 260 1795 parte
277 1726 354 1779 coeli.
387 1726 461 1776 Nam
479 1723 572 1776 dicunt
593 1726 711 1794 physici,
734 1729 769 1779 de
785 1726 902 1778 sedecim
928 1725 1059 1793 partibus
1074 1723 1189 1781 coeliud

179 1795 303 1848 fulmina.
339 1792 417 1860 Quas
434 1800 542 1858 autem,
564 1793 637 1862 [pro]
663 1795 768 1862 qualia:
791 1802 822 1844 ut
843 1798 885 1860 (9,
901 1792 989 1854 4713:
1014 1793 1103 1846 Hunc
1119 1805 1189 1863 egon

180 1863 304 1930 Euryale
323 1863 447 1926 ospicia,
462 1861 480 1912 i.
499 1879 523 1912 e.
542 1862 634 1913 talem.
668 1866 743 1929 Ergo
760 1863 814 1913 hoc
830 1862 912 1912 dicit:
930 1861 1088 1915 Faciebant
1103 1864 1189 1917 tulna

181 1933 211 1983 in
229 1946 326 1983 eorum
344 1929 567 1994 similitudinem,
590 1945 662 1997 quae
678 1931 801 2000 luppiter
823 1930 889 1980 iacit
903 1936 964 1979 toto
981 1932 1081 1997 coelo,
1102 1934 1152 1985 boc
1164 1938 1190 1984 ot

179 1999 215 2052 de
238 1999 349 2067 diversis
371 1997 494 2067 partibus
518 1996 602 2062 coeli,
625 1999 728 2051 scilicet
760 1998 887 2050 sedecim.
910 2023 946 2035 ·-
987 2003 1056 2057 428.
1077 2001 1189 2067 [Deiisiu

180 2066 345 2147 quibusdam
361 2066 468 2118 videtur
484 2064 623 2116 humiliter
640 2066 757 2118 dictum:
780 2066 827 2118 alii
844 2068 876 2116 cle
892 2082 945 2136 pro
963 2070 1049 2118 uulsis
1068 2070 1191 2136 accipian.

180 2143 251 2185 sicut
267 2135 381 2187 diximus
400 2136 495 2184 deamo
513 2149 564 2200 pro
581 2134 661 2184 ualde
679 2134 762 2199 amu]
778 2161 812 2171 -
844 2141 906 2191 429.
927 2135 999 2185 Tres
1027 2139 1128 2187 imbris
1144 2137 1192 2188 torti

181 2204 293 2265 radios,
324 2203 463 2252 constricti
487 2209 515 2252 et
539 2202 626 2251 coacti
647 2203 677 2252 in
701 2204 874 2269 grandinem.
922 2201 1028 2254 Statius
1061 2206 1158 2271 (Theb.
1177 2212 1191 2265 l.

180 2271 267 2332 352.):
294 2269 372 2320 Sicco
391 2271 433 2336 (il.
450 2271 479 2320 V.
497 2269 570 2338 Lips.
588 2268 676 2321 Guelf.
693 2272 712 2320 1.
729 2274 760 2322 il.
785 2272 819 2322 al.
837 2270 936 2331 siccos)
956 2289 1032 2336 quos
1051 2293 1132 2338 asper
1147 2274 1190 2321 bin

179 2351 210 2388 tu
235 2340 282 2401 (V.
308 2340 381 2404 Lips.
406 2337 496 2387 Guelf.
520 2338 540 2388 l.
565 2335 679 2401 hiatus5
712 2339 801 2390 Gueli.
825 2340 857 2389 11.
880 2339 1012 2400 hiatum)
1039 2341 1191 2393 Praesolidnt
1222 2348 1224 2363 ¹

179 2406 291 2457 Boreas.
326 2408 361 2456 Et
377 2406 533 2471 sciendum,
557 2404 609 2455 hoc
627 2423 691 2456 eum
708 2408 774 2458 velle
792 2407 951 2470 ostendere,
974 2416 1039 2457 toto
1064 2408 1192 2461 aimoini

177 2475 292 2526 fulmen.
327 2474 399 2524 Nam
415 2490 466 2542 per
489 2472 538 2523 has
562 2474 734 2541 periphrases
752 2484 877 2544 tempora
895 2477 1019 2526 ostendit
1037 2479 1191 2537 enniconis,

178 2560 249 2609 quse
273 2549 300 2594 et
317 2549 445 2608 quattuor
469 2557 527 2591 esse
544 2550 572 2591 et
595 2549 687 2592 ternos
704 2560 809 2594 menses
832 2542 936 2594 habere
960 2547 1144 2597 nranisestum
1158 2556 1191 2598 cst

177 2611 255 2662 Unde
273 2611 352 2660 dicit:
378 2610 445 2658 Tres
471 2611 571 2660 imbris
594 2612 661 2659 torti
680 2612 788 2662 radios.-
811 2610 864 2661 hoc
887 2618 929 2663 est
951 2614 1116 2678 grandinis,
1138 2629 1191 2681 quac

178 2678 299 2731 abundat
315 2695 365 2748 per
387 2677 518 2728 hiemem.
557 2677 726 2728 Tresnuiis
744 2696 879 2746 aquosam
902 2678 956 2729 hoc
984 2689 1029 2732 est
1046 2683 1129 2745 veris,
1149 2696 1189 2749 quo

176 2755 302 2816 tempore
320 2745 422 2798 nimiae
440 2755 501 2795 sunt
524 2744 643 2812 pluviae:
667 2756 696 2795 ut
720 2749 763 2812 (G.
783 2756 813 2811 1,
831 2746 914 2807 3133:
938 2748 975 2797 Et
1005 2752 1066 2799 ruit
1083 2749 1188 2818 imbrife-

178 2834 239 2866 rum
259 2833 312 2866 ver.
346 2814 448 2865 Rutuli
466 2826 520 2863 tres
540 2815 633 2879 ignes3
658 2813 710 2864 hoo
734 2825 774 2866 est
792 2816 907 2866 aestatis.
942 2815 979 2866 Et
999 2819 1083 2868 alitis
1100 2819 1188 2878 austri,-

174 2883 192 2933 i.
212 2901 235 2934 e.
253 2883 397 2946 Autumni,
414 2898 468 2950 quo
487 2889 630 2932 ventorum
648 2883 744 2934 crebra
762 2891 824 2935 sunt
840 2883 962 2935 flamina.
1002 2887 1040 2935 Et
1057 2888 1187 2953 prudenter

175 2951 218 3002 bis
236 2950 362 3001 omnibus
379 2959 508 3002 natiuam
526 2950 656 3015 exprimit
672 2951 807 3004 fulminis:
824 2953 895 3018 quod
912 2970 1031 3005 necesse
1043 2963 1094 3018 est,
1108 2964 1136 3004 ut
1149 2968 1186 3020 per

175 3017 264 3070 nubes
287 3026 413 3069 nascatur
437 3025 464 3068 et
487 3026 588 3069 ventos.
630 3018 713 3084 [Num
736 3021 802 3071 alibi
824 3019 864 3071 uit
887 3025 928 3086 (2,
945 3022 1039 3082 649.):
1061 3022 1184 3073 Fulminis

177 3087 293 3156 afflavit
317 3089 406 3137 uentis
429 3098 454 3136 et
477 3088 596 3151 contigit
620 3089 689 3151 igni.
723 3089 759 3138 Et
775 3089 846 3140 bene
868 3088 898 3138 in
914 3091 1070 3141 materiam
1085 3087 1183 3143 fulmini!

175 3157 254 3208 vertit
279 3172 312 3206 ea
335 3171 367 3206 ex
385 3155 482 3221 quibus
498 3155 603 3205 fulmen
620 3155 753 3219 nascitur,
776 3157 893 3221 nubem,
915 3156 1060 3223 imbrem,
1080 3167 1183 3213 ventum,

174 3237 242 3275 nam
265 3231 296 3273 ut
320 3222 425 3290 Physici
449 3218 541 3273 volunt
570 3237 633 3271 cum
662 3224 748 3274 nubes
771 3225 854 3275 ventis
876 3224 1063 3278 vehementer
1085 3228 1181 3295 agitatre

175 3299 250 3355 sunt,
267 3290 305 3342 sic
322 3291 489 3342 incalescunt
506 3296 536 3339 ut
552 3290 743 3342 accendantur.
777 3295 846 3344 b'ane
869 3293 976 3344 fulmen
999 3295 1103 3364 tripiici
1124 3310 1180 3365 prrs-
1222 3292 1224 3341 3

175 3360 264 3410 ditum
290 3367 423 3427 potestate
441 3366 494 3409 est:
517 3358 564 3408 Est
588 3361 812 3426 ostentatorium,
835 3362 1076 3430 peremptorium,
1099 3378 1179 3433 praesc
1222 3403 1224 3413 ,

172 3440 254 3542 pum:
278 3429 488 3480 ostentatorium
513 3432 553 3476 est
570 3441 623 3492 quo
640 3433 730 3478 terror
752 3428 898 3493 incutitur,
921 3442 952 3479 ut
969 3431 1110 3497 Fulgores
1125 3443 1177 3480 nun
1221 3426 1224 3493 ζ

193 3496 337 3561 orrificos,
369 3498 546 3560 sonitumque
571 3507 730 3561 metumque.
774 3498 808 3548 At
834 3513 898 3547 cum
920 3498 989 3549 dicit
1013 3500 1177 3565 Flammisqu
1221 3542 1224 3569 ⁴

181 430 229 481 ies
259 427 331 481 nudi
354 425 481 499 serrum,
509 430 658 496 virosaque
681 428 793 481 *Pontus
817 429 961 483 Castum.
1011 429 1093 485 Unde
1123 400 1207 485 mods-

173 3564 339 3627 sequncihus
359 3567 433 3626 iras,
457 3562 675 3630 peremptorium
693 3563 779 3615 docet.
814 3565 941 3632 Praesagi
965 3576 1067 3617 autom
1089 3572 1176 3620 sicne

172 3630 433 3696 minit(10‚175.):
452 3631 563 3680 Tertius
583 3631 630 3680 ille
649 3632 793 3682 bominum
813 3635 961 3701 divumque
982 3640 1118 3703 interpres
1129 3640 1175 3701 Asy·
1220 3676 1224 3706 ,

173 3698 233 3762 las,
258 3698 312 3748 Cui
329 3702 464 3766 pecudum
482 3699 590 3766 fibrae,
614 3702 684 3750 coeli
708 3704 755 3749 cui
779 3703 871 3751 sidera
888 3718 1004 3771 parent,
1027 3705 1064 3754 Et
1088 3707 1175 3772 linguas
1220 3747 1224 3776 4

170 3767 331 3833 uolucrum,
355 3779 380 3817 et
397 3770 529 3834 praesagi
546 3767 686 3834 fulminis
705 3773 791 3835 ignes.
825 3771 957 3823 Nonnulli
976 3789 1041 3825 vero
1060 3772 1175 3826 manuus

167 3833 306 3897 fulminis,
337 3837 378 3885 his
402 3837 576 3899 numinibus,
605 3836 622 3884 i.
649 3855 672 3886 e.
697 3836 767 3903 Iovi,
790 3838 903 3904 Iunoni,
926 3840 1030 3906 Marti,
1056 3851 1085 3894 et
1104 3848 1174 3893 luno
1218 3815 1224 3910 f

167 3908 247 3952 vento
265 3901 394 3953 adserunt
419 3902 579 3966 attributes,
602 3905 676 3969 quod
699 3907 752 3956 hoc
775 3905 835 3956 loco
860 3909 1024 3962 ostendunt:
1048 3920 1174 3963 nameus
1217 3952 1224 3984 ε

165 3969 232 4021 dicit
257 3969 323 4022 Tris
354 3970 455 4024 imbris
486 3975 554 4025 torti
579 3971 690 4039 radios,
720 3974 812 4028 Iovem
836 3975 1003 4046 significasse
1031 3978 1174 4048 intelligito
1219 4010 1224 4050 l
