2454 4500
41 348 45 377 ¹.

41 382 45 417 l
128 410 132 417 ,

41 422 43 433 Ι

149 278 152 285 ’
214 317 250 358 n
269 296 423 358 umen.
445 248 614 373 ranam
636 294 716 357 ΗΒ.
738 264 777 387 r,
800 298 991 365 sis-sse.
1042 270 1107 364 ser
1172 362 1176 369 .

41 470 45 525 :¹
88 479 277 547 Anlmumqus
294 481 428 532 labentem
446 454 582 547 Impulit'
613 481 666 530 Aut
681 486 756 531 certe
770 478 932 550 perpetuum
948 456 992 529 est
1004 436 1108 549 ipithe·

87 556 142 599 ton*
154 548 271 600 Veneris
288 550 382 616 [qiam
397 550 532 600 Homerus
548 555 626 601 vocat
641 542 815 615 priapeium]
827 574 861 584 -
894 552 954 604 stt.
970 545 1107 613 spumam

90 620 133 666 tia
150 616 256 684 frena3
285 633 394 685 spumas
423 616 558 667 vomentia
589 616 640 680 (sl
666 616 826 676 moventis).
848 640 883 652 -·
922 618 983 672 818.
1014 613 1108 674 Faria

88 684 182 751 equis:
205 692 237 734 ut
259 685 309 749 (2,
332 684 406 744 ἕως
435 684 522 750 inque
539 683 600 749 feri
626 700 738 734 euream
766 684 815 749 (al.
832 680 904 744 cav.)
928 682 1108 749 compagibus

89 754 187 803 aluum
212 751 360 803 contorsit.
377 778 410 789 ·-
444 757 505 808 822.
532 751 632 802 Variae
656 755 787 817 comitum
804 752 913 820 seciam
936 758 983 801 aut
1006 749 1107 803 belluas

88 820 158 871 dicit
179 820 314 884 marinas,
342 820 493 872 secundum
515 829 658 872 naturam:
686 827 734 870 aut
761 820 865 888 poetice
889 819 953 869 dees
976 817 1106 869 marinos.
1173 844 1177 857 ·

88 888 233 937 immania
259 898 326 949 eete;
347 888 467 956 [Graeca
489 886 644 951 declinatio]
667 884 699 939 ri
724 886 816 951 κῆτος,
847 883 931 952 κήτη,
956 892 1000 949 ut,
1022 882 1106 952 fliius,

87 954 166 1034 βέλη.
195 956 274 1021 'Nam
291 955 389 1013 Latine
411 958 449 1005 sie
465 955 602 1006 declinere
620 956 781 1020 (declinari)
797 971 853 1009 non
869 960 964 1024 petest
996 952 1107 1005 Nullum

71 1040 167 1076 ¹enim
192 1023 263 1092 apud
286 1039 336 1074 nos
359 1023 461 1074 animal
483 1024 591 1089 generis
608 1024 698 1075 neutri
715 1031 769 1087 est,
791 1024 843 1074 nisi
864 1028 936 1075 torte
960 1019 1005 1070 bic
1023 1033 1107 1086 cerus,

88 1093 179 1143 huius
197 1094 249 1141 ceti
264 1091 399 1143 dicamus:
424 1092 497 1157 quod
519 1106 651 1157 nusquam
673 1092 775 1141 lectum
799 1099 847 1142 est.
887 1090 959 1143 Nam
980 1088 1127 1141 dicuntur'

89 1178 175 1211 cenes
194 1162 308 1209 morini.
324 1186 359 1196 -
392 1165 453 1214 823.
478 1158 512 1207 Et
528 1162 623 1208 senior
642 1157 744 1208 Glauci
763 1157 882 1221 Chorus3
906 1159 1042 1227 [utsupra
1059 1155 1107 1220 (G.

89 1235 103 1287 1
113 1214 214 1297 sitifi.)
231 1226 375 1292 diximus‚]
400 1225 526 1275 Glaucus
543 1225 748 1294 [Anthedoniru]
764 1226 882 1296 piscator
897 1225 963 1276 luit·
980 1224 1026 1291 qui
1043 1241 1108 1275 cum

88 1304 184 1366 captos
207 1295 293 1365 pisces
313 1310 396 1360 supra
417 1293 535 1345 herbam
553 1295 707 1358 abiecisset,
730 1302 758 1344 et
780 1310 826 1346 eos
849 1293 984 1359 recepisse
1001 1291 1108 1344 vidisset

88 1376 175 1443 qttarn
192 1364 343 1415 amiserant
358 1362 442 1412 vitam
460 1362 506 1427 (al.
523 1362 668 1423 animam):
690 1362 829 1415 intellecta
845 1361 994 1413 barbarum
1012 1368 1108 1428 poten·

88 1440 144 1498 tra,
170 1432 339 1500 [decerptam
359 1429 477 1481 herbam
501 1430 629 1498 gustavit,
652 1438 681 1481 et
702 1446 731 1482 sa
754 1430 944 1496 praecipitavit
964 1428 993 1481 in
1010 1428 1113 1493 utam'a,v

88 1500 127 1565 et]
143 1500 175 1552 in
191 1501 274 1551 deum
296 1498 445 1567 [marinum
462 1497 653 1563 conihnutatus
671 1505 724 1549 est:
749 1498 824 1549 cuius
847 1499 891 1550 hic
909 1497 1022 1551 eborum
1045 1494 1107 1548 ideo

89 1578 183 1619 sen'ern
201 1564 281 1629 dic'it,
306 1568 369 1633 quia
386 1567 472 1616 etiam
487 1566 545 1636 ipse
561 1582 642 1617 senex
657 1567 756 1617 iuerat.
794 1568 848 1617 Aut
869 1573 943 1617 certe
967 1567 1106 1616 seniorem

46 1648 52 1655 '
88 1636 158 1689 dicit
173 1640 288 1766 prepter
303 1649 464 1700 spumarum
480 1633 615 1684 colorem:
636 1633 706 1683 sicut
727 1650 814 1703 paene
831 1649 925 1684 ornnes
942 1633 981 1685 dii
1001 1632 1127 1700 lingua·-

101 1721 134 1755 ur
152 1705 221 1772 [esse
255 1702 364 1752 marini
401 1701 542 1767 Inousque
560 1700 721 1763 Palaemon3
743 1701 888 1756 Melicerta
910 1698 990 1751 Inous
1014 1700 1107 1766 (inus)

86 1713 169 1824 iilius.
204 1771 240 1821 Et
251 1770 402 1823 notandum
414 1769 634 1839 patronymicum
648 1786 665 1820 a
681 1776 770 1820 matre
785 1769 814 1823 in
829 1776 939 1821 auctore
952 1758 1059 1820 idoueb.
1072 1794 1108 1806 -

86 1843 153 1898 sat
170 1838 321 1904 Phorcique
339 1842 476 1889 exercitus
495 1837 610 1900 omnisp
624 1837 664 1887 dii
680 1838 726 1905 qui
741 1836 792 1886 sub
808 1837 914 1889 Phorco
932 1844 1023 1904 egum.
1056 1835 1107 1886 Hic

86 1915 184 1961 autem
207 1907 326 1959 Phorcus
342 1905 449 1957 'dicitur
472 1905 599 1959 Thoosae
623 1905 728 1969 (Guelf.
754 1905 848 1970 thoos,
879 1903 951 1973 Lips.
974 1901 1107 1964 Theseae)

87 1975 235 2045 nymphae
245 1980 274 2026 et
289 1972 409 2053 Neptuni
425 1973 504 2024 tilius.
539 1972 575 2024 Ut
591 1981 684 2024 autem
700 1974 787 2024 Varro
803 1972 884 2034 dicit,
907 1988 954 2023 rex
970 1972 1022 2023 luit
1039 1971 1108 2022 Cor·

87 2045 161 2096 sicae
185 2050 214 2095 et
229 2040 384 2093 Sardimae:
409 2041 457 2110 qui
480 2057 544 2091 clun
566 2040 601 2091 ab
624 2041 731 2093 Atlante
753 2057 785 2092 re
805 2059 820 2093 e
844 2040 932 2092 navali
954 2038 1107 2091 certamine

86 2126 154 2163 cam
176 2125 279 2177 magna
295 2110 426 2160 exercitus
444 2117 522 2178 parte
546 2108 640 2160 suisset
655 2109 749 2178 [viena
766 2056 804 2174 eti
821 2107 948 2171 obrutus,
969 2107 1105 2161 finxerruit

86 2179 155 2232 socii
171 2179 229 2231 eius
246 2192 311 2231 eum
325 2176 356 2227 in
370 2177 452 2228 deum
464 2176 604 2228 marinum
617 2193 673 2228 esse
688 2186 854 2232 conversum.
866 2200 901 2213 -·
934 2181 995 2234 825.
1013 2174 1107 2226 Laevo

86 2258 183 2299 tenent
196 2246 305 2304 Tbetis;
322 2245 384 2295 satis
400 2246 549 2311 prudenter
564 2260 657 2296 sexum
671 2244 831 2298 debiliorem
847 2244 973 2297 sinistrae
990 2260 1024 2310 sp
1056 2244 1108 2293 'cat

86 2315 171 2384 parti.
189 2341 225 2353 --
258 2311 456 2377 asa.1t⁷isaee‚·
480 2311 571 2365 media
593 2313 775 2383 diphthongos
798 2322 846 2365 est.
864 2340 899 2350 -·
932 2319 992 2369 827.
1039 2313 1106 2368 icis-

86 2386 159 2450 simg
177 2383 243 2451 quia
258 2380 406 2448 reliquerat
423 2380 535 2447 quidem
552 2381 652 2447 socias,
668 2382 716 2434 sed
731 2381 847 2435 feliciter
863 2380 975 2450 petebat
990 2378 1105 2434 Italiam·

85 2478 122 2491 -
155 2457 218 2509 828.
235 2448 407 2509 Pertentent3
422 2448 575 2507 sollicitant
592 2477 627 2487 -
659 2454 721 2506 829.
740 2450 836 2505 Attolli
854 2449 957 2511 molos;
973 2448 992 2499 i.
1012 2447 1107 2501 mela

87 2537 141 2590 per
157 2518 298 2571 melorum
313 2516 509 2568 volubilitatem
530 2517 621 2570 levari,
653 2517 727 2569 Nam
743 2534 808 2569 cum
822 2518 997 2584 navigarent,
1020 2517 1104 2571 etiam

86 2582 286 2641 non'dubiuu'r
310 2585 383 2650 quod
405 2583 471 2635 olim
494 2592 639 2639 erexerant
660 2584 781 2638 arbores.
796 2613 832 2628 v-
864 2591 925 2643 830.
941 2583 1037 2640 Fecere
1060 2601 1106 2655 pe·

87 2658 165 2720 dem3
179 2656 198 2706 i.
211 2673 235 2706 e.
251 2652 367 2704 Podism
384 2651 523 2718 (Pedium
540 2653 630 2706 Guelf.
641 2653 662 2704 I.
679 2654 789 2718 pediam
807 2653 938 2717 dicir511.
956 2654 1107 2718 podicem),

85 2726 151 2795 [bec
169 2721 221 2788 est]
236 2722 347 2787 funem,
370 2735 424 2788 quo
440 2721 561 2773 tenditur
577 2720 680 2786 velum,
695 2722 779 2789 [quod
796 2721 898 2777 Graeci
913 2717 987 2778 reida
1002 2727 1107 2786 vocant,
1168 2755 1170 2760 -

85 2802 117 2844 ut
140 2799 183 2844 est
204 2789 276 2859 apud
292 2789 440 2839 Pindarum
464 2796 493 2839 et
513 2788 741 2857 Aristophanem]
774 2789 927 2853 sinistros,
948 2805 1022 2840 nune
1045 2788 1107 2846 dex·
1175 2810 1182 2825 ν

85 2869 153 2912 tros.
194 2856 248 2909 Pro
272 2868 355 2909 aurae
378 2856 566 2909 mutabilitate.
590 2883 625 2893 -
665 2863 726 2913 832.
753 2857 881 2919 Cornum
913 2864 1107 2914 erstemnarum
1185 2898 1188 2903 ,

86 2926 288 2981 extremitatem
312 2923 533 2990 (extremitates).
573 2923 630 2973 Sua
649 2924 791 2991 flamtnn,·
813 2941 960 2994 prospers,
982 2942 999 2976 a
1021 2922 1107 2999 puppi

85 2995 232 3049 venientia.
248 3018 284 3030 -
317 3000 378 3049 333.
396 2991 527 3058 Princeps
546 3004 609 3043 ante
628 3009 736 3056 omnes5
760 3009 847 3047 uniun
868 2991 1005 3062 [verbum]
1022 2999 1107 3057 vacat,

85 3065 129 3132 [ut
146 3066 190 3130 (2,
205 3060 274 3123 bod:
297 3060 409 3111 Primus
427 3062 469 3110 ibi
485 3072 548 3110 ante
567 3077 674 3124 omnes,
699 3076 768 3128 qima
784 3061 873 3130 figura
889 3059 919 3113 ἔκ
935 3057 1107 3128 παραλλήλου

85 3131 203 3194 dicitur,
219 3144 284 3181 cum
301 3144 387 3179 unum
404 3129 439 3180 ad
456 3128 565 3183 alteruis
583 3127 778 3194 expositionem
794 3127 889 3195 venit]
903 3154 936 3167 -·
970 3135 1031 3189 835.
1048 3129 1108 3182 Me-

86 3202 166 3251 diam
189 3199 261 3248 coeli
286 3208 401 3258 metem‚·
423 3196 512 3266 perite
535 3196 639 3248 locutus
661 3203 708 3246 est.
755 3195 830 3254 Nam
852 3197 976 3250 medium
999 3198 1107 3249 coelum

87 3275 166 3321 mete
182 3272 223 3318 est
239 3260 448 3334 ἆναριβάζυντοσ
470 3264 505 3331 [i.
522 3281 545 3315 e.
573 3263 778 3329 adscendentis]
800 3266 910 3325 circuli:
933 3266 981 3332 qui
1002 3264 1108 3320 medius

87 3343 132 3389 est
152 3334 227 3386 inter
250 3341 343 3388 ortum
365 3339 393 3384 et
416 3348 543 3383 occasum
565 3329 714 3400 [siderum]⁸
757 3332 893 3386 Amedio
916 3341 1008 3385 autem
1031 3333 1107 3389 coelo

86 3401 140 3471 [et]
156 3401 250 3452 linitur
267 3409 349 3466 ortus,
365 3407 394 3454 et
410 3414 518 3451 occasus
534 3400 632 3467 incipit
646 3400 775 3455 siderum.
808 3401 883 3454 Alter
893 3408 934 3453 est
951 3399 1109 3467 horizontis,

88 3474 138 3540 qui
163 3477 288 3537 segregat
309 3477 449 3540 aspectum
477 3466 558 3518 huius
580 3468 650 3519 coeli
674 3467 710 3519 ab
734 3464 788 3520 elio
812 3468 941 3522 invisibili
962 3466 1048 3521 nobis.
1072 3470 1125 3510 -'

87 3545 151 3596 837.
167 3538 223 3589 Sub
243 3539 326 3588 remis
343 3544 409 3598 etc.;
425 3537 444 3587 i.
460 3553 484 3586 e.
500 3536 660 3603 requierant
676 3537 830 3616 paululum,
851 3535 890 3587 sic
905 3552 997 3589 remos
1013 3544 1108 3594 tenen·
1203 3570 1208 3575 -

87 3615 137 3659 tes.
155 3632 189 3644 -
223 3611 284 3663 838.
300 3605 399 3670 Levis3
415 3603 457 3656 vel
467 3603 588 3655 adventu
605 3604 646 3655 vel
661 3605 785 3656 discessu.
818 3605 890 3656 Nam
906 3604 971 3657 levis
985 3604 1016 3657 in
1033 3613 1108 3661 uua

87 3690 143 3743 que
168 3680 215 3725 est.
238 3700 272 3712 -·
318 3679 379 3731 839.
402 3672 532 3736 Dispulit
556 3674 684 3737 umhrnr,·
711 3690 778 3724 nam
799 3689 909 3740 semper
933 3674 997 3727 deos
1020 3673 1108 3729 ambit

87 3743 207 3794 nimbus.
223 3770 259 3781 -
298 3746 359 3800 840.
386 3741 424 3791 Te
442 3740 574 3792 Palinure
597 3753 703 3808 perenm
728 3742 840 3793 factiose
862 3741 1037 3809 aggrediens,
1059 3759 1107 3812 ep·

87 3818 192 3881 petere.
225 3812 273 3878 [Et
288 3810 441 3875 sciendum,
457 3809 486 3860 in
503 3810 591 3859 maius
607 3808 741 3860 celebrari
757 3810 877 3861 Palinmi
893 3817 1011 3862 mortem
1029 3824 1107 3863 more

86 3878 211 3948 poetico,
234 3895 317 3947 quem
333 3879 515 3930 dormientem
532 3878 561 3926 in
578 3878 662 3928 undas
678 3886 784 3929 constat
799 3879 911 3929 missum
934 3878 979 3944 (in
997 3894 1022 3928 u.
1039 3879 1109 3930 ceci-

89 3948 161 3999 disse
184 3946 247 3997 satia
271 3945 406 4012 constat)].
447 3945 577 4007 Somnin3
600 3960 733 4012 soporem.
773 3947 846 3999 Beue
870 3953 964 3998 eutem
981 3945 1109 3998 discernit

86 4015 141 4066 ista
157 4013 300 4082 Virgilius,
324 4022 354 4064 ut
370 4014 503 4065 Somnum
526 4014 616 4082 ipsum
638 4015 721 4065 deum
745 4015 831 4066 dieat:
854 4015 1014 4077 Somnium,
1036 4014 1109 4081 quod
