2454 4500
111 262 178 329 eoo
370 254 511 319 sauvu
533 214 889 343 couu'aurimus
942 274 945 279 ·

111 450 176 499 ante
197 440 228 495 iu
250 440 388 513 spelrmcis
410 459 468 499 non
490 444 609 497 fererant.
650 443 687 496 Et
712 444 872 509 sciendum,
895 441 969 497 hane
986 434 1155 513 paraciitum

110 512 252 565 interdum
274 510 313 563 sic
336 512 417 582 poni,
447 520 480 563 ut
501 514 635 566 iteratum
659 513 763 583 aliquid
787 512 936 581 significet:
962 522 994 563 ut
1017 513 1043 565 ei
1066 514 1154 566 dicas:

114 580 185 633 i'aui
202 581 239 631 ad
256 592 280 631 te
299 596 396 646 mane,
420 598 535 632 rursum
559 586 633 634 veni.
669 582 815 633 Interdum
837 582 896 634 sine
922 582 1076 635 iteratione
1101 590 1153 635 ert:

110 658 155 704 ut:
172 648 227 719 fui
249 650 327 714 apud
351 661 391 714 te,
415 668 528 700 rursum
553 654 619 702 veni
644 654 746 716 etiam3
771 666 830 701 non
845 650 912 703 ideo
926 649 995 702 dicis
1013 650 1151 716 Rursum,

108 720 174 789 qriiu
199 720 285 771 etium
308 717 399 789 primo
413 719 536 784 xvenisti,
560 720 609 772 sed
633 721 699 787 quia
722 718 779 770 illic
807 719 892 771 fuisti.
931 718 1073 787 [Cavaraq
1099 736 1150 791 pro

107 804 188 845 earm
218 804 287 839 iiam
310 797 441 836 cavatum
465 788 577 858 proprie
599 805 686 841 manu
709 789 816 840 iactum
839 785 979 851 dicimus]
1002 816 1059 853 -,
1089 796 1149 847 231.

107 858 228 923 uirisque
247 856 409 921 reponimus
428 857 538 923 ignern3
556 874 621 911 ecce
638 857 713 925 qriod
729 855 809 908 dixit:
825 856 862 907 In
878 869 987 923 partem
1000 860 1148 926 praedam·

108 942 161 994 que
184 924 285 977 Iouem.
328 922 399 975 Sane
423 925 583 991 sciendum,
610 926 789 979 iterationem
811 925 884 977 hanc
905 925 969 977 lieri
992 928 1147 979 secundum
1171 986 1174 990 ¹

105 994 193 1047 ritum
209 1007 363 1046 sacrorum.
396 993 468 1044 Nam
485 994 653 1064 displicuisse
677 995 769 1065 prima
792 1010 825 1046 ex
841 994 975 1064 prodigiis
999 995 1147 1048 iudicatu.

105 1064 175 1115 Sunt
191 1070 286 1116 eutem
302 1060 356 1113 hae
374 1064 514 1113 animales
532 1063 658 1129 hostiae,
680 1080 752 1132 (piae
768 1071 878 1114 tantum
893 1063 1094 1131 immolantur,
1109 1065 1147 1131 [et

106 1146 173 1185 earo
199 1128 388 1183 sacerdotibus
419 1131 554 1201 proficit]
602 1133 677 1185 Alibi
702 1138 812 1184 tanturn
834 1131 1002 1199 sauguinem
1025 1132 1057 1185 iu
1086 1149 1145 1185 aras

104 1200 185 1255 fundi
201 1198 352 1269 signifieat:
371 1206 403 1250 ut
419 1200 497 1267 (67.)ε
520 1201 682 1270 Sanguinis
699 1213 725 1252 et
741 1203 819 1267 sacri
835 1212 957 1267 pateras.
993 1200 1070 1253 Alibi
1085 1218 1146 1272 pur·

104 1276 165 1323 tem
187 1268 326 1339 eorporis:
343 1274 382 1317 ut
404 1273 448 1336 (5,
471 1270 558 1332 2370:
586 1270 714 1337 Extaque
738 1271 831 1322 salsos
854 1268 1017 1320 Patricium
1049 1269 1143 1339 (codd

105 1336 205 1407 proie.)
222 1342 253 1389 ia
264 1336 386 1405 fluctus.
419 1337 493 1388 Alibi
508 1339 633 1409 integras
649 1340 783 1404 victimas,
799 1346 830 1391 ut
846 1340 978 1404 (6,2532):
996 1337 1034 1391 Et
1050 1339 1143 1391 solida

108 1412 146 1461 im
168 1408 228 1459 onir
251 1418 399 1457 taurorum
416 1408 526 1458 viscera
542 1408 684 1477 flammis.
703 1435 739 1446 -
772 1415 834 1465 232„
852 1406 896 1456 Er
914 1408 1028 1471 diuerso
1054 1410 1141 1472 coeli,

105 1424 165 1547 [uti⁸
181 1494 214 1527 ec
234 1486 338 1527 secreto
353 1476 511 1527 moratiume
526 1478 657 1530 subaudis
671 1479 740 1529 loco.
754 1502 790 1517 -
823 1483 886 1533 233·
904 1475 1003 1527 Turia
1019 1492 1142 1543 sanam

103 1546 128 1599 si
145 1556 201 1597 tres
217 1552 289 1609 sient,
305 1544 445 1615 quomodo
459 1546 564 1597 turta?
580 1546 712 1599 Solviuir:
729 1546 831 1615 Figura
847 1544 985 1614 emphasis
1003 1552 1061 1609 est3
1078 1562 1143 1599 nam

105 1626 162 1667 tres
178 1622 257 1679 erint,
280 1622 308 1669 et
324 1614 360 1667 ad
376 1614 517 1667 saevitiam
539 1616 634 1669 retulit
657 1631 754 1668 eariim
775 1614 902 1677 turbam,
923 1612 1143 1685 impetum[que]

104 1684 231 1739 attendit.
266 1684 340 1735 Nam
357 1684 393 1737 de
407 1684 498 1737 tribus
514 1684 644 1753 loquitor.
679 1686 717 1735 Et
741 1683 837 1737 alludit
852 1682 888 1733 ad
903 1682 1009 1749 fririae,
1031 1684 1075 1737 da
1085 1682 1143 1752 qui·

105 1754 156 1809 biis
179 1756 218 1807 ait
242 1754 311 1807 alibi
334 1758 386 1817 (o.
402 1754 499 1815 :itt-k
525 1754 613 1806 Vocat
634 1755 752 1821 agmina
776 1768 860 1803 saeva
878 1768 1020 1802 sororum.
1055 1752 1142 1821 [Ergo

105 1826 205 1881 iuria.
227 1832 362 1893 tanquam
386 1822 476 1875 trube.
520 1824 615 1893 Quare
637 1824 736 1887 curta,
761 1837 827 1872 cum
850 1827 908 1872 tres
930 1818 1053 1873 dixerit?
1076 1822 1142 1891 quia

104 1894 179 1963 ipsu
196 1894 320 1945 titaneos
356 1890 385 1944 ui
407 1892 519 1945 dualem
535 1908 686 1945 numerum
700 1891 818 1955 habent,
842 1887 956 1958 pliualis
972 1904 1109 1943 numerus
1125 1907 1142 1943 a

104 1962 192 2015 ritum
210 1961 315 2035 itu-ipit.
336 1910 425 2029 ipw
443 1960 515 2015 bene
532 1964 626 2027 rurba,
670 1960 721 2012 rasi
736 1960 845 2031 plures;
862 1957 905 2008 vel
919 1958 1007 2007 turba
1024 1966 1142 2031 propter

104 2032 255 2085 tuiuultuui
272 2038 299 2083 et
316 2034 464 2101 strepitum
480 2032 597 2083 alarum.
665 2030 685 2081 'i
700 2030 813 2080 tradunt
828 2027 890 2077 ideo
914 2027 1046 2094 suriam,
1068 2026 1144 2097 qiiod

105 2102 214 2173 plurmi.
232 2116 288 2153 urm
303 2108 361 2153 trae
378 2110 487 2151 tantum
503 2101 641 2168 Harpyiae
657 2099 719 2149 sim
752 2096 805 2148 Alii
821 2095 894 2163 quod
910 2094 951 2146 eis
967 2111 1037 2146 cum
1053 2094 1144 2149 Furiis

103 2178 289 2221 conuiuium.
313 2168 386 2221 uude
410 2168 519 2233 (252.):
554 2170 640 2220 Vobis
658 2168 809 2235 furiarum
834 2182 882 2230 ego
908 2166 1045 2215 maxima.
1089 2164 1145 2219 Alii

103 2248 189 2295 ctiam
209 2240 306 2289 l'auus
322 2253 389 2301 esse,
405 2237 479 2293 unde
496 2246 525 2289 et
542 2237 672 2289 divinatio
691 2238 718 2289 ei
734 2236 798 2286 data
815 2231 874 2295 est]
909 2230 1047 2284 Praedam
1065 2237 1144 2301 pedi·

103 2310 154 2361 ius
176 2308 361 2356 remissuroiar
380 2309 462 2355 uncis
469 2330 479 2369 ,-
504 2315 551 2357 aut
568 2307 674 2358 circum
699 2304 831 2375 praedam
854 2300 942 2369 [dtur]
965 2303 1041 2354 volat
1063 2304 1142 2355 uncis

114 2378 233 2429 mium:
257 2382 306 2427 aut
329 2374 404 2425 intra
427 2374 517 2425 volam
541 2376 715 2443 [interiorem
738 2370 847 2435 manus]
863 2371 1043 2436 amplectitur
1060 2389 1143 2440 prae·

104 2396 177 2499 iasii.
214 2444 291 2495 l'ude
309 2451 338 2494 et
362 2443 489 2493 involare
507 2444 637 2508 dicimus,
661 2448 737 2495 iutra
762 2443 854 2492 volam
879 2452 977 2490 tenere.
1015 2440 1097 2493 Unde
1115 2447 1144 2493 et

104 2532 164 2583 pira
189 2512 328 2601 iqiiiiodam
351 2512 459 2561 volema
483 2512 626 2576 dicuntur,
650 2516 695 2580 [eo
718 2511 793 2578 quod
817 2511 909 2560 volam
934 2509 1082 2579 impleant.
1105 2536 1140 2547 -

103 2590 164 2641 egil.
187 2580 304 2641 lailait3
330 2580 479 2647 contingit,
504 2588 532 2632 et
555 2581 690 2647 pollutum
713 2579 879 2630 sacrificium
897 2585 1059 2628 contactum
1075 2578 1141 2630 dici·

102 2660 164 2707 tur,
181 2660 209 2701 rt
226 2650 279 2699 hoo
297 2656 351 2714 est,
376 2647 566 2716 Contactuque
585 2652 681 2700 omnia
692 2650 815 2719 foedant
831 2647 990 2699 immundo.
1008 2672 1043 2684 -
1079 2654 1139 2705 235.

103 2720 193 2773 tiarae
211 2717 306 2769 Sabini
323 2725 352 2767 et
367 2716 480 2782 Umbri,
498 2734 569 2785 quae
586 2734 635 2769 nos
654 2720 746 2782 mala,
762 2719 825 2767 dira
843 2716 991 2784 appellant.
1007 2743 1044 2754 -
1078 2721 1137 2773 236.

102 2790 139 2839 dc
166 2790 242 2839 iussi
250 2804 257 2847 ;
287 2785 333 2837 hic
359 2787 449 2850 iussi,
478 2794 573 2838 utrum
595 2788 712 2839 verbum
734 2805 770 2837 an
795 2785 972 2855 participium
1000 2785 1049 2848 sit,
1072 2785 1092 2836 i.
1114 2802 1136 2835 e.

99 2866 194 2909 utrum
219 2855 259 2906 illi
281 2853 347 2905 iussi
371 2854 439 2920 sint,
463 2871 498 2907 un
524 2872 577 2924 ogo
602 2855 704 2921 iussil]
745 2854 895 2922 Terrorque
919 2862 987 2916 etc.;
1019 2854 1074 2905 hoc
1098 2859 1137 2906 est

100 2926 248 2993 «liuponunt
273 2933 300 2976 et
323 2932 412 2975 tectos
438 2925 551 2976 iaciunt.
598 2923 695 2991 Sic[ut]
726 2933 755 2975 et
778 2932 855 2974 scuta
879 2923 1024 2973 condendo
1048 2920 1135 2974 latere

98 2996 211 3047 liniunt.
236 3019 272 3029 -
313 2998 374 3049 239.
401 2994 537 3061 [Signum
546 3006 564 3057 ‚·'
586 2994 682 3059 utique
705 2991 850 3056 minare]
890 2991 1040 3054 Misenum
1066 2991 1134 3043 beno

97 3062 241 3115 Misenum
258 3062 327 3113 dicit
343 3061 504 3114 tubicinem.
539 3064 600 3129 Ipse
623 3069 665 3113 est
681 3062 757 3112 enim
776 3062 823 3129 qui
839 3061 940 3112 dicitur
964 3061 1037 3112 iilius
1054 3060 1135 3112 fuisse

98 3132 188 3185 Aeoli:
215 3138 244 3179 ut
270 3136 315 3197 (6,
340 3130 431 3193 told:
462 3132 606 3182 Misenum
633 3130 789 3180 Aeolidem.-
818 3130 883 3199 qiua
905 3138 1014 3182 constat
1032 3120 1134 3180 'sonum

99 3216 212 3253 onmem
237 3216 268 3251 ex
292 3207 372 3252 vento
394 3201 493 3252 creari.
511 3227 545 3237 -
579 3204 641 3257 240.
659 3198 757 3262 Now
781 3200 861 3249 mira.
896 3198 932 3247 Ut
955 3200 996 3264 (E.
1015 3206 1048 3262 3,
1067 3196 1133 3260 86.);

98 3268 189 3322 Pollio
216 3282 241 3319 et
265 3271 324 3337 ipse
343 3269 422 3336 facit
447 3288 520 3321 noua
545 3271 681 3320 carmina.
718 3268 792 3317 Nam
816 3283 919 3318 novum
945 3266 1053 3319 bellum
1078 3282 1134 3319 non

98 3350 153 3403 est,
177 3338 253 3388 cuius
278 3346 351 3391 extat
374 3340 538 3403 exemplum.
574 3338 705 3391 Hercules
725 3338 804 3388 enim
828 3338 857 3388 in
882 3344 978 3388 monte
997 3337 1134 3388 »Arcadiae

96 3407 250 3477 Stimpholo
281 3408 346 3459 vicit
369 3402 576 3479 Stimphalidas:
606 3416 637 3456 ut
660 3406 760 3457 Statius
783 3405 889 3471 (Theb.
914 3409 950 3469 4,
973 3406 1070 3467 298.):
1100 3405 1134 3453 Et

97 3479 261 3527 aerisonum
285 3475 478 3542 Stimphaion3
517 3482 564 3526 aut
594 3474 676 3526 Nova
708 3475 785 3526 ideo:
814 3475 879 3542 quia
910 3473 1051 3525 vulnerari
1077 3488 1132 3525 nou

95 3553 233 3615 poterant.
251 3570 286 3581 -
319 3550 381 3601 241.
401 3545 581 3607 Obscoen0s5
600 3546 752 3594 obscoenae
770 3551 833 3594 sunt
850 3559 925 3605 aves,
943 3559 1015 3610 quae
1033 3559 1133 3595 canen·

96 3616 131 3667 do
157 3614 271 3666 adversa
294 3613 463 3681 significant:
498 3619 527 3661 ut
550 3613 632 3681 paulo
659 3621 732 3682 post3
766 3611 873 3679 Infelix
898 3623 984 3662 vates.
1035 3610 1133 3679 Pelagi

96 3684 240 3743 uolucres3
265 3683 329 3749 quia
354 3683 482 3733 dicuntur
499 3681 579 3730 Ponti
596 3689 624 3731 et
639 3682 745 3733 Terrae
772 3681 860 3733 filiae:
886 3680 960 3732 unde
985 3680 1022 3747 in,
1038 3680 1133 3732 insulis

94 3753 237 3815 halritant,
260 3758 368 3820 partem
385 3759 540 3809 terrarum,
562 3758 673 3817 partem
691 3750 775 3802 maris
791 3758 926 3802 tenentes.
961 3748 1014 3800 Alii
1031 3749 1134 3813 dicim,

95 3838 140 3875 eas
158 3820 282 3888 Neptuni
299 3818 382 3872 filias:
407 3820 455 3888 qui
471 3820 533 3869 fere
569 3819 743 3885 rodigiorum
761 3820 886 3869 omnium
904 3825 985 3885 pater
1003 3826 1058 3883 est,
1081 3834 1132 3870 neo

93 3890 245 3943 immerito.
281 3888 354 3939 Nam
377 3887 528 3940 secundum
585 3887 695 3938 ilesium
722 3889 883 3952 Thaletem,
907 3887 1003 3939 omniu
1027 3903 1060 3939 ex
1083 3887 1134 3938 hu·

94 3974 175 4011 more
197 3963 393 4028 procreantur:
416 3956 489 4019 unde
514 3962 555 4006 est
573 3955 618 4019 (G.
636 3960 670 4019 4,
688 3956 777 4019 382.);
802 3957 1002 4022 Oceanumque
1026 3968 1133 4022 patrem

51 4034 55 4045 ¹
96 4044 198 4083 rerum.
233 4024 305 4077 Hinc
322 4024 368 4091 iit,
392 4024 436 4092 u't,
463 4023 698 4095 quotienscunque
715 4026 813 4078 desunt
834 4031 979 4097 parentes,
1001 4025 1133 4078 redeatur
