2454 4500
99 224 162 287 roo
267 199 270 210 '
318 266 321 273 .
359 217 497 281 sanvu
519 168 873 315 conuerrxams

96 410 221 475 peretur,
243 401 286 454 rel
308 399 372 470 quia
396 401 497 456 Graeci
520 404 711 472 simulabant]
745 408 843 474 ipsum
867 404 993 477 [auum]
1012 420 1057 477 pm

96 479 164 543 [non
180 488 233 538 per
251 469 311 537 lu]
335 472 398 539 quia
416 481 576 543 usurpatum
594 482 634 526 est
646 476 714 543 ,ipse
730 466 878 541 (Codffi'et
895 476 931 529 al.
955 478 1057 545 ipsumr
1123 500 1132 533 e

97 542 188 606 ipsud.
224 540 290 591 eod.
307 541 336 591 F.
353 540 448 606 Ipium
466 550 559 594 arsam
576 545 684 611 generis
700 544 860 610 Masculiui,
878 544 947 613 quia
964 560 1004 595 uer
1121 580 1125 587 ·

96 618 136 663 est
154 608 230 675 ipse.)
263 610 299 659 Et
322 616 362 660 est
385 610 510 661 natiuale
534 615 630 678 ipsus.-
654 620 685 663 ut
707 614 1034 679 (Terentianum,
1118 654 1132 669 e

96 682 180 743 Ipsus
208 677 278 727 milri
302 676 409 728 Dauus.
461 679 584 729 Dicimus
616 696 682 748 ergo
713 683 809 747 ipsus,
840 685 922 749 ipsa,
951 684 1050 749 ipsum,
1116 715 1124 723 -

97 751 211 810 doctus,
228 748 323 808 docta,
341 748 458 807 doctum.
498 746 533 811 Ut
550 760 682 812 strueret,-
705 750 759 819 [vel
775 744 927 815 astrueret,
951 748 1017 802 vel'
1079 741 1082 749 ¹

95 826 157 868 tum
180 832 196 866 a
221 814 333 867 Graccis
356 815 517 881 perficeret:
542 817 595 867 hoc
620 816 692 882 est,]
709 810 906 873 ,confirmaret
933 814 1054 884 perionis,

96 888 224 938 dolorum
240 884 359 949 semina,
376 884 460 950 (quod
476 883 533 953 ipse
552 886 686 955 exposuit:
710 886 880 954 Troiamque
903 886 1022 957 aperiret

95 953 163 1014 visz)
189 960 216 1005 et
237 952 355 1021 respexit
378 951 412 1003 ad
436 953 593 1021 superiora,
617 960 648 1003 ut
669 943 864 1023 Aedfionrent.
879 982 917 992 -
949 959 992 1012 61.
1012 948 1041 1001 F'

97 1024 204 1085 animi3
223 1020 405 1088 ut(12,19.):
424 1020 449 1071 Ο
466 1033 613 1088 praestans
631 1024 724 1077 animi
742 1024 862 1073 iuuenis.
898 1022 936 1073 Et
950 1028 991 1075 eat

95 1090 202 1142 Desinit
218 1090 294 1141 enim
311 1105 368 1140 esse
384 1090 578 1157 participium,
602 1090 666 1157 quia
689 1090 808 1158 genitivo
825 1090 902 1155 casui
925 1090 1066 1151 contem..

94 1166 185 1231 potest
199 1159 324 1229 recipere
341 1161 585 1223 comparationem.
618 1158 797 1230 Participiruu
819 1160 897 1213 enim
920 1166 986 1211 eta
1058 1151 1072 1163 ”

96 1228 239 1291 cohaeret,
256 1235 283 1278 et
298 1242 353 1277 non
371 1226 470 1294 recipit
486 1226 728 1297 comparationem.
762 1226 845 1294 [Sane
863 1235 967 1279 veteres
976 1224 1035 1293 fidu
1045 1222 1056 1289 ,⁸

94 1295 236 1347 interdum
259 1310 310 1364 pro
336 1293 454 1345 crimina
477 1304 505 1347 et
529 1294 644 1346 audacia
666 1294 820 1364 ponebant,
843 1302 875 1345 ut
898 1294 1003 1365 peollita
1068 1284 1074 1300 '

95 1380 180 1434 qnam
197 1363 334 1430 argenteis
351 1364 540 1431 *purgatores
557 1363 683 1415 diciurttu
701 1364 771 1430 (cod.
788 1365 817 1415 F.
842 1363 996 1433 ponebant,
1014 1366 1041 1409 ¹¹2

94 1434 203 1487 Iustius:
232 1434 273 1483 Ita
302 1431 514 1498 fiduciaquam
537 1431 707 1499 argumentis
730 1432 904 1501 purgatiores
926 1430 1075 1487 uimttmtr

95 1502 133 1552 Et
148 1500 241 1569 virgil.
259 1500 303 1566 (G.
321 1504 354 1563 4,
370 1501 456 1559 445.);
481 1499 554 1550 Nam
573 1502 636 1568 quis
654 1511 692 1563 te,
709 1501 844 1551 iuuenum
862 1497 1080 1567 confidentissimi·

96 1571 132 1620 In
147 1581 314 1636 -utrumque3
341 1570 371 1618 in
395 1569 478 1619 modo
496 1570 533 1618 ad
551 1568 699 1637 significat:
717 1568 784 1619 alibi
799 1583 851 1640 pro
867 1580 977 1635 contra,
992 1560 1089 1617 utsii!
1125 1600 1132 1617 r

94 1642 237 1759 §.statu
255 1637 485 1766 stultiut·-
501 1636 816 1762 intumet
830 1632 1095 1759 uult

96 1776 223 1827 sribaudis
238 1723 396 1825 i’roiiznos:
422 1782 469 1824 aut
486 1772 577 1825 Dolos
594 1791 719 1840 versare,
741 1744 859 1826 hoc'est
881 1789 1021 1835 exercere,
1064 1764 1069 1777 ⁸
1090 1757 1096 1778 '

96 1856 240 1908 versutus,
263 1843 337 1911 quod
352 1842 433 1894 facile
449 1858 478 1893 se
495 1843 530 1894 ad
547 1858 580 1894 ea
597 1860 668 1911 quae
684 1840 853 1911 usus'poscit
868 1838 971 1907 vertit]
1011 1836 1101 1909 rum,

97 1913 185 1982 (Epid.
205 1921 236 1976 3,
253 1920 287 1975 2,
304 1911 372 1973 35.)τ
401 1910 543 1962 Vorsutior
560 1929 603 1976 es,
627 1928 710 1978 quam
736 1923 796 1961 rota
814 1909 967 1978 figularis.
1039 1914 1100 1965 We

98 1983 158 2032 lere
177 1982 260 2031 morti
266 2003 276 2043 ,·
299 1992 386 2031 novae
402 1978 546 2030 locutionis
562 1980 665 2047 figura,
689 1986 717 2031 et
733 1978 839 2049 penitus
855 1985 975 2031 remota.
1005 1972 1096 2031 Enniut

99 2048 136 2098 Ut
158 2067 207 2099 vos
219 2048 313 2098 'vostri
337 2049 419 2099 liberi
437 2044 603 2115 defendant,
626 2066 676 2115 pro
700 2058 793 2099 vostro
818 2048 878 2097 vito
903 2046 990 2098 morti
1012 2054 1096 2097 occul·

98 2120 166 2169 lant
190 2114 358 2184 [fortiter].)
376 2142 408 2152 -
443 2121 487 2172 63.
509 2115 641 2181 Visendi,·
664 2115 896 2183 frerptentativum
919 2108 1104 2183 [verbumm

97 2189 174 2239 viso.
199 2192 230 2234 ut
246 2201 341 2250 verso,
358 2183 490 2252 socesso;
512 2184 577 2236 licet
593 2200 689 2236 rarum
705 2184 756 2244 sit3
778 2198 845 2234 nam
862 2181 892 2235 in
910 2196 938 2234 to
957 2188 1049 2235 exurat
1061 2178 1098 2229 tre

98 2253 262 2322 quentativa.
288 2277 322 2288 -
361 2259 404 2309 64.
431 2252 612 2320 Circumfusa
638 2256 695 2303 ruit
701 2275 710 2314 ,·
740 2251 832 2319 ,figura
856 2247 1010 2319 ὕπαλλαγῆ.
1046 2242 1098 2297 M

98 2320 213 2392 [primo]
231 2328 258 2372 et
274 2321 312 2371 sic
324 2319 488 2372 circumfusa
504 2329 552 2373 est.
587 2321 779 2386 (Certantque5
796 2335 862 2371 oum
874 2337 974 2391 supra:
989 2320 1098 2369 luorum
1126 2370 1131 2375 ,

100 2393 159 2444 ruit
176 2389 288 2453 dixerit,
304 2389 450 2452 subiunxit)
468 2391 598 2456 [certont‚
615 2390 688 2459 quod
704 2388 852 2456 figuratum
870 2396 926 2453 est,
970 2386 1015 2439 uia
1028 2385 1100 2437 iuver

98 2467 141 2510 tus
159 2457 344 2509 enuntiatione
362 2458 499 2525 singulare
516 2466 564 2522 est,
579 2458 720 2509 intellectu
731 2455 856 2526 plurale]
891 2457 950 2509 lilu
986 2473 1013 2507 re
1026 2462 1099 2521 captu

28 2568 32 2585 .
100 2536 128 2581 et
153 2527 241 2578 illudo
268 2528 320 2576 tili
344 2525 475 2591 dicimus,
501 2534 533 2577 ut
548 2526 601 2577 hoc
618 2525 692 2577 loco:
717 2532 745 2576 et
761 2526 850 2577 illudo
869 2538 909 2592 te,
933 2532 965 2576 ut
980 2527 1021 2591 (9,
1034 2516 1101 2579 usit
1127 2574 1132 2583 ‚

103 2596 200 2646 Verbis
217 2596 345 2644 virtutem
364 2595 450 2646 illude
468 2596 604 2660 superbis.
637 2595 674 2644 Et
698 2594 787 2645 illudo
807 2596 838 2644 in
861 2606 902 2659 te,
926 2596 970 2661 [ut
984 2589 1052 2662 apud
1064 2586 1101 2637 Tr

97 2664 221 2719 rentium
251 2663 338 2726 (aun.
362 2670 393 2731 5,
416 2668 449 2720 4.
473 2671 516 2721 20.
524 2662 552 2727 )]
599 2661 691 2714 simne
721 2669 761 2729 ,a
790 2663 895 2715 orsum
927 2662 999 2741 [eus
1020 2666 1047 2711 u
1066 2642 1102 2731 ul

101 2732 230 2801 (Quidam
249 2732 389 2797 inludere,
412 2750 462 2802 per
485 2732 581 2782 ludum
598 2749 630 2783 ar.
647 2732 739 2781 iocum
756 2731 858 2783 saevire
880 2732 911 2783 in
926 2728 1055 2781 iniuriam
1068 2722 1101 2775 ol·

101 2803 176 2853 cuiuis
193 2799 363 2865 intelligunt,
386 2809 417 2851 ut
434 2800 477 2867 (G.
495 2810 526 2863 2,
543 2799 628 2862 374.):
651 2799 796 2851 Silvestres
815 2800 864 2850 uri
880 2800 996 2850 assidue
1013 2806 1102 2869 σαμψ-

102 2887 153 2937 que
177 2884 315 2933 sequaces.
364 2867 449 2938 Capto
474 2877 582 2932 auitam,
613 2868 685 2935 quod
709 2868 746 2919 ita
769 2868 884 2920 Troiani
927 2866 1060 2923 nubant.)
1078 2880 1102 2897 ““

76 2994 78 2999 Ι
102 2944 144 2995 55.
162 2937 286 3003 Μαῖρα,-
310 2936 386 3001 aridi,
411 2945 441 2987 ut
459 2938 509 2998 da,
533 2937 592 2998 dic,
610 2945 640 2986 ut
656 2937 730 3003 Virg.
748 2937 794 3003 (E.
814 2886 929 3001 1,19.i'=
956 2934 1014 3002 Qui
1029 2932 1064 2983 sit
1076 2928 1101 2978 it

104 3007 199 3071 Tityre
224 3002 324 3067 nobis]
359 3006 520 3070 (Insidias,-
545 3006 657 3055 servavit
679 3005 806 3055 ordinem
826 2994 1102 3073 respondendoadil·

101 3076 163 3137 lud,
187 3072 259 3140 quod
275 3072 372 3138 regina
389 3075 492 3126 dixerat
510 3079 557 3140 (l,
574 3074 658 3134 7573.):
683 3069 953 3141 Insidios,·inquit,
970 3058 1102 3123 Danaen)

105 3144 227 3195 Crimine
251 3143 285 3192 ab
313 3159 386 3205 uno,-
409 3143 461 3194 hoc
485 3150 524 3194 cst
546 3156 641 3205 causa,
665 3150 695 3191 ut
719 3141 882 3208 (10,188.):
907 3141 1019 3193 Crimen
1042 3144 1103 3187 smel

103 3224 232 3265 vestrum.
274 3209 316 3262 Ab
340 3225 372 3267 eo
397 3212 469 3281 quod
492 3210 646 3280 praecedit,
680 3210 708 3260 id
732 3209 805 3278 quod
827 3208 958 3276 sequitur.
1000 3208 1028 3261 Si
1046 3202 1104 3281 euin

103 3279 264 3350 simpliciter
279 3278 443 3331 intellexeris
462 3279 601 3331 Crimine:
626 3280 660 3330 de
683 3278 794 3343 negotio
818 3278 852 3329 ad
877 3293 1025 3345 personam
1046 3271 1132 3327 duri

104 3364 166 3400 sum
182 3346 328 3399 transitum
344 3346 418 3397 facis.
454 3348 504 3397 Alii
521 3349 559 3398 sio
581 3349 690 3415 legunt:
714 3345 850 3397 Danaum
876 3347 1003 3396 insidias
1025 3356 1049 3395 et
1067 3336 1108 3389 eri·

107 3434 176 3466 rnen.
194 3442 229 3455 -
262 3421 304 3472 67.
325 3414 482 3477 Turbatus,
507 3416 584 3482 quasi
605 3415 743 3466 turbatus:
769 3423 799 3463 ut
823 3419 884 3481 (11,
900 3415 991 3477 648.);
1012 3410 1110 3463 reatu

107 3485 246 3535 Amazon.-
263 3483 281 3535 i.
299 3502 322 3535 e.
340 3484 418 3550 quasi
433 3484 560 3533 Amazon.
595 3486 639 3549 (Et
656 3484 708 3534 hoc
726 3484 760 3534 ad
776 3482 859 3534 fidem
875 3482 1046 3543 sedendam:
1066 3488 1112 3529 ¹¹⁰¹

107 3552 184 3605 eslim
199 3551 336 3611 turbatum
360 3567 441 3620 supra
465 3550 539 3600 enim
556 3550 609 3603 ait:
632 3551 684 3600 Seu
709 3568 820 3602 versare
844 3551 939 3616 dolor,
966 3568 1016 3603 seu
1039 3558 1115 3601 cerm

109 3620 266 3672 occumbere
290 3621 380 3671 morti.
423 3618 543 3668 inermis
550 3642 560 3682 ,-
590 3620 702 3685 quidum
725 3620 836 3689 supplex
859 3619 1012 3687 accipiunt,
1033 3626 1063 3671 ut
1082 3618 1118 3683 (Ι,

107 3689 198 3747 487.);
229 3686 445 3753 Tendentemque
474 3704 575 3737 manus
599 3686 742 3740 Priamum
768 3689 910 3754 conspexit
933 3684 1071 3749 inermes.)
1090 3706 1122 3721 ··

108 3762 151 3815 69.
168 3754 247 3818 Heu,
270 3757 353 3807 modo
369 3773 425 3808 rma
441 3763 482 3807 est
503 3755 617 3823 syllaba:
641 3759 688 3810 sed
710 3757 849 3809 interdum
870 3764 988 3826 propter
1009 3762 1124 3809 metrum

110 3826 180 3876 duae
196 3824 278 3875 iiimt:
299 3832 330 3874 ut
351 3826 398 3892 (E.
417 3824 549 3890 3,100.):
575 3823 652 3875 Eheu
670 3844 752 3893 quum
770 3824 874 3893 pingui
891 3841 987 3877 macer
1003 3838 1045 3891 est
1061 3820 1125 3875 mitt

111 3906 211 3945 taurus
235 3894 266 3942 in
291 3910 367 3944 arvo.
401 3893 475 3945 Sicut
496 3893 607 3959 prendit
628 3902 656 3945 et
679 3895 838 3961 prehendit,
861 3900 889 3945 et
912 3896 1066 3949 sectatum
1080 3890 1127 3945 Pli-

112 3962 190 4014 nium
220 3960 306 4013 multa
334 3969 396 4036 sumt
418 3960 514 4031 [tulta.
555 3960 651 4013 Tellus
674 3972 703 4015 et
733 3979 873 4031 aequora,
902 3961 977 4017 beno
1007 3960 1131 4017 ‹tor-oili!i
