2454 4500
106 252 608 369 ,pantomimum
631 269 710 338 ua
732 272 765 346 1,
787 274 984 349 sos-stt.
1068 277 1109 343 os
1190 248 1193 253 ’

77 472 141 514 m
163 456 230 510 solis
255 471 354 509 occasu
376 455 444 523 (cod.
462 454 603 519 oceasum)
626 452 701 508 nudo
718 453 808 526 capite
826 456 843 510 i.
860 474 883 509 e·
900 457 960 512 sine
977 460 1055 530 apice
1072 462 1112 514 in·

84 528 220 583 veniretur
238 527 311 595 (cod.
330 528 475 577 inveniret.
494 526 588 578 Bam.
606 525 676 576 coni.
695 526 722 574 si
740 543 802 575 eum
820 527 864 577 sol
882 530 912 592 (s.
933 530 1015 593 solis)
1035 549 1113 582 occo·

87 588 130 649 ω’
145 628 164 640 ··
181 627 199 638 -
218 594 382 660 inveniret),
405 596 444 647 ita
459 594 619 663 loquentem
635 594 702 644 iecit
720 595 816 657 (372.):
839 594 874 644 Et
898 611 975 647 vocet
993 602 1112 651 annales
1148 640 1151 645 .

88 678 243 727 santorum
262 665 362 725 audire
380 664 528 731 laborum,
547 663 616 713 Ante
635 664 707 712 diem
726 664 823 714 clauso
849 668 1113 735 componetVesper

90 734 212 803 Olympo.
255 733 411 785 Verebatur
434 726 510 784 eniin
533 733 596 783 solis
619 746 754 782 occasum.
799 732 879 784 Nudo
905 734 1005 787 autem*
1023 740 1112 808 capite
1165 759 1172 773 ’

89 802 122 857 ui
135 805 219 855 fuisse
237 802 403 864 ostenditur,
419 801 468 853 ubi
486 802 525 854 ait
542 799 638 865 (588.):
656 800 771 851 Restitit
788 801 911 867 Aeneas,
929 805 1061 873 claraque
1080 811 1113 858 in

72 868 142 925 fluct
167 869 299 940 refulsit5
325 871 367 922 Os
384 869 567 938 humerosque
586 870 777 931 deo-similis,
803 886 922 938 nomque
941 875 1009 940 ipsa
1035 876 1113 927 deco·

91 958 144 992 tom
167 940 330 991 Caesariem
355 946 405 991 etc.
446 939 543 1007 Neque
568 938 643 990 eninr
669 938 827 990 Caesariem
850 939 943 993 dicere
967 942 1113 1010 debuisset,

90 1008 149 1075 nisi,
170 1002 238 1077 quiin
259 1008 334 1060 nudo
358 1006 447 1077 capite
465 1007 612 1059 incedebat
627 1009 739 1059 Aeneas.
775 1006 827 1058 Sed
844 1005 913 1059 haec
930 1008 1060 1078 Virgilio,
1084 1019 1113 1065 et

58 1076 125 1131 ’,δὴ
139 1077 241 1129 similia
257 1076 402 1137 sufficiunt,
418 1075 453 1126 ad
469 1076 647 1127 indicandum
664 1075 790 1125 omnium
805 1075 1010 1146 disciplinarum
1026 1080 1113 1133 scien·

89 1145 149 1199 tiam
179 1152 345 1197 narrantem
367 1143 442 1196 aliud
470 1161 590 1215 ponere,
618 1144 708 1211 neque
732 1144 902 1214 propositum
933 1147 1018 1200 habet
1046 1150 1113 1204 talia

74 1214 185 1286 'plenius
209 1211 338 1281 exsequi.)
381 1211 431 1263 Per
456 1227 578 1276 noctem,
602 1211 680 1264 decet
703 1212 793 1275 enim,
820 1228 870 1282 pro
895 1217 999 1267 crunctis
1016 1234 1046 1271 re
1067 1235 1113 1270 em

89 1300 139 1336 esse
152 1280 316 1366 sollicitum}
334 1284 375 1350 (ut
391 1281 464 1367 apud
480 1283 633 1332 Homerum
652 1281 689 1348 (11.
708 1286 736 1350 β,
753 1280 820 1342 ωε
839 1273 878 1334 Oi
897 1280 948 1353 χρή
966 1303 1113 1350 animm

89 1346 171 1421 sidus
193 1348 366 1421 βουληφορον
398 1347 499 1420 ανδρα,
522 1341 571 1403 'iis
595 1347 657 1402 λαοί
671 1344 696 1402 τ’
714 1344 943 1418 ἐπιτετράφαται,
970 1363 1013 1408 καὶ
1031 1354 1114 1411 τόσσα
1156 1346 1159 1359 ’

44 1432 53 1447 “
88 1419 221 1492 pipam]
256 1421 312 1488 (Et
328 1421 399 1472 bene
416 1439 464 1488 per
483 1434 603 1484 noctem,
627 1436 662 1473 ne
680 1437 696 1470 a
714 1419 807 1485 sociis,
832 1436 898 1489 quos
915 1425 973 1493 ipse
990 1428 1113 1479 consola.

44 1494 56 1539 i?
88 1498 124 1544 tu
169 1496 255 1554 erat,
294 1489 432 1541 videretur
474 1505 525 1559 per
569 1487 644 1540 diem
686 1487 840 1550 maerens.)
894 1488 945 1542 Per
990 1509 1113 1560 noctem,-

44 1598 46 1603 -
89 1559 162 1614 decet
177 1560 256 1612 anim
296 1574 348 1628 pro
371 1561 475 1609 cunctis
498 1572 595 1625 regem
618 1573 676 1608 esse
693 1555 846 1607 sollicitum.
866 1583 899 1597 -
933 1567 994 1620 306.
1012 1556 1135 1629 Almus

87 1629 153 1681 alara
170 1628 233 1679 Lux
248 1626 337 1691 diota,
359 1627 434 1694 quod
452 1626 507 1678 alat
523 1625 661 1677 universa:
686 1623 759 1676 unde
779 1632 806 1676 et
824 1626 899 1676 olma
918 1627 1014 1696 Ceres,
1039 1635 1114 1700 quod

86 1706 129 1750 bos
145 1698 211 1750 alat.
246 1696 319 1746 Nam
344 1694 447 1764 physici
464 1696 559 1748 dicunt
583 1693 677 1745 omnia
701 1710 751 1760 per
773 1691 850 1744 diem
873 1711 1004 1752 crescere.
1039 1701 1115 1768 Quo·

87 1767 164 1818 uodo
188 1780 258 1834 ergo
283 1763 411 1831 Virgilius
435 1765 474 1815 ait
498 1763 543 1828 (G.
560 1771 593 1826 2,
616 1761 702 1824 iilud:
728 1756 841 1828 Exiguo
867 1775 976 1816 tontum
1001 1770 1113 1836 gelidus

88 1851 128 1887 τυ
145 1847 227 1886 nocte
245 1831 378 1899 reponet?
401 1834 449 1885 sed
466 1831 519 1884 hoc
535 1847 586 1901 pro
603 1830 737 1881 miraculo
755 1831 875 1900 positum
898 1841 950 1886 est:
975 1843 1006 1886 ut
1026 1838 1113 1892 etiam

87 1902 183 1955 Plinius
199 1903 291 1954 sentit
326 1899 432 1968 Locos;
459 1911 486 1954 et
503 1902 580 1951 locos
598 1908 625 1952 et
642 1901 703 1950 loco
721 1897 850 1965 dicimus,
867 1917 931 1952 oum
948 1903 977 1956 in
995 1922 1113 1960 numero

86 1971 214 2041 singulari
239 1973 320 2023 locus
343 1978 451 2021 tantum
474 1970 605 2021 dicamus.
639 1968 733 2019 Simile
758 1976 798 2020 est
822 1976 850 2020 et
874 1971 970 2038 iosus,
994 1991 1060 2026 narn
1086 1984 1115 2029 et

87 2042 143 2092 ioca
168 2040 238 2092 iacit
264 2048 293 2091 et
318 2041 381 2090 ioci.
419 2039 455 2089 Ut
477 2037 627 2106 [Sallustius
651 2039 680 2088 in
704 2035 827 2105 Iugurth.
852 2038 906 2104 96]
941 2041 1006 2094 loca
1032 2058 1114 2113 atque

43 2162 51 2181 ,
80 2100 153 2160 ‘seria
173 2126 238 2159 oum
255 2107 426 2158 humillimis
444 2124 574 2157 exercere.
610 2105 646 2155 Et
662 2107 729 2173 (Cic.
748 2106 871 2176 (Philipp.
889 2117 919 2170 2,
936 2109 996 2175 4.):]
1021 2111 1114 2181 Quam

87 2179 169 2228 stulto
196 2180 259 2230 ioco
286 2179 376 2228 solent
399 2193 456 2227 csse
483 2179 513 2226 in
537 2175 671 2240 epistolis.
711 2174 749 2225 Et
770 2173 876 2225 Persius
901 2180 942 2243 (6,
959 2180 1008 2241 5.):
1041 2181 1114 2232 Tum

88 2249 197 2299 iuvenes
215 2249 326 2313 agitare
346 2248 471 2296 iocos.-
500 2250 560 2301 307.
580 2241 659 2308 Quas
678 2255 756 2294 vento
776 2248 924 2296 occesserit
943 2266 1025 2314 oros,-
1044 2251 1112 2317 (sine

66 2308 301 2386 praepositione,
319 2313 470 2376 Sallustius:
496 2312 595 2362 Genua
613 2325 724 2378 patrum
744 2312 953 2374 advolvuntur.)
988 2317 1114 2370 Diximus

53 2410 64 2419 -
88 2385 223 2450 superisa,
246 2383 366 2451 figuram
381 2382 459 2447 fieri,
481 2397 545 2431 cum
561 2381 727 2450 praepositio
745 2381 867 2433 detracta
884 2384 1006 2451 trontini,
1028 2387 1114 2440 verbo

89 2453 240 2522 copulatur,
256 2461 284 2504 et
319 2453 462 2520 lerumque
480 2467 542 2502 eam
559 2465 637 2500 suam
653 2450 774 2501 retinere
791 2458 933 2512 nattuan13
951 2452 1115 2525 plerumque

43 2546 45 2557 =
88 2529 251 2572 oorrvertere.
284 2471 344 2570 lios
361 2521 444 2588 igitur
460 2519 602 2570 sciendum
619 2525 674 2582 est,
691 2519 763 2585 quia,
780 2533 844 2568 (uun
861 2536 956 2571 casum
973 2536 1054 2572 suum
1070 2542 1114 2577 re·

91 2588 166 2652 tinet,
187 2588 379 2656 Hysterologia
396 2596 450 2652 est,
468 2595 498 2636 ut
514 2588 567 2638 hoc
583 2587 658 2637 loco:
682 2603 768 2654 quum
785 2595 877 2639 etitem
895 2597 1000 2654 mutat,
1023 2592 1114 2661 figure

91 2664 139 2722 est,
162 2662 251 2724 ut(6,
270 2657 319 2719 2.):
350 2658 502 2708 Cumarum
528 2657 672 2706 allabitur
695 2658 762 2706 oris.
798 2657 867 2708 Oris
885 2674 1030 2728 enmpro
1048 2680 1116 2713 oros

92 2725 180 2794 posuit.
214 2725 381 2792 Plerumque
405 2735 499 2776 tamen
523 2724 608 2775 etiarn
630 2724 782 2790 superfluas
805 2733 912 2794 ponunt
935 2730 1116 2798 praepositio·
1206 2768 1209 2773 ,

43 2842 45 2847 .
92 2808 190 2845 neos*
225 2792 364 2859 308..οιιὶ
387 2806 512 2856 terreant,-
537 2794 597 2844 iure
614 2792 733 2853 dubitat,
756 2808 820 2845 cum
845 2792 938 2846 onmia
961 2806 1057 2849 censat
1073 2798 1115 2850 in·
1196 2814 1201 2825 ¹

68 2861 166 2913 ¹culta.
199 2863 249 2912 Est
271 2871 364 2916 autern
382 2864 464 2913 ordo:
500 2861 554 2930 Qui
570 2869 699 2924 teneant,
721 2860 882 2914 hominesne
899 2865 1021 2917 seraone.
1054 2867 1116 2919 Me·
1153 2860 1157 2871 '

66 2937 69 2942 '
93 2929 132 2981 dia
148 2949 198 3001 per
214 2932 392 2999 parenthesin
410 2932 482 2982 dicta
505 2937 576 2981 sunt
610 2928 732 2991 Exacto,
759 2931 897 2997 exquisita.
934 2932 980 2999 (Et
997 2935 1116 2986 ostendit

94 3001 231 3065 pronaum
246 3017 345 3068 regem
368 3017 462 3069 perse
480 3006 624 3049 curantem
648 2999 791 3049 commoda
809 2999 964 3051 sociorum}
984 3029 1017 3039 —
1052 3010 1113 3060 310.

42 3090 46 3106 ·
94 3066 124 3116 ln
146 3085 267 3120 convexo
293 3086 453 3132 nemorum;
479 3066 691 3137 prooeconomia
717 3072 757 3116 est
780 3063 814 3117 od
832 3083 943 3119 causam
966 3069 1115 3139 pertinens.
1144 3098 1147 3107 =

42 3132 44 3137 '
92 3133 149 3189 Non
172 3138 246 3188 enirn
270 3137 409 3189 tenebitur
434 3137 469 3188 ab
494 3136 580 3199 Afris,
606 3143 637 3184 ut
654 3135 765 3197 Ilionei,
789 3132 892 3203 [etqui
909 3150 973 3195 cum
996 3136 1055 3208 ipso
1073 3156 1116 3191 su.

91 3205 285 3272 pervenerant]
320 3205 447 3256 Convexo
466 3211 575 3268 autern,
598 3218 694 3253 curvo:
718 3200 789 3253 unde
807 3211 834 3255 et
851 3216 1000 3255 convexum
1017 3202 1118 3261 dicitur
1138 3268 1141 3275 Ι

90 3274 202 3326 coelum.
237 3275 310 3326 Sane
333 3275 509 3326 subaudimus
526 3271 617 3334 Loco,
642 3277 672 3318 ut
689 3267 768 3320 alibi:
793 3272 955 3323 Castrorum
979 3278 1006 3325 et
1024 3275 1117 3347 campi

91 3343 192 3407 medio,
206 3344 232 3405 'u=
245 3362 268 3395 e.
286 3343 380 3412 spatio.
415 3345 578 3411 [Nemorum
596 3347 703 3401 autem,
726 3338 809 3389 modo
826 3339 898 3392 silva.
928 3341 1046 3394 Interest
1069 3361 1116 3396 att·

89 3416 145 3461 tem
167 3413 240 3463 inter
263 3428 360 3462 nemus
385 3419 413 3462 et
435 3411 530 3462 silvam
554 3417 581 3460 et
603 3406 711 3471 lucum,
732 3405 808 3457 lucus
831 3409 908 3459 enim
926 3417 966 3461 est
983 3411 1116 3465 arbortun

89 3479 231 3531 multitudo
247 3496 314 3530 cum
331 3479 481 3548 religione,
504 3494 601 3529 nemus
617 3493 682 3546 vero
701 3478 852 3545 composita
869 3474 1015 3531 multitudo
1034 3480 1117 3532 arbo·

89 3563 164 3598 rum.
187 3548 253 3599 silva
270 3549 368 3599 diffusa
388 3556 415 3598 et
432 3546 554 3610 inculta]
589 3546 643 3595 Sub
664 3561 730 3610 rupe
750 3558 866 3610 cavato,·
889 3547 1055 3616 periphrasis
1074 3557 1116 3602 cst

87 3618 238 3685 speluncae.
254 3643 287 3653 -
322 3622 383 3673 311.
399 3617 553 3666 Arboribus
572 3627 651 3679 atque
670 3612 849 3664 horrentibus
868 3616 989 3678 umbris,
1008 3618 1115 3670 umbris

87 3686 236 3750 arborum,
258 3701 312 3754 quo
332 3685 414 3735 modo
432 3685 510 3750 (61.);
533 3684 690 3749 Moltmqut
709 3695 734 3730 et
753 3696 865 3733 montes.
901 3684 955 3736 Aut
977 3694 1053 3737 certe
1071 3704 1115 3738 ar.

88 3752 198 3807 boribus
216 3761 251 3805 et
274 3754 380 3805 umbris
404 3754 555 3824 speluncae.
597 3753 650 3816 (Et
672 3751 743 3801 bena
768 3749 885 3803 ostendit
909 3753 1001 3806 omnia
1027 3756 1115 3806 curvis

87 3823 178 3876 adlata
194 3821 307 3874 navibus
331 3839 387 3874 non
405 3858 514 3877 .....
529 3837 599 3888 quae
624 3828 755 3871 venerant
778 3835 842 3869 cum
859 3822 958 3872 Aenea.
994 3821 1115 3876 Classem

86 3901 179 3945 autern
205 3891 304 3942 occulit
320 3899 347 3944 et
371 3890 484 3951 clausit.)
518 3890 657 3959 (oscetin
680 3904 730 3957 pro
749 3888 879 3954 occuluit,
895 3887 913 3940 i.
931 3907 954 3942 e.
972 3891 1116 3943 abscondit

51 3982 54 3987 ·
83 3968 113 4013 et
135 3958 253 4025 clausit]
275 3985 310 3998 -
352 3968 413 4017 312.
437 3960 521 4026 (Bene
547 3959 677 4022 ostendit,
701 3958 821 4007 Aeneam
845 3973 900 4009 esse
925 3958 1114 4023 fortissimum,

82 4046 134 4083 neo
151 4029 306 4100 quidquam
323 4029 433 4095 timere,
451 4027 580 4091 dicendo:
598 4044 654 4079 uno
672 4025 805 4094 graditur
822 4027 972 4079 comitatus
990 4026 1112 4092 Achate.)
