2454 4500
76 312 80 326 ,
153 259 221 320 202
310 247 314 262 ·
371 210 940 349 ῗεΕιινΠοοΜΜΕΝτΑΒὶυε
988 254 994 264 ·
1044 216 1087 337 f
1150 321 1156 331 ,

154 438 313 513 iuvencum.
349 438 415 507 [Aut
430 448 590 505 coronatas,
613 450 644 493 ut
661 446 704 509 (5,
721 444 789 505 72.):
817 443 895 496 Velut
919 459 1046 501 materna
1066 461 1191 518 tempora

153 507 266 574 myrta]
300 508 381 560 Nam·
391 508 430 561 dii
447 509 495 578 qui
520 513 695 582 erantqapud
715 510 941 566 Lamolarinimn
964 512 1022 570 n'on
1046 518 1189 572 habebant

151 578 272 633 velatum
294 586 383 648 caput
401 605 436 614 -
471 583 530 636 175.
548 579 715 647 [Monetam
739 581 853 635 fluebat.
886 585 956 636 Hinc
981 594 1010 638 et
1034 589 1112 656 lapis
1130 580 1188 638 me·

129 648 231 702 ,nolis
256 662 340 715 quem
363 645 519 699 trahebant·
528 648 689 715 Pontifices,
712 650 817 716 quoties
834 651 941 704 siccitas
959 654 1039 721 erat]
1057 681 1092 694 —
1126 661 1186 715 176.

152 715 283 783 Corripio
310 724 331 785 ἰΙ
349 718 448 767 stratis
474 713 591 783 corpus,·
616 736 652 769 ne
675 719 799 771 satietate
824 719 948 773 videatur
973 724 1121 792 reliquisse
1145 739 1186 785 ⁶0,-

150 783 258 835 mnum.
292 786 329 836 Et
344 785 502 852 sciendum,
519 787 600 853 qriia,
617 786 743 854 quotiens
760 804 792 856 er
808 787 1052 856 abrupto'somnus
1070 794 1184 862 atifuge-

149 852 202 918 rit,
219 851 457 922 signilicat'o'rnen
473 854 580 908 infelix:
603 863 635 904 ut
652 872 717 906 ecce
733 857 865 909 hocloco
883 868 1029 930 tempestas
1048 861 1190 930 sequitur..

148 923 220 973 Item
238 923 268 974 in
285 924 403 974 secundo
423 923 521 988 (302.):
538 921 675 983 Excutior
693 941 806 976 somno.-
817 928 962 995 *etstatim
978 930 1105 998 sequitur
1121 930 1184 982 civi-

108 1036 111 1043 .
148 990 212 1042 tatis
230 991 380 1044 excidiumz
396 1011 449 1044 nec
465 995 525 1044 sine
542 993 658 1047 ratione.
692 993 764 1046 Nam
781 995 804 1046 si
820 1011 1049 1057 somnusmunus
1066 999 1185 1051 deorum

149 1067 260 1113 esuriit
283 1064 327 1129 (2,
344 1061 429 1120 269.):
451 1046 488 1110 Et
513 1063 585 1112 dono
611 1062 708 1111 divum
725 1065 892 1130 gratissima
917 1069 1019 1134 serpit:
1042 1083 1101 1119 non
1125 1068 1183 1119 sine

147 1128 318 1201 infelicitatis
339 1129 540 1198 significatione
572 1130 665 1195 (codd‘.
689 1138 812 1184 tantum:
843 1135 905 1184 sine
929 1134 1123 1203 infelicitate)
1153 1151 1185 1187 ex

123 1203 126 1209 “
148 1197 267 1268 abrupto
285 1199 403 1251 deorum
419 1200 519 1250 mimus
536 1199 665 1252 abscedit.
679 1226 712 1237 -
741 1207 806 1261 ¹177.
825 1203 1052 1270 '1¹endoqueetc.;
1069 1204 1186 1258 honesta

148 1267 283 1335 elocutio,
312 1285 378 1319 cum
404 1283 464 1319 uno
494 1282 623 1321 sermone
653 1270 853 1336 respondemus
877 1271 998 1323 duobus:
1028 1281 1060 1323 ut
1086 1272 1184 1340 (568.):

81 1353 88 1373 ¹
148 1337 259 1388 interea
281 1338 378 1406 fessos
404 1349 503 1389 ventus
527 1346 590 1387 'cum
613 1339 672 1389 sole
697 1339 819 1404 reliquit.
867 1340 926 1407 [Ad
957 1342 1064 1392 coelum
1088 1349 1184 1393 autem

146 1406 227 1470 ideo,
244 1409 309 1472 quia
327 1407 366 1458 dii
382 1413 510 1476 penates,
527 1414 561 1458 et>
571 1407 639 1457 Iovis
657 1414 685 1458 et
700 1407 829 1478 Apollinis
846 1409 973 1461 fecerunt
988 1407 1187 1475 mentionem]

147 1503 182 1515 ·-
219 1479 280 1531 178.
303 1476 493 1539 intemerata,¹
522 1476 576 1527 rite
599 1477 735 1543 perfecta:
765 1483 810 1542 ut,
840 1477 863 1529 si
886 1477 984 1529 leniter
1008 1478 1184 1531 fundendum

146 1544 243 1597 virtum
262 1552 318 1611 est,
341 1552 390 1597 aut
406 1543 482 1595 mola
496 1543 662 1609 iniicienda,
682 1545 720 1595 sic
737 1543 819 1611 fiant,
843 1553 874 1596 ut
889 1546 961 1598 ratio
979 1547 1063 1614 exigit
1078 1546 1184 1599 sacrifi·

51 1657 58 1663 .
146 1616 197 1666 cii:
221 1614 302 1666 aliter
318 1615 342 1667 si
358 1614 440 1679 liant,
457 1625 589 1663 temerata
608 1629 640 1666 ac
656 1613 768 1665 turbata
784 1621 848 1665 simt
863 1631 955 1677 sacrm
972 1617 1049 1671 unde
1062 1616 1184 1674 Helenus

147 1682 244 1750 (406.):
270 1680 386 1753 Neque
414 1683 488 1734 inter
505 1695 618 1733 sanctos
643 1686 723 1748 ignes
749 1682 903 1734 inhonore
921 1686 1036 1735 deorum
1053 1683 1183 1736 Hostilis

141 1753 237 1822 facies
252 1758 403 1816 occurrat,
420 1763 447 1801 et
466 1755 562 1803 omina
580 1753 677 1812 turbet.
713 1753 785 1805 ltem
801 1751 830 1810 in
849 1760 943 1804 octavo
961 1751 1060 1818 (110.):
1077 1752 1189 1804 Audax·

147 1839 218 1890 quos
244 1839 370 1890 rumpere
396 1817 491 1871 Pallas
506 1822 603 1884 ,Sacra
627 1830 716 1886 uetat,
741 1832 873 1888 raptoque
898 1823 981 1874 volat.
1016 1821 1119 1888 Focis,·
1143 1817 1185 1883 [et

145 1891 192 1942 hic
216 1890 286 1941 sicut
309 1888 433 1959 superius
458 1888 542 1959 (1342)
565 1889 671 1940 dictum
693 1899 747 1955 est,
777 1891 896 1942 ostendit
917 1906 983 1940 curn
1005 1891 1062 1942 aris
1093 1891 1182 1944 etiam

65 1956 71 1977 ¹
140 1959 227 2029 focos
251 1960 339 2019 solere
362 1959 522 2023 numinibus
544 1959 715 2010 consecrari:
744 1959 792 2012 sed
816 1957 979 2024 hic,]¹ideo
997 1958 1097 2028 soris,
1123 1974 1184 2012 nou

145 2029 214 2093 aris,
233 2029 299 2093 quia
316 2030 466 2098 [privatum
483 2027 648 2078 sacrificium
665 2026 802 2095 sequitur,
818 2026 897 2091 nam]
915 2024 1060 2098 penatibus
1076 2027 1182 2080 sacrifi·

144 2105 198 2148 cat.
234 2096 355 2166 Perfecto
375 2097 495 2159 bonon,-
519 2102 631 2165 peracto
649 2096 796 2149 sacrificio:
819 2097 866 2164 qui
884 2104 926 2148 est
948 2097 1037 2148 honor
1054 2098 1181 2150 deorum.

145 2167 194 2234 [Et
210 2164 281 2217 bene
299 2167 426 2218 ordinem
443 2173 548 2229 servat,
565 2172 596 2214 ut
612 2174 675 2216 ante
692 2165 841 2231 sacrificet,
858 2181 943 2233 quam
960 2165 1184 2218 somniumnar·

144 2233 240 2299 taret]
258 2261 291 2272 -
327 2239 386 2292 180.
404 2235 572 2301 Ambiguum
581 2258 590 2296 ,·
608 2249 665 2284 non
681 2234 831 2298 incertam,
848 2235 895 2286 sed
912 2234 1017 2302 [modo]
1033 2234 1184 2305 duplicem,

117 2304 223 2353 -utin
239 2304 415 2372 sequentibus
438 2304 552 2374 prohat,
576 2303 684 2366 dicens,
712 2301 898 2370 Geminosque
921 2316 1058 2369 parentes.
1093 2304 1183 2372 [Ergo

144 2375 273 2440 geminos
291 2374 336 2423 hic
353 2374 436 2438 duos,
454 2381 484 2422 ut
501 2383 544 2436 (2,
561 2371 648 2431 415.);
666 2376 774 2438 gemini
791 2371 927 2441 arridae]
943 2399 978 2409 -
1012 2372 1073 2431 181.
1093 2372 1184 2440 Seque

145 2459 236 2505 novo,-
262 2442 389 2509 [adventu
411 2442 515 2493 scilicet
532 2441 640 2492 Teucri.
680 2440 806 2492 Veterum
831 2444 971 2508 locorum3
996 2441 1014 2492 i.
1033 2460 1056 2493 e.
1073 2441 1183 2505 Italiae,

144 2510 221 2562 deest
237 2516 303 2563 ‘sane
322 2529 390 2575 esse,
407 2519 437 2560 ut
454 2510 489 2560 sit
505 2511 651 2578 deceptum
668 2527 733 2561 esse.
767 2511 836 2562 Sane
856 2529 925 2562 novo
945 2525 1036 2561 errore
1055 2522 1182 2561 veterum

145 2579 305 2644 locorumr]
323 2589 371 2631 aut
386 2597 436 2648 per
454 2580 682 2630 contrarietatem
699 2576 860 2630 sermonum
878 2579 1024 2632 declaravit
1042 2580 1132 2646 (codd.
1151 2589 1182 2631 et

144 2649 178 2700 al.
203 2650 383 2711 declamav.):
410 2657 459 2699 aut
484 2665 554 2699 novo
578 2664 629 2715 pro
653 2663 755 2714 magno
779 2651 883 2718 posuit,
913 2655 944 2697 ut
974 2649 1021 2714 (E.
1046 2655 1079 2712 3,
1103 2647 1183 2712 Stil:

144 2717 235 2770 Pollio
261 2732 285 2769 et
309 2722 368 2787 ipse
386 2718 465 2787 facit
490 2735 562 2773 nova
587 2719 724 2768 carmina.
739 2730 776 2754 ⁴-
811 2722 871 2774 182.
890 2717 1031 2782 Exercite,·
1055 2718 1184 2785 fatigate,

144 2790 303 2842 exercitate:
333 2805 400 2840 nam
419 2791 610 2850 exercitatus,
631 2787 737 2856 peritus
759 2787 909 2854 significat,
939 2794 970 2836 ut
993 2799 1124 2854 expertus
1150 2794 1182 2841 et

144 2876 248 2926 expers.
287 2858 361 2910 Nam
380 2869 526 2925 expertum
551 2874 642 2907 rerum
668 2858 696 2913 si,
714 2855 824 2920 dixero,
846 2854 970 2923 significo
994 2855 1132 2925 peritum:
1155 2857 1182 2909 si

144 2941 293 2996 expertem,
318 2928 455 2994 ignarum.
482 2953 515 2963 -
557 2933 618 2982 183,
643 2923 733 2974 Casus
759 2924 921 2975 Cassandra
948 2925 1077 2987 conchen,-
1106 2926 1179 2978 haec

143 2997 305 3064 compositio
336 2996 393 3047 iam
416 2995 513 3047 vitiosa
536 3002 590 3060 est,
621 3010 691 3061 quae
714 2993 866 3045 maioribus
896 2993 1011 3061 placuit:
1034 3000 1066 3042 ut
1089 2995 1180 3061 (82.):

143 3067 283 3119 Anchisen
308 3067 424 3132 agnovit
448 3068 580 3115 amicum.
613 3064 649 3113 Et
673 3065 721 3129 (5,
738 3061 831 3123 866.);
855 3062 917 3113 Sole
935 3079 1006 3112 sora
1025 3063 1180 3116 sonabant.

142 3139 190 3208 [Et
207 3137 278 3189 bene
296 3135 466 3186 Cassandrae
483 3132 599 3185 inseruit
614 3131 818 3196 testimonium,
836 3148 907 3199 quae
924 3130 1123 3187 divinationem
1139 3132 1179 3184 ab

142 3206 265 3276 Apolline
289 3202 454 3274 acceperat]
470 3231 504 3243 ›-
540 3205 600 3259 181.
620 3199 798 3265 Portendere3
824 3199 970 3267 [significat
993 3200 1087 3252 debita
1112 3219 1180 3271 por·

142 3276 271 3327 tendere:
287 3273 378 3324 minus
396 3271 447 3336 est]
465 3273 573 3335 deberi,
591 3278 621 3319 ut
636 3269 666 3320 in
683 3269 802 3335 septimo
821 3270 917 3334 (256:):
942 3269 1073 3320 Portendi
1091 3287 1177 3337 gene-

144 3362 207 3397 rum
224 3345 313 3410 (codd.
332 3349 360 3394 et
376 3341 410 3393 al.
428 3339 561 3407 generos).
573 3367 607 3375 -
644 3343 702 3394 185.
723 3338 819 3404 Regna
838 3354 954 3402 vocore5
971 3338 1035 3389 satis
1052 3339 1179 3408 proprie,

142 3413 216 3465 unde
233 3414 263 3465 in
280 3420 375 3462 octavo
394 3409 473 3476 (38.):
496 3409 642 3475 Expectare
660 3406 719 3457 solo
738 3405 880 3457 Laurenti
904 3407 1004 3473 (Guelf.
1020 3407 1040 3457 Ι.
1057 3407 1092 3458 Π.
1110 3409 1177 3459 lou.

144 3481 265 3543 remum)
283 3484 415 3544 arvisque
428 3476 551 3528 Latinis.
567 3504 600 3512 -
636 3481 695 3532 186.
711 3476 804 3541 (Saepe
811 3499 820 3538 ,·
838 3474 1014 3543 frequentem)
1051 3474 1178 3532 Teucros

144 3551 280 3612 crederet3
311 3547 416 3599 seilicet
444 3555 558 3617 propter
591 3544 795 3609 longitudinem
818 3544 905 3614 spatii.
930 3571 965 3581 —
1006 3548 1068 3601 187.
1094 3545 1178 3598 Tunc

144 3631 236 3681 uates,·
254 3617 325 3668 bene
343 3628 420 3679 tunc,
438 3616 502 3684 quia
518 3614 576 3665 iam
593 3613 727 3679 probavit.
760 3615 807 3681 [Et
823 3615 877 3665 duo
895 3620 1059 3682 argumenta
1075 3615 1178 3684 posuit,

163 3687 242 3737 uibus
272 3684 399 3754 purgavit
429 3680 581 3745 errorem]
606 3708 641 3722 -
692 3687 752 3740 188.
777 3681 914 3733 Cedamus
946 3683 1030 3748 (obse
1050 3686 1179 3747 utimum)

143 3705 268 3818 iterim
293 3755 322 3820 [a
338 3755 491 3805 necessario
509 3760 538 3804 et
553 3751 614 3802 utili
629 3748 752 3814 scilicet]
786 3751 869 3802 Cuius
885 3752 1017 3802 instinctu
1054 3751 1071 3803 'i
1089 3769 1178 3821 pena-

142 3834 182 3875 tes
200 3824 345 3893 profutura
362 3821 501 3873 dixerunt:
518 3829 550 3871 ut
566 3818 663 3886 (155.):
680 3817 736 3869 Hic
755 3822 847 3883 canit,
864 3833 889 3870 ee
906 3833 955 3870 tua
974 3837 1026 3871 nos
1045 3838 1079 3872 en
1098 3823 1176 3876 ultro

144 3894 180 3944 ad
212 3891 315 3941 limina
349 3893 439 3940 mittit.
487 3888 609 3940 Meliora
642 3904 808 3954 sequamnr;
841 3897 931 3955 potest
959 3888 1002 3939 bis
1032 3890 1179 3944 subaudiri

144 3963 279 4012 meliora:
302 3965 349 4006 aut
367 3961 482 4009 meliora
514 3958 630 4020 moniti,
656 3964 703 4007 aut
721 3959 836 4008 meliore
857 3975 1014 4024 sequemur.
1040 3960 1130 4025 (codd.
1148 3968 1178 4012 et

142 4029 235 4099 steph.
256 4039 288 4075 ut
307 4027 366 4076 mel.
387 4045 460 4079 mon.
480 4029 539 4079 mel.
560 4025 626 4094 seq.)
644 4051 676 4063 ·-
712 4031 771 4084 189.
789 4026 917 4092 [Cuncti3
942 4028 994 4079 hoc
1018 4037 1059 4080 est
1080 4029 1177 4082 cuncti

717 4166 730 4201 Ι
