2454 4500
122 236 168 317 ‘m
190 254 350 318 vincio
374 207 548 359 tanaro.
570 258 651 322 ria.
673 261 700 336 1,
721 267 912 335 cro-eu.
951 276 963 295 ·
993 271 1040 340 er

59 448 151 507 aest,
166 455 225 493 non
240 438 444 506 interrogantis
479 440 516 491 Ut
533 445 574 507 (9,
591 439 661 503 36.):
681 438 755 508 Quis
772 442 890 511 globus,
907 465 921 499 ο
941 450 1034 502 river!

79 509 160 568 enim
176 509 332 576 interrogat
347 508 393 561 ille
411 508 458 578 qui
475 509 591 560 nuntiat
624 509 682 560 Hoc
706 517 799 561 autem
815 511 903 580 Dido,
925 523 956 566 ut
971 523 1034 597 port

59 584 119 640 tat,
136 594 170 630 ex
186 576 287 629 Teucri
304 576 463 629 narratione
481 576 615 646 cognovit.
631 602 666 635 r,-
700 583 761 636 616.
780 577 858 645 Quae
876 584 937 646 vis3
955 589 988 651 (ι,
1006 604 1031 639 a.

59 645 148 707 antia)
174 645 270 713 qualis.
304 645 482 698 immanibus
506 648 579 706 oris;
606 653 636 696 ut
659 644 798 709 Sallustius
822 649 1031 718 (lngrna17,);

59 733 84 764 rr
101 732 224 778 suevum,
241 715 272 780 [i.
293 710 327 779 c]
345 716 556 782 importuosum.
592 714 662 781 (Non
679 729 746 781 ergo
763 715 797 768 de
814 732 863 769 suo
879 736 965 787 regno
983 723 1032 790 eit,

66 783 124 834 illas
142 798 204 832 oras
221 782 371 849 significat,
389 800 455 851 quas
472 782 589 833 Ilioneus
606 781 657 833 ait:
676 781 726 832 Per
745 784 824 841 inuia
843 803 914 836 saxa
932 790 1030 857 ‹lispu-

93 853 232 919 Applicat,¹
250 850 400 903 secundum
418 857 590 920 praesentem
607 863 701 915 usum,
717 869 766 920 per
785 854 802 902 d
819 856 909 923 prima
925 858 1030 924 syllaba

59 914 309 970 bino:secund11m
326 919 468 987 antiqrum
485 915 602 986 [autern]
615 918 849 986 orthographiam,
866 938 936 990 quae
948 943 1030 996 prae·

62 987 166 1038 tionum
184 987 310 1039 ultimam
326 987 435 1039 literam
453 984 624 1054 [consonam]
640 987 668 1037 in
686 988 802 1039 vicinam
819 992 957 1058 mutabat,
974 1011 1028 1065 per

59 1056 200 1106 facitodum
217 1072 281 1107 vero
299 1054 489 1122 Euphoniam,
511 1069 563 1121 per
581 1072 598 1102 a
615 1061 731 1105 tantum.
764 1054 933 1138 Praepositio
950 1064 1027 1116 enim

59 1124 118 1188 tad
131 1125 361 1193 compositionem
379 1121 533 1188 transierit,
557 1130 605 1173 aut
622 1123 676 1171 rim
700 1140 776 1175 sitam
793 1133 908 1191 retinet,
932 1130 1026 1182 utin·

59 1207 84 1239 r.-
106 1199 153 1244 aut
176 1199 265 1243 mutat
288 1193 415 1243 ultimam
440 1193 564 1256 literam,
586 1197 617 1240 ut
634 1189 769 1259 Sufficio:
794 1202 842 1244 aut
864 1196 971 1264 perdit,
994 1207 1027 1250 ut

59 1275 110 1312 mo.
125 1287 159 1298 -
192 1266 254 1317 617.
272 1259 362 1326 (Tune
380 1267 445 1320 etc.;
463 1267 490 1311 et
506 1260 558 1310 hoc
575 1260 783 1321 admirativum,
800 1278 857 1313 non
873 1263 1028 1333 interrogea

59 1340 94 1380 tu.
124 1329 176 1379 Itu
198 1335 307 1394 atatem,
329 1328 442 1380 honoris
464 1334 520 1391 est,
542 1333 573 1376 ut
595 1332 637 1392 (7,
655 1327 738 1388 110.):
762 1328 807 1379 Sic
825 1328 950 1398 luppiter
975 1336 1026 1389 illa

59 1398 141 1462 rebat,-
166 1396 207 1447 rel
231 1409 296 1447 tune
322 1399 386 1461 illc,
407 1396 513 1448 videtur
532 1394 697 1446 beneticirun
718 1397 827 1450 Veneris
844 1400 976 1454 admirari
993 1404 1026 1459 in

66 1468 153 1533 =quern
171 1466 334 1537 adamatura
352 1464 412 1526 est.)
447 1463 598 1513 Dardanio
616 1463 751 1527 Anchise,-
778 1467 818 1533 [et
833 1467 885 1518 hoc
903 1469 1025 1524 adrnira-

59 1543 86 1581 m
106 1549 160 1584 non
183 1530 432 1600 interrogativum]
466 1531 541 1583 Bene
559 1531 694 1583 Anchisen
718 1534 800 1585 adiit
835 1535 907 1587 Cum
930 1540 1024 1593 multis

59 1603 177 1653 nVenus
200 1602 357 1653 concubuit
391 1600 443 1652 Sed
466 1600 608 1651 sciendum
631 1599 779 1665 Anchisen,
802 1602 845 1671 [ut
866 1604 960 1657 labula
982 1608 1023 1658 lo-

59 1669 111 1736 tan]
127 1675 271 1737 pastorem
284 1671 375 1733 fnisse,
392 1675 501 1720 etcum
519 1684 552 1719 eo
570 1675 663 1718 amoto
680 1669 817 1721 Venerem
833 1673 1023 1729 concubuisse.

59 1733 78 1789 la
92 1742 195 1790 Aeneas
219 1739 294 1789 circa
318 1737 422 1788 Simoin
446 1735 561 1786 fluvium
584 1745 664 1787 natus
687 1743 735 1787 est
778 1735 854 1790 Deae
879 1739 955 1791 enim
979 1742 1023 1799 v'el

59 1806 138 1873 uphoe
163 1806 303 1858 enituntur
326 1807 400 1857 circa
424 1803 520 1854 fluvios
537 1804 579 1854 vel
595 1816 724 1856 nemora:
747 1803 822 1872 quod
838 1822 902 1857 cum
919 1806 1023 1874 (Guell'.

59 1888 89 1924 uo
105 1891 169 1925 cum
185 1874 224 1935 se)
248 1874 364 1925 iactaret
380 1872 523 1935 Anchises,
546 1873 653 1923 afflatus
670 1878 711 1922 est
732 1873 863 1937 fulmine,
887 1877 1022 1944 oculoque

59 1949 112 1993 'atus
127 1950 175 1995 est.
192 1968 228 1978 —
261 1947 322 1999 619.
342 1937 604 1991 Teucrum‘Siclona
622 1942 731 2004 venire,-
757 1941 887 2008 [quidam
905 1948 1023 1999 memini

59 2013 97 2074 irs,
108 2027 158 2081 pro
173 2012 290 2061 memini
304 2012 414 2077 venisse
428 2007 584 2079 accipiunt]
600 2008 719 2060 Historia
743 2008 850 2074 tamen]
862 2011 914 2062 hoc
927 2012 1023 2082 habet,
1104 2061 1111 2074 ,

59 2080 153 2147 cutem,
178 2095 243 2130 cum
261 2078 377 2129 Colchos
401 2080 468 2141 iret,
493 2077 600 2143 perdito
623 2077 706 2143 Hyla,
749 2075 797 2144 qui
819 2086 932 2145 aqatum
956 2097 1022 2152 pro·

59 2161 80 2197 ts
96 2151 141 2215 (ut
156 2145 251 2200 fabula
268 2145 418 2214 loquitur,)
443 2154 462 2196 a·
477 2145 548 2212 Nym
568 2145 609 2195 his
633 2145 775 2196 adamatus
799 2155 894 2212 raptus
912 2157 966 2215 est,
989 2159 1021 2202 ut

59 2224 91 2266 tas
112 2215 211 2281 habet,
234 2208 324 2285 lapsus
348 2214 377 2264 in
401 2215 508 2264 fontem
558 2213 695 2264 tissimum
719 2220 830 2267 necatus
855 2215 940 2281 est,]=
958 2226 1021 2281 post

59 2291 165 2351 ‚gratam
182 2284 300 2351 Mysiam
318 2282 431 2333 navibus
445 2282 560 2332 Troiam
576 2283 687 2345 venisse.
722 2284 745 2334 A
762 2281 839 2332 cuius
855 2292 936 2352 portu
953 2301 1019 2353 cunr

75 2351 235 2404 Laomedon
260 2357 383 2414 arceret,
408 2350 510 2400 occisus
535 2356 588 2401 est:
612 2356 640 2400 et
664 2347 721 2401 eius
745 2349 802 2400 tilia
818 2349 936 2402 Hesiona
953 2351 1019 2408 belll

70 2419 190 2485 sublata,
206 2419 303 2470 comiti
319 2417 465 2470 Telamoni
481 2418 581 2470 tradita
600 2426 652 2468 est:
670 2418 716 2484 qui
734 2415 840 2486 primus
858 2419 1019 2473 ascenderat

59 2506 117 2555 um,
141 2490 214 2540 unde
232 2488 339 2540 Teucer
364 2495 442 2538 natus
466 2494 513 2537 esc
547 2486 620 2536 Nam
643 2484 756 2537 Aiacem
780 2499 811 2537 ex
835 2483 890 2539 alia
913 2494 1020 2542 constat

72 2565 255 2626 procreatum.
291 2555 369 2605 Tunc
384 2553 522 2616 ¹Hercules
544 2554 686 2605 Priamum
709 2556 1019 2627 qttoquelredempttun

59 2626 124 2677 cirris
140 2624 265 2677 hostibus
287 2623 317 2674 in
340 2628 457 2692 paterno
480 2638 567 2690 regno
590 2621 696 2674 locavit.
738 2622 815 2673 Uride
841 2628 868 2673 et
891 2625 1017 2678 Priamul

59 2711 76 2744 is
92 2702 147 2760 est,
173 2689 227 2745 ino*
245 2689 295 2745 τοῦ
311 2694 464 2761 πρίασθαι,
482 2688 500 2742 i.
518 2707 542 2742 e.
560 2688 623 2742 emi.
660 2691 792 2742 Ceterum
830 2706 880 2742 uae
898 2693 932 2744 (le
947 2692 1017 2746 libe·

72 2763 198 2814 dicuntur
222 2761 355 2825 Hesiona,
378 2756 563 2810 constetisse
585 2757 716 2809 fabulosa.
750 2756 803 2808 Sed
845 2775 928 2828 eucer
951 2778 1017 2815 erun

59 2850 72 2882 a
96 2849 189 2884 eversa
212 2830 270 2881 sine
293 2830 380 2880 fratre
405 2834 474 2879 esset
498 2840 637 2890 reversus,
660 2825 707 2893 qui
731 2842 760 2876 se
784 2827 879 2878 surore
902 2844 952 2898 pro
972 2837 1016 2882 ter

59 2899 94 2952 ita
110 2897 220 2951 Achillis
237 2913 316 2950 arma
332 2896 526 2955 interemerat;
549 2892 618 2961 [vel,
634 2900 664 2943 ut
680 2891 741 2957 alii,
766 2893 830 2960 quia
847 2910 903 2946 nou
921 2849 1017 2949 delen·

59 2976 67 3018 t
83 2969 172 3025 Aiacis
188 2966 281 3020 fratris
298 2963 457 3027 interitum,
474 2961 518 3014 vel
534 2961 598 3030 quia
616 2975 675 3012 essa
691 2961 784 3012 fratris
800 2977 857 3013 non
873 2966 1009 3033 retulisset
1105 2980 1109 2987 ·

59 3035 194 3101 nonnulli,
217 3032 291 3105 quod
314 3034 491 3084 Tecmessam
515 3029 583 3098 (cod.
607 3030 636 3082 F.
659 3029 862 3092 Theomisstun)
885 3004 1018 3085 concubi-¹

59 3116 62 3155 t
86 3103 129 3157 vel
152 3103 209 3155 eius
233 3100 325 3154 fratris
351 3099 439 3150 lilium
463 3095 613 3150 Turisaceit
631 3096 781 3165 (Eurysac.)
805 3105 833 3162 (a
857 3104 955 3165 coena)
980 3102 1017 3154 ad

59 3173 238 3225 iTelamona
261 3171 295 3223 de
319 3167 404 3219 Troia
428 3184 522 3218 secum
545 3183 602 3218 non
625 3164 778 3228 reduxerit,
804 3166 868 3233 quia
891 3166 937 3220 ille
961 3170 1017 3222 alia

64 3234 284 3294 vectus⁷feliciur
301 3235 505 3303 navigaverat,]
528 3233 667 3286 Salamina
691 3234 733 3300 (al.
751 3231 898 3294 balantias.)
922 3235 1016 3305 pulsus
1087 3256 1094 3264 ·

59 3307 123 3374 atre]
141 3307 242 3360 Sidona
260 3309 330 3373 (Vos.
347 3305 510 3366 Sidoniam
538 3302 627 3352 Guelf.
643 3303 662 3352 I.
682 3300 714 3351 L.
731 3299 765 3350 R.
783 3302 854 3353 Dan.
872 3300 1015 3358 Sidonem.

59 3381 76 3431 f.
90 3379 123 3428 Il.
138 3377 305 3440 Sidonem,
322 3376 395 3424 Voss.
410 3373 444 3423 ad
458 3369 524 3423 vell
538 3370 643 3421 Patere.
663 3375 687 3434 1,
702 3374 725 3424 1.
745 3367 765 3418 C
786 3368 911 3432 doniam)
929 3374 1016 3428 venit:

59 3463 87 3497 uo
105 3445 178 3497 Dido
203 3453 302 3496 cuncta
324 3440 457 3510 cognovit.
492 3437 557 3491 Aiax
575 3445 668 3490 antem
685 3435 751 3488 Achi
775 3439 794 3488 's
811 3439 942 3514 patruelis
958 3442 1015 3494 fra·

59 3518 157 3567 inerat:
188 3514 320 3581 qrioniam
343 3511 478 3561 Telamon
503 3515 531 3559 et
553 3505 649 3557 Peleus
672 3508 772 3558 iratres
797 3507 910 3558 fuerunt
930 3509 1014 3563 Aeaci

63 3609 99 3621 ·-
140 3587 202 3639 621.
233 3581 349 3648 (Belus,·
380 3577 492 3646 quidam
522 3575 608 3627 alium
638 3582 746 3645 patrem
769 3571 871 3626 Elissae
902 3574 1014 3641 dicunt.)

59 3668 146 3714 mom,
163 3665 214 3720 pro
228 3649 386 3720 opulentam
400 3642 524 3697 nonnulli
539 3640 695 3712 accipiunt]
725 3641 859 3693 Vacabat
869 3641 1013 3713 ¹Cyprum

59 3738 68 3772 ι
84 3719 229 3771 subactam
246 3714 379 3768 concessit
395 3712 504 3767 Teucro
522 3712 615 3780 (c'odd.
633 3719 661 3763 et
678 3710 769 3780 Steph.
787 3709 821 3762 al.
838 3709 960 3778 Teucro,
984 3722 1016 3765 ut

59 3808 69 3842 ι
93 3787 243 3840 collocaret
266 3782 431 3852 imperium,
461 3783 557 3833 ceteris
586 3781 701 3832 omissis
727 3794 813 3846 usqua
839 3781 875 3829 nd
902 3796 926 3831 v.
949 3786 1011 3841 623.

62 3861 91 3909 F.
111 3864 142 3908 et
154 3856 247 3906 Burm.
261 3853 384 3913 Teucro,
400 3849 448 3918 qui
465 3867 497 3903 ex
513 3863 643 3920 responso
656 3847 789 3919 Apollinis
803 3847 867 3899 illuc
883 3864 1013 3919 perrara·

59 3927 136 3978 utin
154 3941 187 3976 ea
202 3922 359 3974 conlocaret
373 3920 533 3990 imperium,
550 3917 597 3986 qui
614 3933 676 3969 eam
694 3914 831 3968 civitatem
844 3915 1013 3970 Salaminem

59 3991 172 4075 ninam)
189 4007 221 4047 ex
236 3989 350 4049 nomme
367 3987 473 4071 patriae
489 3987 531 4044 ibi
547 3985 684 4049 condidit3
705 3983 772 4038 licet
786 3984 834 4038 alii
850 3979 958 4057 dicant,
974 3986 1011 4069 ab

791 4107 809 4159 ⁷
