2454 4500
193 240 233 333 1⁸⁷
252 262 410 335 vultu.
433 272 605 333 uanam
627 226 707 333 us.
731 272 789 346 111,
810 276 962 341 26-40.
1039 236 1104 345 sss

65 472 80 506 s
101 454 268 521 voluntate]
284 482 319 496 -
353 462 396 514 26.
420 457 599 522 Monstrum,-
624 457 696 511 bene
722 468 895 525 monstrum
919 476 986 512 nam
1007 461 1102 516 statim

65 524 129 592 qnid
155 531 230 576 esset
251 526 392 597 apparuit,
422 534 450 577 et
479 528 532 578 hoc
564 526 742 596 proprietatis
767 535 821 589 est;
850 527 982 582 abusione
1005 539 1101 584 tamen

63 593 231 662 plerumque
254 594 448 664 corrumpitur.
466 621 500 633 -
534 602 578 652 28.
595 593 776 661 Liquuntur3
800 596 824 646 li
846 596 877 649 in
900 598 984 649 verbo
1000 600 1101 669 produ·

63 663 150 729 citur,
176 668 207 712 ut
223 662 278 713 hoc
296 662 366 714 loco.
400 664 471 715 Item
489 665 532 732 (G.
552 671 583 729 1,
599 663 667 727 43.);
691 665 779 715 Canis
804 681 866 714 cum
886 668 1031 718 mantibus
1049 667 1101 719 bu·

64 748 122 782 mor
148 730 297 798 Liqu'itur.
337 731 370 782 In
393 732 508 784 nomine
532 749 596 784 vero
620 731 710 784 brevis
734 740 789 798 est,
812 741 843 784 ut
868 735 969 802 liquor.
985 762 1020 774 ·-
1051 743 1100 795 29.

65 798 159 864 Tab05
184 808 316 869 corrupto
339 800 481 867 sanguine.
516 801 552 852 Et
574 808 615 852 est
631 816 735 854 nomen
752 817 830 853 casus
853 803 965 874 septimi
982 812 1099 871 unnim,

15 875 18 905 ἒ
63 876 92 917 ut
105 875 176 920 sunt
192 880 306 934 epotata,
323 880 410 932 natu,-
428 869 502 936 quod
518 869 541 919 si
558 869 623 921 velis
640 869 797 936 declinare,
814 869 882 921 baec
901 875 992 940 tabes,
1009 874 1099 927 buius

63 937 137 988 tabis
154 937 226 988 diuis
242 937 344 1005 (dices).
362 965 398 976 —
433 944 475 994 30.
493 937 621 988 Membra
639 940 745 1006 quatit;
770 955 852 990 causa
868 941 970 1011 pendet
988 959 1019 995 ex
1036 947 1098 994 cau·

63 1021 97 1057 sa.
150 1006 227 1071 Nam
257 1006 343 1056 timor
371 1007 534 1073 sauguinem
562 1007 649 1074 gelat,
679 1008 725 1077 qui
755 1015 865 1060 coactus
893 1010 982 1078 gignit
1009 1010 1098 1078 ftigus
1139 1024 1143 1035 ·

62 1074 168 1136 (Guelf.
185 1075 206 1126 Ι.
226 1073 375 1137 timorem).
408 1073 594 1142 [Gelidusqus
612 1078 682 1138 coit3
706 1076 816 1144 physice
832 1076 953 1146 loquitur
971 1086 999 1130 et
1014 1080 1098 1131 ratio·
1153 1098 1156 1105 ’

61 1143 211 1206 rabilite13
233 1159 301 1194 nam
323 1143 390 1194 hinc
414 1153 442 1196 et
464 1143 554 1212 pallor
578 1146 714 1210 nascitur,
735 1162 800 1196 cum
823 1161 852 1197 se
877 1147 912 1199 ad
935 1146 1098 1218 praecordia

28 1240 30 1245 ·
61 1213 172 1279 fragrans
203 1211 343 1263 contrahit
372 1211 508 1280 sanguia]
532 1240 568 1249 -
608 1220 650 1270 31.
673 1212 793 1265 Lentum
818 1217 927 1278 vimen,·
958 1216 1048 1269 molle,
1070 1223 1099 1268 et

60 1279 225 1332 flexuosum.
268 1280 346 1332 Unde
377 1290 405 1334 et
428 1285 515 1332 vietus
540 1280 644 1347 (Guelf.
666 1283 686 1335 Ι.
712 1282 838 1345 vetulos)
862 1284 979 1335 dicimus
1001 1298 1098 1336 curvos
1173 1284 1177 1293 '

61 1363 112 1415 per
129 1356 314 1407 senectutem
332 1375 366 1387 -
402 1360 445 1407 32.
465 1351 584 1400 Tentare
609 1352 740 1416 latentes,
765 1352 931 1404 miraculum
954 1353 1032 1404 enim
1049 1359 1098 1417 est,

60 1434 92 1469 ex
108 1419 217 1470 arbore
233 1419 397 1486 sanguinem
414 1419 510 1470 fluere.
527 1446 562 1456 -
597 1423 640 1477 34.
657 1419 751 1471 Malta
771 1438 884 1472 mouens
902 1424 1017 1486 anima,·
1040 1435 1098 1471 non

60 1485 129 1537 dicit
146 1503 235 1555 quae,
259 1487 307 1540 sed
324 1503 356 1540 ex
373 1488 548 1554 sequentibus
571 1487 758 1556 intelligimus.
794 1489 976 1556 Cogitabam,
999 1489 1099 1559 inquit,

61 1571 97 1607 ne
120 1557 199 1608 forte
222 1556 332 1623 sanguis
355 1564 427 1608 esset
450 1572 482 1608 ex
505 1557 632 1626 nymphis
656 1559 702 1625 [ue
726 1559 799 1608 forte
816 1557 920 1609 bellum
937 1558 1099 1611 immineret

58 1625 136 1692 quod
158 1628 323 1693 sanguinem
355 1624 495 1688 vidissem,
524 1643 559 1676 ne
590 1624 683 1676 lucum
707 1626 903 1694 Nympharum
930 1623 1096 1690 dolassem]

59 1692 270 1762 Hamadryades
293 1708 415 1761 namque
438 1709 503 1743 cum
528 1693 673 1744 arboribus
697 1701 726 1746 et
741 1701 904 1760 nasorurtur,
928 1703 956 1746 et
972 1698 1098 1764 pereunt.

59 1759 141 1814 Unde
159 1762 325 1831 plerumque
341 1778 422 1815 caesa
439 1762 538 1813 arbore
556 1762 665 1830 sanguis
682 1770 801 1815 ernanat
834 1763 907 1812 Nam
919 1762 972 1830 [ut]
984 1761 1097 1814 Ovidius

59 1830 100 1880 ait
116 1831 200 1897 (Met.
217 1836 249 1896 8,
265 1830 338 1893 762.)
357 1848 422 1881 cum
438 1831 596 1882 Erisichton
612 1831 744 1884 arborem
761 1831 909 1894 incideret,
927 1831 1018 1900 primo
1035 1846 1096 1882 san·

58 1900 132 1965 guin
145 1900 265 1960 efflunit3
289 1907 350 1971 post
372 1900 490 1951 ululatus
514 1906 621 1950 secutus
646 1907 695 1951 est.
735 1901 801 1951 Inde
825 1898 924 1949 Statius
949 1899 1097 1965 (6,113.):
1157 1905 1160 1915 '

58 1967 122 2019 Nec
150 1969 294 2036 amplexat
322 1970 468 2019 dimittant
493 1969 594 2019 robora
621 1967 767 2035 nymphae.
808 1968 893 2019 Item:
921 1965 1097 2035 Cogitabam,

58 2057 97 2089 ne
113 2039 189 2089 sorte
225 2053 257 2089 ex
280 2044 355 2089 terra
372 2037 473 2088 Martis
493 2037 555 2088 iure
581 2037 690 2104 sanguis
707 2037 841 2089 efflueret.
876 2035 948 2087 Nam
967 2034 1040 2104 quod
1057 2035 1097 2085 di·

57 2106 112 2171 cit,
136 2106 207 2158 haec
229 2122 258 2157 se
283 2114 445 2159 veneratum
469 2114 528 2157 esse
550 2107 680 2170 numina,
709 2105 768 2156 illas
791 2111 898 2155 constat
920 2102 1098 2174 praecessisse

56 2174 250 2242 cogitationes.
267 2201 303 2212 -
336 2180 379 2232 35.
400 2173 614 2240 Gradivumque
631 2187 754 2240 patrem,
781 2172 957 2238 Gradivum
981 2167 1097 2239 θοῦριον

51 2237 162 2312 ”Aoum
182 2244 200 2294 i.
214 2261 237 2296 e.
253 2242 422 2294 exsilientem
439 2242 469 2294 in
486 2243 599 2312 praelia,
616 2244 690 2309 quod
706 2243 736 2294 in
754 2242 917 2293 bellantibus
935 2243 970 2292 sit
985 2257 1097 2293 necesse

57 2321 109 2364 est
145 2313 211 2380 [Aut
226 2327 341 2379 parem
358 2311 442 2364 deum
458 2319 583 2380 patrem,
606 2319 654 2363 aut
677 2313 756 2376 ideo,
777 2310 843 2376 quia
861 2310 934 2376 apud
950 2308 1097 2361 Pontrfices

57 2381 140 2432 Mars
155 2392 235 2449 pater
251 2380 359 2433 dicitur.
393 2379 446 2430 Alii
463 2381 631 2447 gradivum,
656 2380 730 2448 quod
746 2379 864 2447 gradum
887 2379 1026 2459 insprant,
1049 2377 1098 2445 qui

56 2455 201 2518 pugnant:
226 2457 274 2500 aut
297 2448 370 2517 quod
392 2449 513 2516 impigre
538 2449 715 2516 gratantum
741 2455 790 2499 aut
813 2447 849 2498 ab
873 2447 967 2499 hastae
984 2461 1097 2498 concus-

56 2520 155 2584 sione,
172 2517 247 2585 quod
265 2517 373 2570 Graece
390 2517 492 2568 dicitur
509 2513 655 2586 apadaivar.
690 2517 743 2568 Alii
760 2516 928 2583 gradivum,
945 2516 1011 2584 quia
1026 2530 1097 2579 nure,

55 2602 148 2655 quam
165 2594 294 2653 equester
310 2586 377 2651 fuit,
401 2603 417 2637 a
434 2588 527 2653 gradu
546 2586 659 2638 dictum
674 2586 748 2653 quod
770 2585 824 2635 hue
848 2592 876 2635 et
897 2584 962 2634 illuc
980 2583 1095 2651 gradis·

58 2668 125 2720 tur3
152 2656 225 2707 unde
241 2655 365 2706 Martem
383 2670 563 2706 communem
580 2655 641 2706 dici.
676 2653 807 2705 Nonnulli
823 2653 942 2704 eundem
960 2651 1051 2704 Solem
1069 2653 1099 2704 et
1154 2688 1157 2695 .

56 2724 215 2775 Vulcanum
231 2723 333 2775 dicum.
367 2720 422 2774 Sed
438 2723 591 2774 Vulcanum
607 2723 716 2791 generis
740 2738 798 2774 esse
823 2721 911 2775 omnis
933 2721 1098 2799 principem,

56 2793 186 2845 Martem
202 2808 266 2844 vero
283 2791 428 2844 Romanae
451 2799 561 2842 tantum
578 2791 669 2859 stirpis
686 2798 839 2842 auctorem.
875 2788 1000 2851 Patrem‚·
1024 2789 1097 2853 ideo,

55 2862 128 2930 quia
151 2879 169 2912 a
185 2865 267 2932 poeta
289 2875 378 2930 paene
402 2859 530 2910 omuibus
555 2861 607 2911 diis
630 2875 734 2912 nomen
750 2868 901 2931 paternum
918 2857 1044 2924 additur,
1066 2862 1098 2906 ut

56 2931 132 2983 fiant
153 2927 391 2994 venerabiliores]
434 2928 557 2995 Geticis3
590 2929 722 2982 Thraciis.
773 2926 857 2979 Getae
884 2935 978 2982 autem
1001 2922 1098 2995 populi

55 3006 125 3051 sunt
145 2998 267 3066 Mysiae3
298 3016 384 3068 quae,
414 2998 479 3066 quia
502 2997 558 3050 lata
582 3005 636 3061 est,
665 2998 765 3049 multas
788 2995 912 3047 continet
935 3002 1037 3062 gentes.
1061 3018 1097 3033 ν-

56 3074 103 3127 36.
136 3066 202 3118 Rite
234 3069 434 3133 secundarent3
465 3074 541 3118 recte
564 3081 711 3136 prosperos
732 3066 865 3117 facerent.
912 3063 1014 3127 Visus,
1044 3077 1097 3131 pro

56 3139 126 3189 visa
144 3137 243 3204 posuit
279 3136 357 3188 Tunc
374 3135 450 3187 enim
474 3137 626 3187 masculino
643 3134 748 3184 utimur
771 3148 888 3197 genere,
909 3147 975 3180 cum
996 3131 1030 3181 de
1054 3130 1097 3181 his

54 3205 217 3274 loquimur,
240 3201 338 3273 quibus
355 3203 491 3255 videmus:
515 3211 547 3253 ut
563 3205 586 3255 si
603 3203 691 3262 dicas3
715 3199 862 3251 Nubecula
887 3201 963 3251 abest
986 3200 1098 3250 visibus

57 3275 142 3325 meis.
177 3272 205 3323 Si
221 3282 321 3326 autem.
332 3281 432 3324 neutro
449 3280 577 3338 utamur,
600 3288 632 3322 ea
657 3285 726 3337 quae
747 3268 874 3321 videntur
897 3267 1114 3335 significamum.

58 3351 91 3395 ut
115 3343 140 3394 si
162 3343 216 3395 hoc
237 3343 299 3394 loco
323 3341 441 3393 diceret:
468 3341 535 3390 Rite
560 3340 748 3390 secundarent
772 3339 844 3388 visa.
880 3335 959 3402 Quod
982 3342 1098 3405 propter

19 3467 24 3477 ,
56 3419 185 3464 metrum
207 3425 386 3478 nequaquam
409 3409 507 3477 potuit.
542 3407 648 3458 Similia
670 3413 733 3457 sunt
758 3407 878 3456 nuntius
903 3410 931 3457 et
955 3406 1098 3470 nuntium,
1191 3446 1195 3453 .

58 3481 182 3532 auditus
207 3486 235 3531 et
258 3481 398 3532 auditum.
434 3479 579 3544 Omanue
596 3470 745 3541 ‘lavarent,¹
769 3474 877 3525 bonum
895 3489 926 3523 ac
949 3471 1007 3524 leve
1023 3473 1097 3531 face·

57 3558 142 3604 rent·
166 3550 207 3617 [I.
229 3567 254 3601 e.
278 3548 309 3599 in
330 3547 438 3598 bonum
462 3542 675 3608 converterent]
692 3570 727 3582 -
762 3549 805 3601 38.
831 3542 984 3605 Obluctor‚·
1006 3541 1098 3592 acrius

57 3619 199 3673 nitentem
227 3617 352 3669 ostendit.
369 3643 405 3654 --
439 3619 483 3673 39.
501 3613 641 3681 Eloquar,
666 3630 704 3666 an
727 3615 826 3663 sileam
834 3635 844 3675 ,-
869 3609 1041 3676 parenthesis
1061 3606 1097 3662 ad

57 3687 230 3741 miraculum
247 3686 350 3753 posita,
363 3687 432 3753 [qua
449 3684 671 3751 magnitudinem
689 3681 806 3733 monstri
824 3678 956 3743 ostendit,
973 3674 1000 3729 et
1016 3677 1098 3744 beno,

56 3756 219 3810 auditorem
235 3761 373 3807 attentum
389 3753 446 3804 vult
468 3751 581 3817 facere]
618 3750 745 3802 Gemitus
770 3747 984 3816 lacrymabilis,-
1002 3752 1099 3814 potest
1176 3811 1182 3823 l

58 3826 138 3879 enim
163 3832 225 3876 esse'
244 3822 331 3875 etiam
352 3822 494 3874 irascentis
517 3822 643 3890 gemitus.
678 3820 725 3888 [Et
742 3817 954 3885 lacrymabilis,
977 3830 1042 3865 cum
1058 3815 1097 3867 la·

57 3894 181 3962 cryrnis,
205 3909 240 3943 an
258 3891 356 3960 dignus
378 3889 541 3959 lacrymisl]
558 3919 593 3930 -
627 3892 671 3946 4ο.
690 3887 760 3958 [Ima
778 3884 896 3936 auditur
913 3884 1041 3949 tumulo,-
1065 3899 1099 3936 er

56 3964 117 4016 imo
141 3960 269 4026 tumulo,
290 3969 322 4012 ut
342 3960 425 4026 longe
441 3967 491 4010 vox
514 3975 578 4010 cum
596 3956 717 4025 quodam
734 3956 844 4008 defectu
867 3967 981 4018 sonans,
1003 3952 1097 4004 auditu

56 4031 118 4104 ipso
132 4026 322 4084 miserabilior
336 4028 483 4081 videretur.
518 4027 658 4089 ‘luditum
676 4032 751 4077 vetus
764 4024 848 4078 codes
861 4020 946 4075 habet
960 4016 1097 4083 auditus]
