2454 4500
79 228 197 381 Uno
233 289 235 296 ·
271 333 276 380 v,
368 274 511 383 steyn
534 270 895 369 conuicerimus
924 288 998 325 ·-

108 450 211 512 mensis
227 456 324 529 primis
331 495 340 529 ,Ι
360 447 501 512 silentium
517 454 579 512 fieri
595 457 715 528 solebat,
732 452 832 532 ,quoad
854 480 891 519 ea
915 464 992 537 duae
1008 464 1042 525 de

67 580 71 593 x
107 530 196 595 libata
212 529 322 580 fuerant
339 529 374 579 ad
390 531 484 580 focum
500 529 642 582 ferrentur
661 541 688 584 et
704 534 763 600 igni
781 537 821 599 (R
840 537 955 603 ignem3
972 539 1003 591 in
1018 540 1059 606 ign

9 609 11 620 '
108 603 255 664 darentur,
279 612 317 665 acv
335 612 403 667 puer
420 597 493 649 Deos
516 600 650 668 propitios
666 604 837 667 nunciasset,
863 613 893 654 ut
907 605 973 666 ,Diis
994 607 1061 658 hono

107 670 236 730 beretut,
259 668 432 734 tacendoque
455 683 504 717 nos
521 670 534 699 *
551 669 661 735 (Burin.
679 673 812 737 tacend03
838 676 995 741 quaeres)
1017 691 1061 724 cun

108 735 233 793 teroessit
254 738 328 788 inter
351 735 538 807 coenandum,
569 738 670 797 Graeci
685 755 805 808 ¹quoque
831 737 919 793 devia
933 747 1061 813 aequoria

47 811 49 822 ¹
108 804 193 870 cunt]
209 831 243 842 -·
278 809 339 862 731.
363 803 533 870 Hospitibus
556 813 622 869 etc.;
646 805 750 859 scilicet
774 811 899 882 exemplo
925 812 1061 881 Lycaonis,

108 891 173 946 cuni
189 871 311 942 hospites
335 882 473 942 susceptos
495 873 614 945 hospitio
639 885 766 943 necaret,
791 895 807 929 a
831 889 959 952 suscepto
977 884 1061 947 Iove,

107 962 192 1018 quam
217 940 359 1011 ei'epulas
382 941 517 994 humanas
541 946 683 1014 apposuit,
710 961 855 998 conversus
872 949 903 999 in
920 951 1061 1018 lupum,o

108 1018 162 1078 dit,
184 1011 297 1083 hospitii
320 1007 382 1062 iura
405 1023 462 1062 non
480 1030 539 1064 esse
558 1010 692 1066 violanda.
705 1013 838 1083 =‘[Graeci
856 1013 908 1068 cdv
924 1016 1010 1081 ξένιον
1024 1019 1061 1071 Δία

104 1082 216 1158 pellant.
234 1089 269 1119 -’··
302 1083 365 1138 732.
384 1078 535 1147 Tyriisque
555 1079 645 1149 diem;
669 1081 747 1152 atqui
763 1097 817 1137 nox
834 1091 907 1151 etat,
930 1089 979 1140 sed
1001 1102 1061 1158 petr

106 1151 256 1221 accipimus
274 1156 301 1201 et
317 1155 428 1204 noctem
434 1186 441 1214 ,
465 1158 493 1200 et
509 1152 623 1220 quidam
640 1153 732 1215 volunt
753 1152 903 1206 masculini
926 1157 1031 1224 generis
1050 1155 1061 1205 d

82 1243 86 1249 ·
106 1225 212 1276 bonum
226 1215 400 1286 significare,
416 1219 559 1284 feminini,
577 1218 702 1284 malum]
738 1221 881 1289 Troiaque
899 1225 1040 1292 profatum
1058 1222 1061 1272 i

106 1285 350 1355 noluitiprofugis
369 1286 470 1339 dicere.
487 1310 522 1326 -
556 1295 617 1346 733.
637 1289 705 1340 Esse
723 1292 809 1354 veiis,·
827 1293 981 1344 secundum
997 1294 1061 1343 Etrus

62 1379 68 1385 ·
106 1353 281 1431 disciplinam
297 1355 404 1407 locutus
422 1364 470 1408 est
505 1351 548 1408 sic
567 1358 642 1409 enim
660 1360 768 1426 dicunt,
785 1359 883 1409 volens
902 1360 1003 1428 (Guelf.
1018 1362 1061 1411 I.o

105 1428 299 1496 propitiusque
325 1425 374 1473 sis.
394 1445 431 1460 -·
463 1429 524 1483 734.
548 1426 645 1492 Adsit,=
672 1424 719 1479 alii
744 1424 824 1478 adsis
847 1428 953 1497 legunt.
987 1428 1061 1481 secun

99 1513 173 1567 ¹quos
197 1493 342 1556 Bacchus,
373 1498 420 1544 aut
444 1495 586 1564 antiptosis
611 1505 665 1562 est,
692 1500 739 1547 aut
763 1490 1049 1550 anticuus'rocativus.

106 1560 284 1634 (12,192.):
309 1560 391 1613 Socer
417 1579 496 1613 arma
522 1561 647 1614 Latinus
664 1563 779 1616 habeto.
820 1514 898 1618 liene
920 1575 1013 1620 autem
1032 1564 1061 1616 adr

105 1636 187 1686 dator
206 1629 345 1682 laetitiae:
372 1630 494 1698 quia'est
511 1636 538 1684 et
555 1634 636 1684 dator
653 1635 779 1704 furoris.
815 1633 851 1683 Et
868 1635 960 1700 bona;
986 1641 1061 1704 autpi

103 1704 157 1767 tia,
173 1702 191 1753 i.
209 1719 232 1752 e.
251 1715 309 1751 non
325 1699 398 1750 irata
416 1698 558 1767 Troianis,
583 1709 615 1752 ut
632 1704 673 1768 (E.
691 1711 724 1768 6,
742 1700 809 1763 65.):
834 1698 881 1764 Sis
907 1704 1000 1755 bonni
1022 1719 1034 1755 o
1044 1701 1061 1770 i

105 1788 157 1842 que
180 1771 247 1820 ruis.
281 1769 336 1819 Aut
359 1767 448 1836 magis
472 1765 546 1821 bona
568 1769 716 1839 Caelestis3
742 1780 783 1822 est
807 1771 885 1823 euim
903 1779 939 1824 ret
963 1774 1061 1825 inferna

105 1837 253 1910 (fi,135.)2
276 1834 385 1888 Iunoni
410 1835 540 1907 infernae
565 1840 658 1890 dictus
676 1854 763 1891 socer.
801 1841 875 1908 (Aut,
900 1841 972 1891 sicut
993 1858 1022 1892 su
1038 1857 1061 1890 ra

103 1916 180 1962 'ctum
199 1915 255 1972 est,
280 1900 400 1974 χρηστή,
427 1910 500 1978 quod
525 1914 566 1960 est
583 1911 671 1976 bona,
694 1922 779 1980 quom
802 1909 876 1974 inter
893 1909 1009 1963 Penates
1022 1860 1061 1960 iu

102 1979 229 2033 habuisse
247 1975 383 2027 dicuntur.
401 1998 436 2013 ⁴·—
470 1981 531 2035 735.
559 1977 688 2043 Coetum3
709 1979 796 2037 ,modo
820 1977 991 2041 convitium
1014 1975 1061 2030 eti

102 2048 188 2102 verbo
213 2045 250 2099 ad
276 2042 441 2114 dignitatem
459 2046 578 2097 duorum
601 2047 631 2097 in
655 2061 710 2098 uno
734 2043 902 2116 populorum
926 2063 991 2098 usus
1013 2052 1054 2098 est

103 2118 164 2176 736.
184 2114 316 2166 Laticum
335 2116 437 2165 libavit
455 2114 605 2179 honorem
630 2128 710 2167 more
729 2129 887 2166 sacrorum:
912 2114 982 2182 (Diis
1000 2115 1061 2170 enim

101 2182 244 2258 spitaiibus
262 2192 290 2236 et
305 2183 362 2234 Iovi
385 2181 415 2234 in
432 2196 559 2234 mensam
576 2185 745 2245 libabaturt)
771 2186 798 2234 et
820 2181 911 2247 tangit
932 2184 1020 2234 ritum
1035 2184 1061 2233 lu

102 2269 218 2319 norum,
235 2249 282 2321 qui
300 2255 427 2322 puniceas
446 2249 533 2319 (codd.
553 2255 711 2319 patricias),
735 2258 910 2318 sacratusque
927 2263 1035 2305 mensas
1050 2253 1061 2302 h

102 2323 183 2389 bant,
206 2323 237 2373 in
259 2338 326 2389 quas
349 2316 489 2372 libabant:
512 2329 543 2371 ut
566 2331 607 2374 est
629 2329 664 2388 (7
673 2360 679 2386 ,
697 2321 792 2383 116.):
816 2320 896 2370 Heus
922 2324 1007 2372 etiam
1025 2338 1061 2370 me

102 2393 312 2455 consumimus,
338 2393 432 2458 inquit
449 2391 539 2441 Iir'lus.
557 2413 593 2428 u-
627 2399 688 2448 737.
715 2390 834 2452 Libum,
859 2389 988 2443 delibato.
1023 2391 1061 2440 Su

101 2476 183 2514 tenus
207 2462 302 2526 attigit
327 2475 387 2520 ore;
416 2461 520 2526 [usque
545 2458 580 2531 ad
602 2455 705 2523 isiaca]
739 2461 775 2510 Et
799 2460 999 2511 verecundiam
1023 2475 1061 2527 reg

102 2529 235 2584 ostendit:
261 2535 290 2580 et
315 2539 425 2579 morem
442 2526 609 2581 Romanum.
646 2529 720 2579 Nam
744 2528 816 2597 apud
833 2527 956 2579 maiores
973 2537 1061 2579 nostro

100 2599 273 2653 minadnon
297 2596 446 2647 utebantur
471 2598 547 2662 vino,
578 2591 631 2648 nisi
654 2611 797 2647 sacrorum
819 2612 902 2648 causa
926 2599 1009 2648 certis
1032 2597 1061 2648 di

100 2666 227 2734 Denique
245 2664 349 2716 femina
367 2678 437 2734 quae
454 2665 504 2714 sub
521 2665 640 2718 Romulo
658 2667 753 2716 vinrun
770 2665 852 2729 bibit,
878 2664 969 2716 occisa
988 2672 1058 2719 esta

99 2738 172 2792 rito:
202 2732 356 2788 Mezentius
381 2733 428 2801 (L.
454 2728 611 2800 Metenius,
646 2733 738 2786 Guelf.
763 2734 795 2786 II.
823 2729 995 2803 metitenius,
1018 2736 1048 2785 R.

100 2803 278 2866 Metennius,
303 2802 383 2854 Fabr.
409 2797 565 2854 Mezeinus.
608 2800 689 2854 Basil.
718 2812 746 2854 et
768 2803 863 2854 Burm.
886 2803 1059 2855 Mecennius.

100 2873 191 2926 Guelf.
208 2873 227 2922 I.
247 2880 274 2923 et
290 2868 366 2922 Fuld.
391 2866 460 2923 haec
484 2871 517 2924 de
535 2873 608 2923 Met.
625 2873 741 2929 desunt.)
761 2871 915 2934 absolutus,
939 2870 969 2923 id
988 2873 1058 2924 enim

99 2955 167 2994 men
183 2938 292 2991 marito.
327 2939 371 2990 Sic
388 2935 507 2992 Granius
525 2940 684 2992 Licinianus
703 2943 774 3004 (Vos.
794 2939 944 2990 Grunnius
959 2936 1027 3004 Lis,
1043 2939 1061 2990 8⁴

99 3011 171 3062 Dan.
191 3007 238 3062 Gr.
253 3007 417 3073 Lueianus,
434 3008 515 3062 Basil.
532 3006 700 3072 Lucinian,
718 3007 797 3059 Fabr.
819 3008 945 3058 Gravius
963 3009 1061 3059 Lucios

98 3082 133 3132 cf.
145 3079 270 3138 Macrob.
286 3078 433 3141 Sat.1,16.)
447 3093 550 3129 coenae
564 3095 629 3129 suae
644 3077 764 3145 (quintm
782 3078 815 3126 In
824 3075 966 3128 Historiis
980 3080 1061 3129 lectun

98 3149 309 3213 Romanorum,
333 3149 396 3198 uini
420 3163 503 3197 usum
521 3146 660 3197 Romanis
679 3144 802 3214 feminis
821 3146 949 3212 ignotum
961 3145 1056 3215 fuisse

98 3222 159 3271 scil.
180 3221 210 3268 in
230 3215 346 3284 aliquod
365 3214 481 3267 dedecus
498 3214 729 3283 prolaberentur.)
765 3214 858 3282 (Basil.
876 3219 968 3281 primo
989 3218 1061 3267 luber

99 3295 161 3346 738.
189 3286 262 3336 Tum
294 3282 411 3366 ΒιίἰαεςἸ
438 3302 488 3355 per
521 3285 668 3336 transitum
698 3285 856 3349 Boenorum
886 3284 990 3335 ducum
1020 3301 1061 3336 1101

97 3353 255 3408 introdrudt.
290 3355 363 3406 Nam
380 3351 463 3404 Bitias
487 3349 578 3406 classis
595 3353 714 3404 Punicae
736 3353 789 3402 fuit
805 3353 977 3422 praefectus:
998 3363 1029 3405 ut
1050 3354 1061 3402 d

96 3423 198 3475 Livius.
233 3421 308 3490 [Ideo
326 3429 420 3474 autem
436 3423 544 3473 Aeneae
562 3424 575 3454 *
592 3423 675 3487 dedit,
691 3438 727 3472 ne
743 3421 977 3472 contumeliosum
994 3422 1061 3474 vider

97 3498 146 3543 aut
162 3488 304 3560 petulans]
338 3491 423 3558 Iopas
440 3502 504 3540 vero
521 3504 571 3542 rex
586 3492 732 3553 Afrorum,
758 3502 827 3539 unus
845 3488 879 3540 de
893 3490 987 3558 procis
1004 3491 1061 3542 Didr

97 3568 129 3610 ut
150 3556 253 3611 Punica
276 3560 391 3611 testatur
416 3557 539 3610 historia.
574 3556 708 3623 (Servavit
732 3566 826 3610 autem
848 3550 881 3609 ed
904 3561 1022 3628 πρέπονε
1043 3574 1060 3626 q

87 3643 154 3680 >non
177 3629 285 3697 Aeneae
310 3628 402 3693 dedit,
425 3641 460 3677 ne
485 3633 533 3677 aut
555 3624 784 3678 contumeliosum
808 3626 960 3694 videretur,
985 3631 1031 3680 a'ut
1052 3647 1061 3698 1

95 3693 175 3757 lans.)
211 3693 388 3763 increpitans
395 3716 405 3759 ,-
429 3689 595 3746 inclamans:
613 3700 644 3745 ut
662 3695 707 3761 (G.
723 3700 757 3758 4,
777 3693 862 3756 138.);
887 3695 1024 3748 Aestatem
1042 3698 1061 3748 ir

95 3767 193 3832 pitens
220 3782 319 3815 seram.
362 3766 416 3816 Aut
440 3769 517 3814 certe
541 3764 658 3832 arguens
681 3764 856 3815 familiariter
879 3765 1029 3834 segnitiem
1050 3773 1061 3815 t

95 3831 271 3903 accipientis,
295 3847 360 3884 cum
384 3835 455 3887 esset
478 3827 570 3883 avidus
593 3832 623 3884 in
647 3828 776 3895 bibendo,
820 3833 1057 3951 &Namsequitur

96 3903 216 3968 impiger
222 3920 232 3966 ,-
255 3901 353 3954 melius
370 3909 465 3953 tamen
482 3897 635 3966 accipimus
652 3901 726 3952 clara
743 3917 808 3953 voce
847 3905 984 3954 artatum:
1007 3912 1038 3954 ut
1052 3900 1061 3954 l

94 3977 152 4040 tus:
181 3967 278 4037 Neque
302 3984 350 4036 ego
376 3971 413 4021 cd
437 3981 561 4019 mensam
585 3968 715 4038 publicas
740 3987 783 4021 res
808 3971 914 4036 clamo,
945 3987 1033 4039 neque
1056 3972 1061 4023 i

97 4054 193 4105 crepo,·
211 4045 240 4090 et
255 4037 384 4091 Horatius
401 4038 504 4106 (Carm-
522 4043 553 4106 1,
571 4037 639 4102 18.):
663 4037 736 4105 Quis
753 4050 816 4106 post
833 4039 902 4089 vina
919 4055 1061 4107 gravetur
