2454 4500
60 604 63 614 .
141 562 267 617 Dederat
285 579 356 630 quae
374 567 515 629 maaimag
529 554 587 701 piel

11 624 15 639 ¹
109 666 112 671 -
140 634 265 705 pertinet
280 632 355 701 quod
372 631 436 700 uit]‚
459 633 511 703 (ut)
541 638 601 693 435-

40 246 46 251 ·
141 243 209 311 234
395 236 537 301 suurn
560 239 913 329 conunurnmus
970 284 979 347 3
1029 292 1035 337 Α,
1057 196 1061 205 ’
1081 194 1109 345 ἰ
1143 246 1157 289 e

49 354 52 365 ι
101 326 140 373 'd‘

403 376 411 404 l
1113 389 1117 403 ι

142 425 272 478 velamur
290 424 414 495 amictui
438 422 508 478 sicut
525 422 630 478 diotum'
647 424 688 480 e'st
704 427 786 494 (407.)
812 445 865 499 pre
882 420 928 483 t‘er
948 430 1039 484 riam
1057 430 1100 485 vel
1114 429 1179 495 Dio·

139 493 255 549 medem
271 493 314 546 vel
331 494 452 560 mirem,
474 494 585 565 qua‘ndo
602 496 628 549 ei
644 497 797 549 Palladium
812 500 863 551 red
884 499 954 551 'tum
969 498 1033 567 esu]
1048 524 1086 539 ·-
1119 500 1180 559 546:

621 566 720 684 rapter'
732 574 816 638 caput
831 568 1045 635 velandum‚'vel
1060 569 1098 622 ud
1107 566 1183 637 illud

602 584 627 697 i:
673 653 774 704 raeque
798 636 930 692 omnibus
954 654 1045 689 unum
1064 636 1178 691 Praedi-

142 720 221 770 aam,
244 702 315 771 [hoc
332 708 421 755 estut
442 704 577 774 supplicet
592 702 729 768 Iunonil.
745 703 826 769 Rite;
849 712 941 775 recte,
959 708 1119 759 secuudum
1142 703 1179 757 ri·

138 779 216 825 tumr
251 770 326 827 unde
349 770 490 841 sequitur:-
518 770 651 843 Perfeetir
676 772 775 825 ardiae
799 777 881 827 votis.
906 800 942 813 -
968 778 1044 835 ¹547.
1071 774 1180 829 Iunoni

141 842 280 911 Argiuam
298 840 316 893 i.
334 858 358 913 e.
375 842 676 911 magnae3111t(437.):
702 840 825 897 Iunonis
843 861 977 913 maguam
994 846 1063 967 gant
1085 842 1180 895 inimi·

141 927 192 965 aaa
210 907 359 975 Troianis]
372 936 406 947 -
441 916 502 969 548.
519 909 607 960 Haud
625 928 704 963 mora
723 915 876 979 cauernae,-
893 929 982 965 uuum
1016 930 1032 967 e
1050 912 1096 965 his
1111 914 1180 981 [ser-

141 976 283 1045 monibus]
299 986 385 1032 vacet.
418 980 532 1049 [Figura
548 988 589 1033 est
606 977 636 1033 ἐκ
653 976 826 1049 παραλλήλου
842 982 933 1049 dicta,
956 982 976 1034 i.
993 1000 1017 1037 e.
1033 990 1136 1045 mutua
1151 986 1179 1033 et

140 1048 260 1101 invicem
276 1046 473 1107 declaratione.
489 1056 523 1086 -ἐ
560 1053 620 1107 549.
642 1048 821 1118 Velatarum3
887 1050 912 1103 ‘a
935 1058 1087 1107 antemnae
1103 1048 1179 1103 invo-

140 1118 386 1182 lutaesuntvelo,
408 1116 427 1168 i.
447 1120 611 1189 acclama,
637 1127 665 1171 et
681 1126 723 1171 est
739 1136 829 1172 versus
862 1118 1027 1191 pendanum}
1044 1148 1082 1159 -
1116 1122 1176 1179 δῦθι

125 1186 395 1255 Graiugenumque
420 1187 534 1252 domos,·
558 1187 596 1238 sic
620 1195 661 1240 est
683 1188 804 1254 dictum,
827 1184 1178 1273 qspemadmadum'tffitld

142 1254 317 1323 Troiugena.
358 1257 394 1307 Et
417 1256 573 1321 sciendum,
597 1255 723 1308 sacrificii
747 1252 962 1325 tantumfp'ama
982 1274 1030 1312 eos
1053 1264 1177 1325 tengtase

140 1324 317 1397 Calabriam
340 1324 389 1375 uhi
405 1326 534 1377 dicuntur
552 1327 687 1395 accepisse
702 1327 856 1395 Palladium
873 1328 954 1408 [sicut
969 1324 1055 1395 (407.)
1071 1326 1177 1379 dictim

140 1392 193 1458 est]
210 1412 226 1444 a
243 1393 394 1461 Diomede,
416 1392 564 1447 velUlixe:
585 1410 636 1446 uec
659 1390 799 1449 immerito
817 1396 966 1449 dubrtatur.
999 1396 1037 1447 Ut
1053 1394 1132 1448 enim
1146 1392 1177 1445 iu

139 1462 266 1525 secunda
286 1465 368 1530 (166.)
391 1462 523 1531 legimus,
547 1465 631 1516 ambo
654 1472 814 1535 rapuerunt.
850 1464 970 1533 [Damas
987 1472 1083 1518 autem
1105 1462 1177 1527 ideo,

140 1531 221 1603 qrrodl
232 1532 353 1585 Helenus
366 1531 470 1600 ·(398.):
495 1532 603 1585 Cuncta
627 1535 712 1585 malis
736 1532 903 1587 habitantur
920 1535 1033 1586 moenia
1053 1529 1177 1598 Gratia]

140 1628 176 1639 -
211 1605 272 1660 551.
290 1599 425 1653 Herculei
443 1609 508 1663 etc.;
531 1604 636 1672 [fabrile
653 1603 714 1655 talis
736 1600 808 1667 este]
830 1603 963 1656 Lacones·
979 1610 1009 1657 et
1024 1600 1175 1655 Athenien·

130 1688 182 1723 -ses
199 1670 247 1722 diu
269 1669 344 1723 intei
367 1670 486 1729 sabella
503 1674 672 1725 tractarunt:
696 1680 726 1726 et
741 1674 940 1742 cumulusque
957 1688 1022 1742 pars
1038 1670 1177 1751 effigere·

87 1788 89 1793 .
139 1748 200 1805 turc,
222 1739 361 1804 Lacones,
384 1739 483 1808 quibus
499 1741 622 1795 iuventus
639 1742 749 1809 deerat,
766 1748 989 1812 praeceperunt,
1010 1749 1044 1793 ut
1057 1738 1209 1809 virginet.-

139 1808 205 1861 curn
230 1809 437 1879 quibuscunque
460 1808 686 1866 concumberent.
726 1809 824 1879 [Quo]
846 1812 952 1863 fuctum
974 1817 1037 1878 est,
1067 1814 1100 1861 ut
1122 1807 1177 1887 (et),

96 1924 105 1935 ,
141 1895 206 1930 cum
223 1886 285 1945 post
300 1878 395 1931 sedata
411 1872 485 1931 bella
501 1879 625 1933 iuventus
642 1879 753 1933 incertis
771 1879 931 1950 parentibus
948 1886 1029 1945 nata,
1046 1886 1077 1933 et
1092 1884 1175 1957 patri:
1207 1920 1210 1927 .

140 1965 188 2000 arn
214 1948 303 2012 (codd.
330 1947 426 2000 Burm.
443 1950 535 2015 patri3
561 1949 652 2001 Guelf.
672 1949 706 2000 11.
723 1947 829 2014 patris)
854 1948 1042 2014 erubesceret,
1068 1955 1107 2013 et,
1123 1944 1194 2001 stu.

140 2024 212 2071 esset
228 2015 395 2137 opprobriui
417 2033 484 2068 num
501 2018 693 2071 Partheniatae
712 2016 901 2083 (Partheniae)
925 2016 1109 2081 dicebantur;
1131 2030 1173 2067 ac—

82 2120 87 2128 *
140 2093 222 2156 cepto
258 2102 309 2138 uce
326 2085 476 2147 Phalant05
492 2087 641 2139 octavo-eb
657 2086 790 2153 Hercule,
808 2085 926 2154 proiecti
942 2093 1019 2139 sunt:
1036 2084 1198 2153 deletique-

141 2157 177 2207 ad
194 2155 277 2207 breve
294 2154 426 2223 oppidum
444 2155 606 2222 Calabriae,
624 2156 697 2224 quod
716 2155 823 2221 Taras,
849 2154 972 2224 Neptuni
988 2153 1075 2220 filius,
1089 2152 1176 2206 fabri·

141 2231 265 2286 caverat,
287 2223 317 2275 id
340 2232 487 2275 auxenmt:
512 2232 540 2276 et
563 2225 652 2293 prisco
675 2221 986 2294 nomine'appellarur'rt
1010 2221 1171 2283 Tarentum.

72 2306 76 2313 ·
140 2294 217 2346 Bene
235 2307 301 2360 ergo
319 2292 414 2359 [mum]
438 2291 572 2344 Herculei
591 2294 716 2345 Tarenti.
750 2294 816 2360 [Est
833 2302 861 2344 et
878 2293 945 2344 alius
961 2292 1075 2346 fabulae
1092 2291 1174 2353 ordo:

141 2359 371 2427 Lacedaemonii,
395 2379 460 2413 cum
483 2362 627 2415 adversum
643 2363 793 2415 Messenios
816 2362 921 2414 bellurn
938 2362 1092 2427 haberent,
1114 2360 1175 2413 solis

142 2431 252 2484 senibus
276 2429 378 2482 relictis
400 2447 524 2491 omnent
539 2436 709 2484 iuventutem
727 2432 893 2494 eduxerunt,
914 2429 1131 2497 iuraveruntque
1146 2445 1173 2480 se

142 2517 200 2552 non
224 2507 288 2551 ante
310 2515 468 2552 reversuros
492 2517 576 2569 quam
600 2501 767 2553 Messeniam
793 2507 999 2569 expugnassent.
1041 2499 1096 2552 Sed
1112 2514 1174 2549 cum

142 2570 259 2622 victores
275 2568 378 2620 reversi
395 2576 499 2634 essent,
522 2570 704 2637 vidissemque
728 2569 935 2620 rrrtdtitudinem
957 2568 1106 2635 iuvenum,
1128 2566 1174 2635 (sui

143 2655 175 2690 ex
199 2652 341 2691 servorum
365 2643 393 2690 et
409 2638 585 2690 dominarum
608 2639 746 2706 virgiuum
764 2636 928 2703 concubitu,
951 2645 982 2688 ut
999 2636 1115 2705 pusiam
1129 2650 1173 2686 vo·

142 2708 215 2770 lunt,
240 2706 298 2757 sine
316 2705 370 2756 ullo
389 2706 546 2759 discrimine
563 2709 725 2776 nuptiarum
742 2706 801 2759 nati
819 2713 913 2770 erunt,
936 2721 1028 2756 servos
1066 2703 1173 2759 atibulis

143 2777 317 2838 suffixurum,
346 2774 415 2826 filios
446 2777 665 2844 strangulatam,
695 2783 808 2847 nepotes
836 2775 1008 2840 fugaverunt.
1045 2723 1101 2828 gad
1129 2771 1174 2826 alii

143 2845 253 2908 dicunt,
274 2844 403 2915 timentes¹
419 2864 455 2898 ne
473 2862 524 2914 qua
544 2863 576 2896 ex
591 2846 643 2897 illis
659 2845 795 2897 discordia
812 2850 985 2907 nasceretur,
1008 2859 1113 2910 pueros
1126 2839 1175 2912 qui

144 2931 176 2969 ex
193 2913 343 2980 virginibus
360 2915 418 2966 riuti
434 2923 515 2966 erent
527 2914 720 2968 Partheniatae
738 2911 925 2981 (Parthenias)
948 2919 1128 2976 vocaverunt,
1148 2916 1175 2962 et

143 2982 308 3037 Phalantum
331 2982 370 3034 eis
395 2982 503 3036 Ducem
525 2985 733 3036 constituerunt.
770 2981 822 3033 Sed
845 2981 875 3032 hi
899 2997 963 3031 cum
987 2982 1125 3039 venissent
1147 2978 1174 3031 in

142 3053 267 3116 Italiam,
289 3069 306 3103 a
330 3051 451 3118 quodam
473 3053 615 3120 sepulcro,
637 3054 683 3104 cui
705 3051 868 3118 inscriptum
891 3057 952 3103 eret
969 3048 1043 3101 Tare
1067 3065 1176 3113 nomen,

103 3145 106 3151 ·
143 3122 244 3173 urbem
267 3121 409 3173 conditam
428 3121 580 3172 Tarentum
604 3120 737 3173 dixerunt.
771 3122 830 3172 Hoc
854 3127 947 3172 sutem
965 3119 1101 3189 oppidum
1118 3124 1176 3188 post

145 3191 245 3243 multos
269 3205 355 3241 annos
379 3190 475 3242 excidii
498 3191 602 3243 Iliensis
618 3177 767 3242 ‘conditum
791 3188 903 3256 quddam
931 3187 1035 3239 dicunt.
1069 3188 1122 3241 Alii
1138 3185 1176 3238 di·

144 3267 218 3323 cunt,
236 3258 316 3327 quud,
332 3258 403 3311 sicut
418 3274 500 3330 supra
516 3267 715 3323 memoratum,
732 3257 877 3327 nepotibus
891 3255 1177 3309 Lacedaemoniorum

144 3329 261 3397 fugatis,
283 3346 299 3379 a
323 3327 437 3381 nomine
453 3329 530 3382 ducis
549 3330 635 3392 Ture,
658 3328 782 3379 Herculis
804 3326 869 3390 filii,
893 3326 1048 3377 Tarentum
1065 3326 1177 3377 dictum.

146 3395 266 3464 Quadam
285 3396 437 3449 Tarentum
455 3405 519 3450 ante
536 3397 674 3465 Satyrium
691 3394 795 3448 dictum
811 3395 938 3458 tradunt,
954 3403 982 3446 et
998 3394 1036 3447 ab
1053 3391 1177 3448 Herculis

145 3465 202 3516 filio
221 3465 342 3521 Tarento
380 3475 421 3517 ost
439 3466 591 3519 Tarentum
609 3465 722 3517 dictum.
755 3464 808 3515 Alii
824 3463 993 3516 Herculeam
1010 3463 1179 3534 appellatum

147 3535 254 3597 volunt,
278 3535 343 3602 quia
387 3535 522 3589 eraclidue
539 3533 853 3595 *Lacedaemoniorum
875 3548 964 3601 reges.
998 3532 1075 3585 Bene
1093 3528 1179 3598 erga]

149 3605 176 3652 si
194 3620 259 3654 aera
278 3615 318 3655 ert
335 3603 436 3672 fama,
461 3603 530 3671 [aut]
546 3604 611 3671 quia
628 3603 715 3655 Taras
733 3601 910 3661 condiderat,
932 3608 1049 3653 erexerat
1062 3600 1177 3655 Phalan-

148 3678 206 3734 tus,
231 3672 289 3738 [aut
306 3673 379 3739 quod
396 3675 431 3724 ab
448 3673 573 3727 Herculis
596 3673 655 3724 filio
671 3671 812 3723 conditum
828 3671 863 3722 sit
881 3670 1051 3735 Tarentum,
1074 3670 1178 3739 inquo

149 3739 245 3792 molles
263 3747 292 3792 et
307 3741 438 3794 lrsxuriosi
454 3750 616 3806 nascuntur,
639 3741 752 3794 ethaeo
769 3738 935 3793 consuetudo
951 3738 1053 3792 Poe'tae
1070 3746 1127 3802 est,
1150 3743 1180 3788 ut
1209 3764 1214 3775 ·

149 3807 199 3859 nbi
216 3808 250 3861 de
267 3808 378 3861 incertis
395 3811 516 3877 dubitat,
536 3812 641 3864 famam
662 3810 747 3863 faciat
762 3805 924 3871 auctorem]
940 3834 975 3844 -
1011 3812 1074 3867 552.
1092 3807 1179 3859 Attal·

152 3877 187 3927 lit
205 3895 249 3941 εις
266 3878 332 3945 quia
349 3880 629 3951 appropinquantibus
646 3887 694 3931 aut
708 3879 840 3931 recedere
856 3883 962 3929 montes
978 3876 1117 3943 videntia,
1133 3881 1182 3928 eut

150 3961 272 4012 surgere.
306 3945 384 3997 Diva
400 3947 524 4003 Lacinia
543 3962 657 4013 eontra3
681 3947 792 3999 Ismenis
809 3946 947 3998 Laciniae
963 3945 1117 4016 templum,
1140 3960 1181 3996 se·

151 4015 273 4068 cundum
298 4016 444 4085 quosdam,
467 4037 484 4073 a
506 4035 573 4089 rege
596 4016 738 4070 conditore
761 4016 878 4068 dictum:
897 4013 1049 4069 secundum
1072 4013 1141 4070 aliea
1164 4028 1181 4065 ι
