2454 4500
152 302 191 347 nr
207 281 370 351 vlessin.
391 276 565 352 huntio.
586 288 670 353 LlB.
691 289 725 367 1,
747 293 899 367 2842?
995 288 1041 360 '13

61 464 195 524 Electrae
238 466 337 536 ellicls,
361 458 610 539 [filias-Atlantis,]
632 469 727 530 lilium
746 464 868 539 [Electra
884 468 1043 541 pellex-luit
1110 487 1118 509 r

57 553 123 590 sex
141 555 195 607 qua
208 487 353 592 dardanus
369 548 452 591 natus
468 546 511 591 est
519 537 537 604 3]
553 554 569 592 s
587 553 642 606 quo
661 540 738 606 origo
757 539 879 591 Troiane
895 539 1041 593 deducitur
1102 588 1105 603 ,

70 625 89 659 a
115 612 173 675 quo
196 608 311 660 Troiani
336 608 474 676 originem
498 607 625 669 ducunt).
667 606 770 675 Παμείς
801 609 933 676 stuprati,
962 610 1041 727 Reor·

57 675 102 740 til,
128 684 160 726 ut
183 684 225 728 est
248 681 298 743 (4,
322 677 414 738 198.):
438 676 530 740 Rapta
558 675 768 743 Guromontyde
795 677 925 743 nymphe.
979 685 1041 728 tem

62 742 152 806 635.):
170 754 267 812 raptus
285 749 347 795 sine
366 762 441 795 more
458 745 598 806 Sabinos,
624 745 679 811 [rel
694 753 770 797 certe
787 746 861 811 quod
878 745 914 797 ad
930 746 1040 798 coelum

57 821 97 862 tus
109 813 146 863 sit
156 830 174 864 a
185 814 246 864 Iove
259 832 309 883 per
322 814 452 882 aquilam,
470 829 540 883 quae
552 812 623 867 Iovis.
638 816 759 879 armiger
776 813 884 883 dicitur,
901 822 931 865 ut
944 813 1040 881 (ussit

58 881 159 931 limem
175 881 290 952 pedihus
302 882 395 949 rapuit
406 883 474 932 lovis
491 881 614 949 armiger
631 882 727 948 urscia]
764 880 937 948 Ganymedis
952 883 1039 933 hono·

57 967 63 1012 ;
96 951 179 1000 Trois
205 949 308 1017 (Codri.
334 950 420 1014 Troi,
446 950 535 1002 Guelf.
553 951 573 1000 1.
599 950 725 1015 Troili),
755 951 828 1017 regis
852 951 1040 1002 Troianorum

93 1015 226 1069 Honores
243 1027 337 1070 autem
361 1020 440 1084 dixit,
464 1020 507 1070 vel
529 1027 642 1088 propter
659 1017 843 1071 ministerium
866 1019 1039 1088 poculorum,

57 1087 131 1154 quod
151 1096 277 1156 receptus
302 1088 396 1154 (Codd.
413 1088 535 1138 halitus.
560 1088 654 1138 Burm.
672 1088 743 1139 coni.
761 1087 922 1152 adhibitus,
944 1096 975 1138 ut
998 1095 1040 1140 est
1068 1140 1072 1147 ,

57 1154 142 1206 suen.
158 1154 190 1220 1.)
213 1163 270 1220 est,
292 1165 400 1208 remota
424 1157 517 1220 Hebe,
541 1155 598 1206 filiu
623 1156 750 1222 lunonis,
773 1173 844 1224 quae
861 1158 917 1207 lovi
940 1156 1039 1208 bibere

57 1221 195 1285 rimabat,
216 1224 260 1275 vel
283 1225 318 1274 ob
342 1227 412 1291 hoc,
435 1225 508 1293 quod
530 1224 604 1275 inter
628 1225 719 1277 sidera
743 1225 902 1288 collocutus,
929 1223 1039 1294 aquarii

59 1308 106 1346 ren
131 1293 244 1362 accepit.
279 1294 332 1360 [Et
355 1310 411 1344 non
438 1295 473 1344 ob
497 1293 550 1343 hoc
573 1300 682 1343 tuntum
705 1294 832 1347 irascitur
856 1296 940 1360 luno,
963 1292 1039 1362 quod

57 1367 97 1409 tus
115 1359 165 1426 sit,
189 1369 220 1410 ut
238 1360 335 1430 pocula
352 1362 537 1424 ministraret,
561 1361 607 1413 sed
630 1363 704 1429 quod
720 1362 834 1413 violatus
851 1362 901 1428 sit,
924 1371 955 1413 ut
971 1363 1038 1415 divi·

69 1429 193 1497 honores
210 1430 445 1496 consequeretur]
480 1432 559 1496 (Post
575 1446 597 1482 v.
623 1433 746 1497 occepit,
771 1432 810 1482 ita
833 1432 925 1500 pergit
946 1430 1038 1482 eolus

57 1511 79 1565 o¹
93 1492 224 1548 irascitur
240 1498 317 1564 Iuno,
334 1499 408 1567 quod
424 1514 481 1549 non
500 1498 535 1550 ob
552 1499 731 1550 hoc.tuntum
747 1507 841 1568 raptus
858 1499 908 1563 sit,
924 1507 955 1549 ut
971 1500 1038 1555 diu-
1075 1512 1079 1526 ¹

67 1566 190 1618 honores
206 1576 435 1634 consequeretur,
453 1576 483 1616 ut
499 1569 597 1636 pocula
614 1569 796 1632 ministraret,
813 1568 868 1632 sed,
886 1569 959 1636 quod
976 1568 1037 1621 viol.

65 1642 96 1684 ut
114 1635 166 1685 div.
185 1635 212 1686 li.
229 1651 303 1685 cons.
336 1638 390 1686 Aut
406 1636 543 1699 honores,
562 1645 675 1706 propter
691 1639 826 1700 formam,
844 1645 875 1686 ut
891 1635 985 1703 (591.):
1002 1636 1037 1687 Et

57 1720 89 1753 os
107 1705 203 1757 oculis
223 1702 341 1772 effloret
359 1705 486 1756 honores.
523 1707 593 1756 deire
610 1706 656 1755 hic
673 1704 847 1772 Ganymedes
867 1705 966 1757 Lntine
984 1705 1036 1757 Cu·

58 1772 113 1821 itus
131 1770 250 1836 dicitur,
265 1773 330 1823 licet
347 1774 520 1838 Theodotus,
536 1773 583 1841 qni
600 1774 694 1824 lliurus
712 1790 755 1825 res
772 1774 945 1843 perscripsit,
962 1773 1036 1824 huno

57 1857 82 1891 se
100 1840 194 1892 Belim
211 1838 300 1904 dicut,
317 1849 345 1892 et
361 1841 545 1894 Laomedonti
561 1841 744 1912 praedixisse,
760 1850 820 1891 tum
838 1843 991 1910 perituram
1007 1850 1037 1895 et

57 1912 144 1960 tutem
162 1917 190 1959 et
206 1923 325 1976 regnum
343 1910 546 1976 Troianorum,
570 1924 634 1960 cum
652 1911 686 1962 de
704 1918 798 1962 monte
815 1911 921 1961 Montio
938 1918 1037 1981 sponte

57 1984 98 2028 set
125 1988 222 2028 saxum
246 1977 401 2049 delapsum:
425 1981 499 2048 quod
523 1988 587 2029 eum
605 1981 751 2041 evenisset,
774 1989 868 2049 postea
884 1974 972 2029 'Ilium
994 1986 1037 2030 est

57 2046 158 2116 ptum.)
174 2071 210 2089 s·-
245 2051 287 2102 29.
306 2047 361 2097 His
380 2040 497 2097 occense
516 2066 614 2114 super3
633 2062 715 2118 super
732 2045 784 2114 hit,
800 2055 848 2099 sut
864 2048 898 2100 de
914 2046 972 2098 hist
987 2055 1037 2099 ant

57 2133 80 2166 er
98 2122 210 2166 metum
228 2116 417 2184 Carthaginis,
440 2117 483 2167 his
506 2132 616 2185 quoque
639 2133 760 2168 asscensu.
778 2142 813 2173 ·,-
847 2123 890 2174 30.
914 2116 1034 2182 [Τνοαεξ

57 2201 73 2234 u
89 2184 256 2235 oeconomia
273 2186 398 2252 ostendit,
413 2193 502 2236 totum
519 2190 606 2252 genus
617 2185 803 2237 Troianorum
819 2184 937 2237 invisum
953 2185 1037 2237 luisse

57 2251 130 2317 mi]:
156 2251 237 2319 (quia
261 2251 384 2305 illaturus
410 2263 464 2319 est,
488 2255 659 2318 Minervam,
683 2254 718 2304 ob
741 2255 821 2305 nnius
844 2253 965 2321 hominis
989 2254 1036 2306 de·

57 2338 110 2386 nn,
129 2321 216 2373 etium
234 2337 294 2388 eos,
311 2339 379 2393 quos
396 2331 548 2387 amaverat,
565 2323 727 2391 perdidisse:
752 2327 840 2374 unius
859 2324 891 2373 ob
911 2321 1035 2384 norom.)

57 2390 170 2457 fiquios.
207 2390 244 2438 Ut
259 2396 313 2442 stet
329 2407 421 2442 versus
439 2394 589 2460 geminavit
607 2392 645 2442 L:
662 2408 729 2442 nam
746 2392 775 2442 in
795 2406 876 2463 proso
897 2393 1035 2457 reliquiar

57 2475 125 2508 mus.
161 2456 332 2525 (Relliquias
350 2466 444 2512 autem
463 2461 617 2524 Danaum,
642 2460 802 2530 duplis-item
820 2467 850 2511 et
865 2478 882 2511 a
899 2461 1036 2526 Troianis,

75 2527 194 2577 Graecis
209 2527 263 2577 dir-i
280 2537 405 2598 possunt3
429 2536 461 2581 ut
478 2531 515 2594 (A.
536 2527 670 2592 12,fil.):
695 2529 730 2578 Et
747 2535 840 2580 nostro
858 2529 980 2597 sequitur
998 2530 1033 2582 du

57 2612 110 2646 ere
134 2593 264 2661 sanguis.)
299 2592 385 2664 Atque
411 2599 529 2648 immitis
554 2597 660 2648 Achilli
667 2618 674 2662 ;
708 2597 779 2648 bene
804 2600 955 2648 secundum
979 2599 1035 2648 Ho-
1088 2638 1091 2643 .

57 2680 111 2714 >nm
128 2663 308 2732 segregs[vi]t
324 2667 406 2717 duces
432 2684 448 2716 a
465 2666 574 2736 pupulo.
609 2667 652 2716 Sic
669 2667 773 2717 Aeneas
790 2666 818 2716 in
836 2667 955 2717 secundo
973 2674 1035 2735 port

57 2732 126 2783 rium
143 2749 254 2796 casum,
271 2734 376 2785 Priami
393 2739 528 2804 separavit
540 2735 695 2786 interitum.
730 2736 766 2784 Ut
784 2739 819 2800 (2,
836 2734 920 2796 othl:
937 2735 1034 2786 Forsi-

66 2813 91 2850 ει
108 2799 219 2852 Priami
230 2804 345 2870 fuerint
363 2822 433 2871 quoe
445 2804 512 2874 foto
532 2807 668 2870 requiror.
704 2803 842 2852 immitem
860 2811 954 2855 eutem
967 2804 1034 2856 dixit

57 2886 86 2918 m
110 2871 196 2920 circa‘
211 2866 366 2922 extinctum
384 2873 533 2924 crudelem.
554 2872 690 2938 ‘(Burm..·
714 2873 793 2922 imm.
818 2889 842 2923 a.
867 2873 907 2936 d.,
922 2876 978 2940 ,qui
1002 2873 1033 2925 in

57 2938 117 2988 oeli
142 2939 294 3005 ultionem,
326 2949 354 2993 et
377 2943 451 2993 circa
476 2940 625 2992 extinctum
648 2941 797 2991 Hectorem
820 2958 850 2989 cr
865 2941 940 2992 idelis
962 2939 1033 3005 suit)

57 3024 61 3055 :
84 3007 150 3058 ideo
176 3008 268 3059 intulit
283 3010 418 3060 Achillem
436 3010 598 3080 praecipue,
622 3009 695 3076 quod
712 3011 817 3065 Aeneas
842 3025 906 3059 cum
928 3009 1033 3064 Achille

57 3091 162 3143 gressus
180 3076 229 3140 sit,
247 3083 283 3127 et.
293 3086 323 3127 ut
339 3076 368 3128 in
386 3078 415 3127 V.
434 3076 514 3145 (804.)
532 3077 585 3140 eit,
600 3077 724 3146 Neptuni
741 3076 875 3128 beneficio
891 3078 1033 3144 liberatus.

57 3143 78 3207 e)
95 3143 222 3208 Achilli,
248 3155 361 3216 propter
379 3140 583 3213 iuoeoitisowv
601 3146 718 3197 detraxit
737 3147 866 3210 literam,
888 3163 958 3214 quae
976 3147 1033 3216 ple·
1061 3158 1064 3165 '

57 3229 116 3282 ique
141 3228 194 3282 pro
220 3214 300 3266 sibilo
317 3216 451 3280 habetur,
476 3232 530 3268 non
556 3216 644 3264 solum
668 3215 852 3279 necessitatis,
875 3215 923 3266 sed
947 3219 1033 3267 etiam

57 3281 155 3333 huniae
173 3299 263 3334 caum.
300 3285 387 3350 (Nam
405 3285 472 3336 olibi
488 3287 546 3361 ipse
565 3283 603 3333 ait
621 3287 680 3348 (12,
698 3283 782 3345 35rrl:
806 3283 863 3332 Nec
889 3287 969 3348 equis
987 3304 1032 3335 os-

57 3351 247 3412 ztthilles.)
289 3353 324 3402 tt
348 3354 500 3405 Sallustius:
531 3351 567 3409 Α(
578 3354 719 3417 principio
746 3353 841 3414 urbis,
869 3353 904 3402 od
929 3355 1032 3405 bellum

57 3424 76 3470 :i
100 3420 328 3472 Macedonicum.
372 3422 534 3474 Detrahitur
559 3428 652 3471 autem
676 3439 690 3470 s
719 3421 819 3474 tertiae
842 3419 1033 3487 declinationis

57 3491 125 3540 [tiso.
157 3488 245 3555 (Sane
263 3491 334 3558 apud
352 3490 466 3558 Sigeum
484 3489 594 3541 Achillis
612 3497 700 3541 statua
718 3490 801 3541 fuisse
818 3490 935 3556 dicitur,
959 3509 1030 3560 quus

58 3576 123 3622 ma,
146 3559 164 3608 i.
190 3577 213 3608 e.
240 3562 339 3611 extima
364 3562 437 3610 auris
462 3566 539 3630 parte
564 3557 709 3610 elenchum
734 3573 813 3611 more
836 3561 958 3612 femineo
981 3561 1032 3613 lm-

57 3627 97 3678 rit.
133 3628 185 3677 Hic
205 3628 278 3698 apud
296 3629 409 3679 Cretum
427 3629 546 3679 insulam
562 3627 692 3696 Penrptus
709 3635 819 3678 meatus
835 3638 892 3693 est,
910 3638 941 3679 ut
957 3620 1041 3683 vete!
1114 3663 1118 3676 ,

62 3702 190 3746 auctores
216 3696 346 3757 trusirent.)
364 3722 399 3734 ω
435 3703 476 3752 31.
501 3697 643 3762 [Arcehot3
668 3695 841 3766 prohibebat
876 3699 1031 3766 Aliquando

57 3765 134 3814 {ficut
157 3766 339 3825 eteontinet.
375 3766 494 3831 Ennius,
519 3764 578 3830 Qui
596 3766 722 3834 fulmine
748 3768 823 3817 clero
851 3767 956 3818 Omnia
981 3787 1035 3836 per
1121 3800 1137 3835 χ

57 3837 109 3883 'tus
135 3846 217 3882 arcet,
260 3834 290 3883 Id
316 3842 355 3884 est
379 3832 519 3896 continet]
542 3862 576 3870 —
612 3843 655 3890 32.
680 3836 741 3885 Acti
759 3836 851 3904 foti53
883 3838 922 3903 [si
940 3837 1105 3906 satisfit,
1145 3868 1148 3873 ·

57 3922 66 3954 r
85 3901 199 3953 Iunonis
217 3901 318 3952 invidia
337 3911 378 3953 est
386 3900 402 3965 ε]
425 3903 447 3952 si
465 3903 527 3952 odio
545 3904 655 3954 lunonis
671 3904 877 3973 fatigabantur,
890 3908 1029 3972 quomodo
1123 3910 1141 3975 j

57 3986 71 4022 ,t
100 3972 159 4019 acti
170 3970 269 4037 foris?
295 3972 346 4021 Sed
364 3971 416 4021 hoc
440 3971 529 4041 ipsum
546 3973 657 4021 Iunonis
675 3973 769 4025 odium
792 3975 875 4025 fatale
895 3984 942 4026 est.
976 3976 1030 4026 La·
1106 3970 1148 4011 ·¹'·'

57 4049 73 4093 ‚t
98 4037 176 4092 enim
193 4038 323 4108 virgilius
340 4039 409 4092 unu
426 4039 611 4092 Troianum
635 4041 756 4121 mersus,
778 4044 824 4096 seu
849 4044 941 4097 oman
965 4046 1035 4119 ram
1062 4022 1142 4121 '3¹:5¹'

142 4248 147 4275 l
