<?xml version="1.0" encoding="UTF-8"?>
<!DOCTYPE html PUBLIC "-//W3C//DTD XHTML 1.0 Transitional//EN"
    "http://www.w3.org/TR/xhtml1/DTD/xhtml1-transitional.dtd">
<html xmlns="http://www.w3.org/1999/xhtml" xml:lang="en" lang="en">
 <head>
  <title>
</title>
<meta http-equiv="Content-Type" content="text/html;charset=utf-8" />
  <meta name='ocr-system' content='tesseract 3.04.00' />
  <meta name='ocr-capabilities' content='ocr_page ocr_carea ocr_par ocr_line ocrx_word'/>
</head>
<body>
  <div class='ocr_page' id='page_1' title='image "./commentariiinvi00liongoog_0344.png"; bbox 0 0 2454 4500; ppageno 0'>
   <div class='ocr_carea' id='block_1_1' title="bbox 189 234 1194 360">
    <p class='ocr_par' dir='ltr' id='par_1_1' title="bbox 189 234 1194 360">
     <span class='ocr_line' id='line_1_1' title="bbox 189 234 1194 360; baseline 0.019 -17"><span class='ocrx_word' id='word_1_1' title='bbox 189 300 226 343; x_wconf 69' lang='grc' dir='ltr'><strong>ιι</strong></span> <span class='ocrx_word' id='word_1_2' title='bbox 247 239 408 346; x_wconf 75' lang='lat' dir='ltr'><strong>unca.</strong></span> <span class='ocrx_word' id='word_1_3' title='bbox 430 280 602 346; x_wconf 74' lang='lat' dir='ltr'><strong>esuum.</strong></span> <span class='ocrx_word' id='word_1_4' title='bbox 623 282 703 346; x_wconf 78' lang='lat' dir='ltr'><strong>na.</strong></span> <span class='ocrx_word' id='word_1_5' title='bbox 717 234 773 358; x_wconf 75' lang='grc' dir='ltr'>ιιι,</span> <span class='ocrx_word' id='word_1_6' title='bbox 793 288 986 356; x_wconf 79' lang='lat' dir='ltr'><strong>coi-ooo.</strong></span> <span class='ocrx_word' id='word_1_7' title='bbox 1046 293 1110 360; x_wconf 73' lang='grc' dir='ltr'><strong>ιιι</strong></span> <span class='ocrx_word' id='word_1_8' title='bbox 1187 250 1194 303; x_wconf 76' lang='lat'><em>³</em></span> 
     </span>
    </p>
   </div>
   <div class='ocr_carea' id='block_1_2' title="bbox 10 463 1155 1500">
    <p class='ocr_par' dir='ltr' id='par_1_2' title="bbox 10 463 1155 1296">
     <span class='ocr_line' id='line_1_2' title="bbox 10 463 1107 538; baseline 0.004 -17"><span class='ocrx_word' id='word_1_9' title='bbox 10 518 18 533; x_wconf 88' lang='grc'>,</span> <span class='ocrx_word' id='word_1_10' title='bbox 70 464 150 521; x_wconf 81' lang='lat' dir='ltr'><strong>ucria</strong></span> <span class='ocrx_word' id='word_1_11' title='bbox 173 463 274 518; x_wconf 76' lang='lat' dir='ltr'><strong>loeium</strong></span> <span class='ocrx_word' id='word_1_12' title='bbox 291 490 326 505; x_wconf 89' lang='lat'>-</span> <span class='ocrx_word' id='word_1_13' title='bbox 359 471 422 525; x_wconf 81' lang='lat'><strong>691.</strong></span> <span class='ocrx_word' id='word_1_14' title='bbox 445 466 502 520; x_wconf 80' lang='lat' dir='ltr'><strong>Ter</strong></span> <span class='ocrx_word' id='word_1_15' title='bbox 517 474 584 531; x_wconf 80' lang='lat' dir='ltr'><strong>etc.;</strong></span> <span class='ocrx_word' id='word_1_16' title='bbox 610 475 659 522; x_wconf 86' lang='lat' dir='ltr'><strong>aut</strong></span> <span class='ocrx_word' id='word_1_17' title='bbox 680 467 802 538; x_wconf 74' lang='lat' dir='ltr'><strong>saepitur</strong></span> <span class='ocrx_word' id='word_1_18' title='bbox 824 477 874 522; x_wconf 76' lang='lat' dir='ltr'><strong>arrt</strong></span> <span class='ocrx_word' id='word_1_19' title='bbox 895 469 1107 524; x_wconf 78' lang='lat' dir='ltr'><strong>Promanteurir.</strong></span> 
     </span>
     <span class='ocr_line' id='line_1_3' title="bbox 69 534 1151 671; baseline 0.006 -84"><span class='ocrx_word' id='word_1_20' title='bbox 69 534 360 671; x_wconf 58' lang='lat' dir='ltr'><strong>pprooeconomie)</strong></span> <span class='ocrx_word' id='word_1_21' title='bbox 381 543 438 601; x_wconf 81' lang='lat' dir='ltr'><strong>est,</strong></span> <span class='ocrx_word' id='word_1_22' title='bbox 459 539 538 607; x_wconf 86' lang='lat' dir='ltr'><strong>[prae</strong></span> <span class='ocrx_word' id='word_1_23' title='bbox 590 537 657 605; x_wconf 79' lang='lat' dir='ltr'><strong>um]</strong></span> <span class='ocrx_word' id='word_1_24' title='bbox 681 546 795 609; x_wconf 87' lang='lat' dir='ltr'><strong>propter</strong></span> <span class='ocrx_word' id='word_1_25' title='bbox 817 537 892 592; x_wconf 83' lang='lat' dir='ltr'><strong>bella</strong></span> <span class='ocrx_word' id='word_1_26' title='bbox 915 539 1106 608; x_wconf 77' lang='lat' dir='ltr'><strong>Carthaginit3</strong></span> <span class='ocrx_word' id='word_1_27' title='bbox 1147 576 1151 581; x_wconf 92' lang='lat'>-</span> 
     </span>
     <span class='ocr_line' id='line_1_4' title="bbox 82 603 1155 673; baseline 0.007 -19"><span class='ocrx_word' id='word_1_28' title='bbox 82 620 153 655; x_wconf 81' lang='lat' dir='ltr'><strong>uem</strong></span> <span class='ocrx_word' id='word_1_29' title='bbox 168 603 223 655; x_wconf 83' lang='lat' dir='ltr'><strong>tria</strong></span> <span class='ocrx_word' id='word_1_30' title='bbox 238 618 305 654; x_wconf 89' lang='lat' dir='ltr'><strong>cum</strong></span> <span class='ocrx_word' id='word_1_31' title='bbox 320 603 455 657; x_wconf 78' lang='lat' dir='ltr'><strong>Romanis</strong></span> <span class='ocrx_word' id='word_1_32' title='bbox 470 609 549 659; x_wconf 84' lang='lat' dir='ltr'><strong>fuere</strong></span> <span class='ocrx_word' id='word_1_33' title='bbox 608 606 645 659; x_wconf 88' lang='lat' dir='ltr'><strong>lla</strong></span> <span class='ocrx_word' id='word_1_34' title='bbox 660 606 771 658; x_wconf 87' lang='lat' dir='ltr'><strong>Punica.</strong></span> <span class='ocrx_word' id='word_1_35' title='bbox 804 606 990 673; x_wconf 61' lang='lat' dir='ltr'><strong>Erroneam,-</strong></span> <span class='ocrx_word' id='word_1_36' title='bbox 1012 609 1108 661; x_wconf 78' lang='lat' dir='ltr'><strong>vicini·</strong></span> <span class='ocrx_word' id='word_1_37' title='bbox 1151 660 1155 667; x_wconf 85' lang='grc'><strong>,</strong></span> 
     </span>
     <span class='ocr_line' id='line_1_5' title="bbox 69 669 1106 746; baseline 0.003 -21"><span class='ocrx_word' id='word_1_38' title='bbox 69 677 130 726; x_wconf 81' lang='lat' dir='ltr'><strong>tate</strong></span> <span class='ocrx_word' id='word_1_39' title='bbox 153 669 272 737; x_wconf 69' lang='lat' dir='ltr'><strong>mortis]</strong></span> <span class='ocrx_word' id='word_1_40' title='bbox 287 698 322 713; x_wconf 93' lang='lat'>-</span> <span class='ocrx_word' id='word_1_41' title='bbox 354 678 417 731; x_wconf 82' lang='lat'><strong>692.</strong></span> <span class='ocrx_word' id='word_1_42' title='bbox 441 672 635 744; x_wconf 76' lang='lat' dir='ltr'><strong>ingemuitque</strong></span> <span class='ocrx_word' id='word_1_43' title='bbox 658 687 809 743; x_wconf 56' lang='lat' dir='ltr'><strong>repertam·</strong></span> <span class='ocrx_word' id='word_1_44' title='bbox 832 677 909 746; x_wconf 82' lang='lat' dir='ltr'><strong>atqui</strong></span> <span class='ocrx_word' id='word_1_45' title='bbox 931 693 1023 744; x_wconf 70' lang='lat' dir='ltr'><strong>supra</strong></span> <span class='ocrx_word' id='word_1_46' title='bbox 1036 676 1106 730; x_wconf 83' lang='lat' dir='ltr'><strong>dixit</strong></span> 
     </span>
     <span class='ocr_line' id='line_1_6' title="bbox 70 739 1105 817; baseline 0.007 -24"><span class='ocrx_word' id='word_1_47' title='bbox 70 739 172 809; x_wconf 72' lang='grc' dir='ltr'><strong>(631.)ε</strong></span> <span class='ocrx_word' id='word_1_48' title='bbox 194 740 323 793; x_wconf 70' lang='lat' dir='ltr'><strong>invisam</strong></span> <span class='ocrx_word' id='word_1_49' title='bbox 340 752 477 810; x_wconf 74' lang='lat' dir='ltr'><strong>quaerens</strong></span> <span class='ocrx_word' id='word_1_50' title='bbox 494 761 578 813; x_wconf 85' lang='lat' dir='ltr'><strong>quam</strong></span> <span class='ocrx_word' id='word_1_51' title='bbox 595 747 719 813; x_wconf 75' lang='lat' dir='ltr'><strong>primum¹</strong></span> <span class='ocrx_word' id='word_1_52' title='bbox 736 746 898 817; x_wconf 80' lang='lat' dir='ltr'><strong>abrumpere</strong></span> <span class='ocrx_word' id='word_1_53' title='bbox 923 747 1030 810; x_wconf 81' lang='lat' dir='ltr'><strong>lucem,-</strong></span> <span class='ocrx_word' id='word_1_54' title='bbox 1055 747 1105 800; x_wconf 78' lang='lat' dir='ltr'><strong>red</strong></span> 
     </span>
     <span class='ocr_line' id='line_1_7' title="bbox 71 809 1105 883; baseline 0.005 -20"><span class='ocrx_word' id='word_1_55' title='bbox 71 809 194 863; x_wconf 72' lang='lat' dir='ltr'><strong>oetaudit</strong></span> <span class='ocrx_word' id='word_1_56' title='bbox 206 810 366 864; x_wconf 77' lang='lat' dir='ltr'><strong>morientes</strong></span> <span class='ocrx_word' id='word_1_57' title='bbox 382 828 431 863; x_wconf 81' lang='lat' dir='ltr'><strong>sua</strong></span> <span class='ocrx_word' id='word_1_58' title='bbox 447 812 609 883; x_wconf 83' lang='lat' dir='ltr'><strong>improbare</strong></span> <span class='ocrx_word' id='word_1_59' title='bbox 627 813 777 867; x_wconf 78' lang='lat' dir='ltr'><strong>desideria:</strong></span> <span class='ocrx_word' id='word_1_60' title='bbox 801 822 832 865; x_wconf 90' lang='lat' dir='ltr'><strong>ut</strong></span> <span class='ocrx_word' id='word_1_61' title='bbox 855 814 886 867; x_wconf 91' lang='lat' dir='ltr'><strong>in</strong></span> <span class='ocrx_word' id='word_1_62' title='bbox 908 821 983 869; x_wconf 80' lang='lat' dir='ltr'><strong>serto</strong></span> <span class='ocrx_word' id='word_1_63' title='bbox 1007 814 1105 882; x_wconf 74' lang='grc' dir='ltr'>(436.)τ</span> 
     </span>
     <span class='ocr_line' id='line_1_8' title="bbox 63 879 1104 951; baseline 0.007 -23"><span class='ocrx_word' id='word_1_64' title='bbox 63 936 67 949; x_wconf 90' lang='lat'>.</span> <span class='ocrx_word' id='word_1_65' title='bbox 100 895 167 929; x_wconf 82' lang='lat' dir='ltr'><strong>uam</strong></span> <span class='ocrx_word' id='word_1_66' title='bbox 184 879 286 931; x_wconf 78' lang='lat' dir='ltr'><strong>uellent</strong></span> <span class='ocrx_word' id='word_1_67' title='bbox 302 879 410 932; x_wconf 72' lang='lat' dir='ltr'><strong>aethere</strong></span> <span class='ocrx_word' id='word_1_68' title='bbox 434 882 466 932; x_wconf 84' lang='lat' dir='ltr'><strong>in</strong></span> <span class='ocrx_word' id='word_1_69' title='bbox 484 882 540 934; x_wconf 86' lang='lat' dir='ltr'><strong>alto</strong></span> <span class='ocrx_word' id='word_1_70' title='bbox 559 880 646 932; x_wconf 84' lang='lat' dir='ltr'><strong>Nunc</strong></span> <span class='ocrx_word' id='word_1_71' title='bbox 669 894 695 933; x_wconf 81' lang='lat' dir='ltr'><strong>ct</strong></span> <span class='ocrx_word' id='word_1_72' title='bbox 717 885 878 950; x_wconf 78' lang='lat' dir='ltr'><em>pauperiem</em></span> <span class='ocrx_word' id='word_1_73' title='bbox 896 894 922 936; x_wconf 82' lang='lat' dir='ltr'><strong>tt</strong></span> <span class='ocrx_word' id='word_1_74' title='bbox 939 883 1026 934; x_wconf 83' lang='lat' dir='ltr'><strong>duros</strong></span> <span class='ocrx_word' id='word_1_75' title='bbox 1042 901 1104 951; x_wconf 83' lang='lat' dir='ltr'><strong>per·</strong></span> 
     </span>
     <span class='ocr_line' id='line_1_9' title="bbox 85 949 1105 1024; baseline 0.003 -24"><span class='ocrx_word' id='word_1_76' title='bbox 85 964 148 1000; x_wconf 78' lang='lat' dir='ltr'><strong>em</strong></span> <span class='ocrx_word' id='word_1_77' title='bbox 164 949 283 1001; x_wconf 76' lang='lat' dir='ltr'><strong>laborer.</strong></span> <span class='ocrx_word' id='word_1_78' title='bbox 299 974 335 987; x_wconf 93' lang='lat'><strong>·-</strong></span> <span class='ocrx_word' id='word_1_79' title='bbox 367 953 429 1007; x_wconf 80' lang='lat'>693.</span> <span class='ocrx_word' id='word_1_80' title='bbox 449 949 521 1000; x_wconf 83' lang='lat' dir='ltr'><strong>Tum</strong></span> <span class='ocrx_word' id='word_1_81' title='bbox 539 951 612 1003; x_wconf 85' lang='lat' dir='ltr'><strong>Iuno</strong></span> <span class='ocrx_word' id='word_1_82' title='bbox 632 953 823 1020; x_wconf 77' lang='lat' dir='ltr'><strong>omnipotens,-</strong></span> <span class='ocrx_word' id='word_1_83' title='bbox 840 960 888 1005; x_wconf 86' lang='lat' dir='ltr'><strong>ant</strong></span> <span class='ocrx_word' id='word_1_84' title='bbox 904 950 1039 1024; x_wconf 78' lang='lat' dir='ltr'><strong>pronuba,</strong></span> <span class='ocrx_word' id='word_1_85' title='bbox 1055 959 1105 1005; x_wconf 85' lang='lat' dir='ltr'><strong>aut</strong></span> 
     </span>
     <span class='ocr_line' id='line_1_10' title="bbox 70 1016 1106 1088; baseline 0.003 -18"><span class='ocrx_word' id='word_1_86' title='bbox 70 1016 193 1070; x_wconf 74' lang='lat' dir='ltr'><strong>mirina.</strong></span> <span class='ocrx_word' id='word_1_87' title='bbox 217 1043 250 1056; x_wconf 90' lang='lat'><em>-</em></span> <span class='ocrx_word' id='word_1_88' title='bbox 292 1020 355 1075; x_wconf 78' lang='grc'><strong>694.</strong></span> <span class='ocrx_word' id='word_1_89' title='bbox 379 1017 578 1087; x_wconf 72' lang='lat' dir='ltr'><strong>Difficilesque</strong></span> <span class='ocrx_word' id='word_1_90' title='bbox 603 1021 712 1083; x_wconf 53' lang='lat' dir='ltr'><strong>obitum</strong></span> <span class='ocrx_word' id='word_1_91' title='bbox 757 1020 801 1074; x_wconf 89' lang='lat' dir='ltr'><strong>uia</strong></span> <span class='ocrx_word' id='word_1_92' title='bbox 824 1020 969 1088; x_wconf 73' lang='lat' dir='ltr'><strong>supererat</strong></span> <span class='ocrx_word' id='word_1_93' title='bbox 990 1020 1047 1073; x_wconf 77' lang='lat' dir='ltr'><strong>rite</strong></span> <span class='ocrx_word' id='word_1_94' title='bbox 1070 1019 1106 1087; x_wconf 83' lang='lat' dir='ltr'><strong>ei,</strong></span> 
     </span>
     <span class='ocr_line' id='line_1_11' title="bbox 70 1087 1104 1157; baseline 0.001 -20"><span class='ocrx_word' id='word_1_95' title='bbox 70 1100 146 1154; x_wconf 71' lang='lat' dir='ltr'><strong>qliae</strong></span> <span class='ocrx_word' id='word_1_96' title='bbox 161 1102 242 1153; x_wconf 78' lang='lat' dir='ltr'><strong>caru,</strong></span> <span class='ocrx_word' id='word_1_97' title='bbox 264 1101 321 1137; x_wconf 85' lang='lat' dir='ltr'><strong>non</strong></span> <span class='ocrx_word' id='word_1_98' title='bbox 337 1092 386 1137; x_wconf 85' lang='lat' dir='ltr'><strong>aut</strong></span> <span class='ocrx_word' id='word_1_99' title='bbox 401 1087 459 1139; x_wconf 79' lang='lat' dir='ltr'><strong>fato</strong></span> <span class='ocrx_word' id='word_1_100' title='bbox 476 1096 525 1141; x_wconf 89' lang='lat' dir='ltr'><strong>aut</strong></span> <span class='ocrx_word' id='word_1_101' title='bbox 540 1095 639 1141; x_wconf 78' lang='lat' dir='ltr'><strong>uatum</strong></span> <span class='ocrx_word' id='word_1_102' title='bbox 655 1089 746 1142; x_wconf 87' lang='lat' dir='ltr'><strong>morie</strong></span> <span class='ocrx_word' id='word_1_103' title='bbox 766 1098 842 1142; x_wconf 89' lang='lat' dir='ltr'><strong>atur:</strong></span> <span class='ocrx_word' id='word_1_104' title='bbox 866 1098 910 1141; x_wconf 88' lang='lat' dir='ltr'><strong>ut:</strong></span> <span class='ocrx_word' id='word_1_105' title='bbox 942 1087 1016 1141; x_wconf 86' lang='lat' dir='ltr'><strong>Nam</strong></span> <span class='ocrx_word' id='word_1_106' title='bbox 1034 1090 1104 1157; x_wconf 75' lang='lat' dir='ltr'><strong>pria</strong></span> 
     </span>
     <span class='ocr_line' id='line_1_12' title="bbox 71 1152 1106 1225; baseline 0.003 -20"><span class='ocrx_word' id='word_1_107' title='bbox 71 1168 123 1205; x_wconf 76' lang='lat' dir='ltr'><strong>noe</strong></span> <span class='ocrx_word' id='word_1_108' title='bbox 134 1152 202 1223; x_wconf 83' lang='lat' dir='ltr'><strong>sato</strong></span> <span class='ocrx_word' id='word_1_109' title='bbox 212 1191 221 1221; x_wconf 93' lang='lat'><strong>,</strong></span> <span class='ocrx_word' id='word_1_110' title='bbox 237 1157 336 1206; x_wconf 84' lang='lat' dir='ltr'><strong>marita</strong></span> <span class='ocrx_word' id='word_1_111' title='bbox 354 1171 405 1206; x_wconf 81' lang='lat' dir='ltr'><strong>nec</strong></span> <span class='ocrx_word' id='word_1_112' title='bbox 423 1169 509 1208; x_wconf 80' lang='lat' dir='ltr'><strong>morte</strong></span> <span class='ocrx_word' id='word_1_113' title='bbox 525 1159 649 1225; x_wconf 79' lang='lat' dir='ltr'><strong>peribat:</strong></span> <span class='ocrx_word' id='word_1_114' title='bbox 666 1159 684 1210; x_wconf 85' lang='lat' dir='ltr'><strong>i.</strong></span> <span class='ocrx_word' id='word_1_115' title='bbox 701 1177 725 1210; x_wconf 82' lang='lat' dir='ltr'><strong>e.</strong></span> <span class='ocrx_word' id='word_1_116' title='bbox 742 1158 869 1211; x_wconf 63' lang='lat' dir='ltr'><strong>naturali„</strong></span> <span class='ocrx_word' id='word_1_117' title='bbox 902 1159 974 1210; x_wconf 80' lang='lat' dir='ltr'><strong>Irim</strong></span> <span class='ocrx_word' id='word_1_118' title='bbox 991 1159 1106 1211; x_wconf 78' lang='lat' dir='ltr'><strong>demisit</strong></span> 
     </span>
     <span class='ocr_line' id='line_1_13' title="bbox 72 1223 1104 1296; baseline 0.002 -21"><span class='ocrx_word' id='word_1_119' title='bbox 72 1223 220 1293; x_wconf 46' lang='lat' dir='ltr'><strong>Olympo}</strong></span> <span class='ocrx_word' id='word_1_120' title='bbox 236 1230 311 1275; x_wconf 85' lang='lat' dir='ltr'><strong>utet</strong></span> <span class='ocrx_word' id='word_1_121' title='bbox 327 1239 409 1292; x_wconf 88' lang='lat' dir='ltr'><strong>supra</strong></span> <span class='ocrx_word' id='word_1_122' title='bbox 427 1225 559 1291; x_wconf 79' lang='lat' dir='ltr'>diximus,</span> <span class='ocrx_word' id='word_1_123' title='bbox 583 1225 669 1278; x_wconf 84' lang='lat' dir='ltr'><strong>trahit</strong></span> <span class='ocrx_word' id='word_1_124' title='bbox 689 1226 744 1278; x_wconf 87' lang='lat' dir='ltr'><strong>hoc</strong></span> <span class='ocrx_word' id='word_1_125' title='bbox 760 1226 795 1278; x_wconf 87' lang='lat' dir='ltr'><strong>de</strong></span> <span class='ocrx_word' id='word_1_126' title='bbox 811 1227 909 1293; x_wconf 61' lang='lat' dir='ltr'><strong>Alcesti</strong></span> <span class='ocrx_word' id='word_1_127' title='bbox 925 1227 971 1296; x_wconf 88' lang='lat' dir='ltr'><strong>(al.</strong></span> <span class='ocrx_word' id='word_1_128' title='bbox 988 1226 1104 1289; x_wconf 75' lang='lat' dir='ltr'><strong>Alceste)</strong></span> 
     </span>
    </p>

    <p class='ocr_par' dir='ltr' id='par_1_3' title="bbox 48 1290 1107 1500">
     <span class='ocr_line' id='line_1_14' title="bbox 48 1290 1103 1364; baseline 0.003 -21"><span class='ocrx_word' id='word_1_129' title='bbox 48 1308 50 1312; x_wconf 89' lang='lat'>·</span> <span class='ocrx_word' id='word_1_130' title='bbox 71 1290 227 1358; x_wconf 74' lang='lat' dir='ltr'><strong>Euripidis,</strong></span> <span class='ocrx_word' id='word_1_131' title='bbox 243 1292 291 1359; x_wconf 81' lang='lat' dir='ltr'><strong>qui</strong></span> <span class='ocrx_word' id='word_1_132' title='bbox 307 1292 413 1344; x_wconf 85' lang='lat' dir='ltr'><strong>inducit</strong></span> <span class='ocrx_word' id='word_1_133' title='bbox 429 1294 600 1346; x_wconf 84' lang='lat' dir='ltr'><strong>Mercurium</strong></span> <span class='ocrx_word' id='word_1_134' title='bbox 617 1295 644 1349; x_wconf 92' lang='lat' dir='ltr'><strong>ei</strong></span> <span class='ocrx_word' id='word_1_135' title='bbox 660 1310 771 1347; x_wconf 87' lang='lat' dir='ltr'><strong>comam</strong></span> <span class='ocrx_word' id='word_1_136' title='bbox 786 1303 940 1348; x_wconf 80' lang='lat' dir='ltr'><strong>secantem:</strong></span> <span class='ocrx_word' id='word_1_137' title='bbox 964 1297 1029 1364; x_wconf 83' lang='lat' dir='ltr'><strong>quia</strong></span> <span class='ocrx_word' id='word_1_138' title='bbox 1045 1295 1103 1348; x_wconf 83' lang='lat' dir='ltr'><strong>fato</strong></span> 
     </span>
     <span class='ocr_line' id='line_1_15' title="bbox 126 1359 1107 1434; baseline 0.003 -22"><span class='ocrx_word' id='word_1_139' title='bbox 126 1359 184 1412; x_wconf 84' lang='lat' dir='ltr'><strong>&#39;bat</strong></span> <span class='ocrx_word' id='word_1_140' title='bbox 200 1361 303 1414; x_wconf 84' lang='lat' dir='ltr'><strong>mariti.</strong></span> <span class='ocrx_word' id='word_1_141' title='bbox 339 1361 403 1429; x_wconf 80' lang='lat' dir='ltr'><strong>[Alii</strong></span> <span class='ocrx_word' id='word_1_142' title='bbox 420 1362 515 1414; x_wconf 87' lang='lat' dir='ltr'><strong>dicunt</strong></span> <span class='ocrx_word' id='word_1_143' title='bbox 530 1363 708 1434; x_wconf 79' lang='lat' dir='ltr'><strong>Eruipidem,</strong></span> <span class='ocrx_word' id='word_1_144' title='bbox 730 1363 835 1416; x_wconf 85' lang='lat' dir='ltr'><strong>Orcum</strong></span> <span class='ocrx_word' id='word_1_145' title='bbox 851 1365 881 1416; x_wconf 85' lang='lat' dir='ltr'><strong>in</strong></span> <span class='ocrx_word' id='word_1_146' title='bbox 897 1379 1009 1416; x_wconf 76' lang='lat' dir='ltr'><strong>:cenem</strong></span> <span class='ocrx_word' id='word_1_147' title='bbox 1026 1363 1107 1415; x_wconf 81' lang='lat' dir='ltr'><strong>iudu-</strong></span> 
     </span>
     <span class='ocr_line' id='line_1_16' title="bbox 87 1428 1106 1500; baseline 0.002 -18"><span class='ocrx_word' id='word_1_148' title='bbox 87 1444 148 1495; x_wconf 85' lang='lat' dir='ltr'><strong>ere,</strong></span> <span class='ocrx_word' id='word_1_149' title='bbox 163 1428 289 1499; x_wconf 74' lang='lat' dir='ltr'><strong>gladium</strong></span> <span class='ocrx_word' id='word_1_150' title='bbox 303 1430 441 1483; x_wconf 83' lang='lat' dir='ltr'><strong>ferentem</strong></span> <span class='ocrx_word' id='word_1_151' title='bbox 457 1447 513 1500; x_wconf 85' lang='lat' dir='ltr'><strong>quo</strong></span> <span class='ocrx_word' id='word_1_152' title='bbox 526 1432 633 1484; x_wconf 87' lang='lat' dir='ltr'><strong>crinem</strong></span> <span class='ocrx_word' id='word_1_153' title='bbox 646 1433 746 1485; x_wconf 73' lang='lat' dir='ltr'><strong>Alcesti</strong></span> <span class='ocrx_word' id='word_1_154' title='bbox 759 1432 908 1485; x_wconf 78' lang='lat' dir='ltr'><strong>abscindat</strong></span> <span class='ocrx_word' id='word_1_155' title='bbox 941 1431 1106 1499; x_wconf 82' lang='lat' dir='ltr'><strong>Euripidem</strong></span> 
     </span>
    </p>
   </div>
   <div class='ocr_carea' id='block_1_3' title="bbox 37 1495 1207 1568">
    <p class='ocr_par' dir='ltr' id='par_1_4' title="bbox 37 1495 1207 1568">
     <span class='ocr_line' id='line_1_17' title="bbox 37 1495 1207 1568; baseline 0.001 -18"><span class='ocrx_word' id='word_1_156' title='bbox 37 1524 43 1565; x_wconf 63' lang='lat' dir='ltr'><em>y</em></span> <span class='ocrx_word' id='word_1_157' title='bbox 71 1495 128 1550; x_wconf 76' lang='lat' dir='ltr'><strong>hoc</strong></span> <span class='ocrx_word' id='word_1_158' title='bbox 145 1515 164 1552; x_wconf 86' lang='lat' dir='ltr'><strong>a</strong></span> <span class='ocrx_word' id='word_1_159' title='bbox 180 1497 297 1563; x_wconf 79' lang='lat' dir='ltr'><strong>Poenis,</strong></span> <span class='ocrx_word' id='word_1_160' title='bbox 315 1498 430 1568; x_wconf 79' lang='lat' dir='ltr'><strong>antiquo</strong></span> <span class='ocrx_word' id='word_1_161' title='bbox 446 1500 568 1568; x_wconf 81' lang='lat' dir='ltr'><strong>tragico,</strong></span> <span class='ocrx_word' id='word_1_162' title='bbox 584 1499 763 1564; x_wconf 77' lang='lat' dir='ltr'><strong>mutuatum]</strong></span> <span class='ocrx_word' id='word_1_163' title='bbox 796 1499 867 1553; x_wconf 81' lang='lat' dir='ltr'><strong>Sane</strong></span> <span class='ocrx_word' id='word_1_164' title='bbox 884 1498 1036 1567; x_wconf 83' lang='lat' dir='ltr'><strong>sciendum,</strong></span> <span class='ocrx_word' id='word_1_165' title='bbox 1051 1499 1106 1551; x_wconf 86' lang='lat' dir='ltr'><strong>hoc</strong></span> <span class='ocrx_word' id='word_1_166' title='bbox 1204 1520 1207 1525; x_wconf 90' lang='lat'>·</span> 
     </span>
    </p>
   </div>
   <div class='ocr_carea' id='block_1_4' title="bbox 42 1564 1191 2461">
    <p class='ocr_par' dir='ltr' id='par_1_5' title="bbox 68 1564 1191 2167">
     <span class='ocr_line' id='line_1_18' title="bbox 69 1564 1109 1636; baseline -0.004 -13"><span class='ocrx_word' id='word_1_167' title='bbox 69 1564 137 1623; x_wconf 75' lang='lat' dir='ltr'><strong>idea</strong></span> <span class='ocrx_word' id='word_1_168' title='bbox 158 1581 233 1619; x_wconf 80' lang='lat' dir='ltr'><strong>uum</strong></span> <span class='ocrx_word' id='word_1_169' title='bbox 256 1564 333 1633; x_wconf 82' lang='lat' dir='ltr'><strong>fieri,</strong></span> <span class='ocrx_word' id='word_1_170' title='bbox 360 1568 427 1636; x_wconf 84' lang='lat' dir='ltr'><strong>quia</strong></span> <span class='ocrx_word' id='word_1_171' title='bbox 448 1568 533 1621; x_wconf 81' lang='lat' dir='ltr'><strong>certis</strong></span> <span class='ocrx_word' id='word_1_172' title='bbox 554 1568 806 1622; x_wconf 77' lang='lat' dir='ltr'><strong>consecrationibus</strong></span> <span class='ocrx_word' id='word_1_173' title='bbox 827 1567 953 1621; x_wconf 80' lang='lat' dir='ltr'><strong>:olebant</strong></span> <span class='ocrx_word' id='word_1_174' title='bbox 981 1568 1109 1620; x_wconf 75' lang='lat' dir='ltr'><strong>homines</strong></span> 
     </span>
     <span class='ocr_line' id='line_1_19' title="bbox 68 1635 1107 1708; baseline -0.001 -21"><span class='ocrx_word' id='word_1_175' title='bbox 68 1635 183 1707; x_wconf 71' lang='lat' dir='ltr'><strong>facere,</strong></span> <span class='ocrx_word' id='word_1_176' title='bbox 199 1641 231 1685; x_wconf 90' lang='lat' dir='ltr'><strong>ut</strong></span> <span class='ocrx_word' id='word_1_177' title='bbox 246 1635 348 1687; x_wconf 87' lang='lat' dir='ltr'><strong>muniti</strong></span> <span class='ocrx_word' id='word_1_178' title='bbox 364 1645 456 1689; x_wconf 87' lang='lat' dir='ltr'><strong>essent</strong></span> <span class='ocrx_word' id='word_1_179' title='bbox 470 1637 598 1689; x_wconf 80' lang='lat' dir='ltr'><strong>adversus</strong></span> <span class='ocrx_word' id='word_1_180' title='bbox 613 1639 741 1690; x_wconf 78' lang='lat' dir='ltr'>fortunae</span> <span class='ocrx_word' id='word_1_181' title='bbox 757 1637 891 1708; x_wconf 59' lang='lat' dir='ltr'><strong>impetum</strong></span> <span class='ocrx_word' id='word_1_182' title='bbox 909 1652 962 1688; x_wconf 91' lang='lat' dir='ltr'><strong>nec</strong></span> <span class='ocrx_word' id='word_1_183' title='bbox 997 1643 1107 1689; x_wconf 85' lang='lat' dir='ltr'><strong>oterant</strong></span> 
     </span>
     <span class='ocr_line' id='line_1_20' title="bbox 70 1702 1106 1770; baseline -0.002 -13"><span class='ocrx_word' id='word_1_184' title='bbox 70 1703 165 1770; x_wconf 78' lang='lat' dir='ltr'><strong>mori,</strong></span> <span class='ocrx_word' id='word_1_185' title='bbox 185 1703 240 1755; x_wconf 81' lang='lat' dir='ltr'><strong>nisi</strong></span> <span class='ocrx_word' id='word_1_186' title='bbox 257 1705 426 1757; x_wconf 81' lang='lat' dir='ltr'><strong>exauctorati</strong></span> <span class='ocrx_word' id='word_1_187' title='bbox 448 1705 496 1758; x_wconf 82' lang='lat' dir='ltr'><strong>illa</strong></span> <span class='ocrx_word' id='word_1_188' title='bbox 519 1705 734 1760; x_wconf 82' lang='lat' dir='ltr'><strong>consecratione.</strong></span> <span class='ocrx_word' id='word_1_189' title='bbox 774 1705 853 1759; x_wconf 83' lang='lat' dir='ltr'>Unde</span> <span class='ocrx_word' id='word_1_190' title='bbox 874 1702 950 1757; x_wconf 89' lang='lat' dir='ltr'><strong>circa</strong></span> <span class='ocrx_word' id='word_1_191' title='bbox 995 1706 1106 1758; x_wconf 78' lang='lat' dir='ltr'><strong>&#39;donem</strong></span> 
     </span>
     <span class='ocr_line' id='line_1_21' title="bbox 69 1771 1106 1843; baseline -0.002 -18"><span class='ocrx_word' id='word_1_192' title='bbox 69 1772 127 1825; x_wconf 78' lang='lat' dir='ltr'><strong>itta</strong></span> <span class='ocrx_word' id='word_1_193' title='bbox 146 1780 297 1835; x_wconf 68' lang='lat' dir='ltr'><strong>servantur.</strong></span> <span class='ocrx_word' id='word_1_194' title='bbox 314 1799 351 1813; x_wconf 89' lang='lat'><em>-</em></span> <span class='ocrx_word' id='word_1_195' title='bbox 383 1778 445 1833; x_wconf 78' lang='grc'><strong>696.</strong></span> <span class='ocrx_word' id='word_1_196' title='bbox 463 1772 549 1842; x_wconf 87' lang='lat' dir='ltr'><strong>[Nam</strong></span> <span class='ocrx_word' id='word_1_197' title='bbox 573 1777 641 1842; x_wconf 81' lang='lat' dir='ltr'><strong>quia</strong></span> <span class='ocrx_word' id='word_1_198' title='bbox 665 1790 714 1825; x_wconf 83' lang='lat' dir='ltr'><strong>nec</strong></span> <span class='ocrx_word' id='word_1_199' title='bbox 732 1772 814 1843; x_wconf 81' lang='lat' dir='ltr'><strong>fato;</strong></span> <span class='ocrx_word' id='word_1_200' title='bbox 840 1787 906 1824; x_wconf 90' lang='lat' dir='ltr'><strong>cum</strong></span> <span class='ocrx_word' id='word_1_201' title='bbox 927 1773 1002 1825; x_wconf 88' lang='lat' dir='ltr'><strong>dicat</strong></span> <span class='ocrx_word' id='word_1_202' title='bbox 1017 1771 1106 1840; x_wconf 74' lang='lat' dir='ltr'><strong>Virgi-</strong></span> 
     </span>
     <span class='ocr_line' id='line_1_22' title="bbox 70 1839 1108 1912; baseline -0.002 -18"><span class='ocrx_word' id='word_1_203' title='bbox 70 1839 127 1894; x_wconf 80' lang='lat' dir='ltr'><strong>lius</strong></span> <span class='ocrx_word' id='word_1_204' title='bbox 143 1843 208 1910; x_wconf 87' lang='grc'><strong>(10,</strong></span> <span class='ocrx_word' id='word_1_205' title='bbox 223 1841 309 1903; x_wconf 79' lang='grc'><strong>467.);</strong></span> <span class='ocrx_word' id='word_1_206' title='bbox 331 1841 392 1892; x_wconf 82' lang='lat' dir='ltr'><strong>Sta:</strong></span> <span class='ocrx_word' id='word_1_207' title='bbox 409 1860 463 1892; x_wconf 85' lang='lat' dir='ltr'><strong>sua</strong></span> <span class='ocrx_word' id='word_1_208' title='bbox 481 1844 582 1911; x_wconf 79' lang='lat' dir='ltr'><strong>cuique</strong></span> <span class='ocrx_word' id='word_1_209' title='bbox 599 1843 676 1908; x_wconf 77' lang='lat' dir='ltr'><strong>dies,</strong></span> <span class='ocrx_word' id='word_1_210' title='bbox 699 1843 838 1912; x_wconf 86' lang='lat' dir='ltr'><strong>quomodo</strong></span> <span class='ocrx_word' id='word_1_211' title='bbox 854 1841 909 1893; x_wconf 88' lang='lat' dir='ltr'><strong>hoc</strong></span> <span class='ocrx_word' id='word_1_212' title='bbox 925 1841 1006 1893; x_wconf 88' lang='lat' dir='ltr'><strong>dicit:</strong></span> <span class='ocrx_word' id='word_1_213' title='bbox 1031 1839 1108 1892; x_wconf 80' lang='lat' dir='ltr'><strong>Nam</strong></span> 
     </span>
     <span class='ocr_line' id='line_1_23' title="bbox 92 1909 1106 1979; baseline 0.001 -20"><span class='ocrx_word' id='word_1_214' title='bbox 92 1909 145 1960; x_wconf 84' lang='lat' dir='ltr'><strong>uia</strong></span> <span class='ocrx_word' id='word_1_215' title='bbox 163 1925 214 1960; x_wconf 83' lang='lat' dir='ltr'><strong>nec</strong></span> <span class='ocrx_word' id='word_1_216' title='bbox 245 1921 306 1975; x_wconf 85' lang='lat' dir='ltr'><strong>ato,</strong></span> <span class='ocrx_word' id='word_1_217' title='bbox 324 1913 424 1962; x_wconf 81' lang='lat' dir='ltr'><strong>merita</strong></span> <span class='ocrx_word' id='word_1_218' title='bbox 442 1928 492 1964; x_wconf 85' lang='lat' dir='ltr'><strong>nec</strong></span> <span class='ocrx_word' id='word_1_219' title='bbox 510 1923 596 1965; x_wconf 78' lang='lat' dir='ltr'><strong>morte</strong></span> <span class='ocrx_word' id='word_1_220' title='bbox 608 1913 734 1979; x_wconf 78' lang='lat' dir='ltr'><strong>peribat,</strong></span> <span class='ocrx_word' id='word_1_221' title='bbox 751 1910 803 1960; x_wconf 84' lang='lat' dir='ltr'><strong>Sed</strong></span> <span class='ocrx_word' id='word_1_222' title='bbox 820 1911 924 1961; x_wconf 78' lang='lat' dir='ltr'><strong>inisero</strong></span> <span class='ocrx_word' id='word_1_223' title='bbox 943 1910 1106 1961; x_wconf 76' lang='lat' dir='ltr'><strong>antediem.</strong></span> 
     </span>
     <span class='ocr_line' id='line_1_24' title="bbox 99 1978 1191 2049; baseline -0.003 -18"><span class='ocrx_word' id='word_1_224' title='bbox 99 1978 188 2031; x_wconf 82' lang='lat' dir='ltr'><strong>amai</strong></span> <span class='ocrx_word' id='word_1_225' title='bbox 226 1990 272 2030; x_wconf 86' lang='lat' dir='ltr'><strong>ato</strong></span> <span class='ocrx_word' id='word_1_226' title='bbox 289 1979 418 2044; x_wconf 79' lang='lat' dir='ltr'><strong>vivimus,</strong></span> <span class='ocrx_word' id='word_1_227' title='bbox 481 1979 508 2034; x_wconf 84' lang='lat' dir='ltr'><strong>‘d</strong></span> <span class='ocrx_word' id='word_1_228' title='bbox 529 1988 616 2049; x_wconf 78' lang='lat' dir='ltr'><strong>agunt</strong></span> <span class='ocrx_word' id='word_1_229' title='bbox 640 1978 763 2033; x_wconf 80' lang='lat' dir='ltr'><strong>merita?</strong></span> <span class='ocrx_word' id='word_1_230' title='bbox 784 1978 808 2030; x_wconf 80' lang='lat' dir='ltr'><strong>ri</strong></span> <span class='ocrx_word' id='word_1_231' title='bbox 824 1992 971 2049; x_wconf 68' lang='lat' dir='ltr'><strong>pensantur</strong></span> <span class='ocrx_word' id='word_1_232' title='bbox 990 1979 1110 2042; x_wconf 77' lang='lat' dir='ltr'><strong>meritis,</strong></span> <span class='ocrx_word' id='word_1_233' title='bbox 1185 2012 1191 2023; x_wconf 87' lang='lat'>.</span> 
     </span>
     <span class='ocr_line' id='line_1_25' title="bbox 71 1996 1105 2167; baseline -0.004 -68"><span class='ocrx_word' id='word_1_234' title='bbox 71 2062 147 2167; x_wconf 58' lang='lat' dir='ltr'><strong>grae</strong></span> <span class='ocrx_word' id='word_1_235' title='bbox 169 2046 208 2098; x_wconf 83' lang='lat' dir='ltr'><strong>vis</strong></span> <span class='ocrx_word' id='word_1_236' title='bbox 224 2045 308 2116; x_wconf 79' lang='lat' dir='ltr'><strong>fati?</strong></span> <span class='ocrx_word' id='word_1_237' title='bbox 338 1996 489 2117; x_wconf 55' lang='lat' dir='ltr'><strong>quompui</strong></span> <span class='ocrx_word' id='word_1_238' title='bbox 502 2048 549 2100; x_wconf 87' lang='lat' dir='ltr'><strong>hic</strong></span> <span class='ocrx_word' id='word_1_239' title='bbox 572 2055 601 2101; x_wconf 85' lang='lat' dir='ltr'><strong>et</strong></span> <span class='ocrx_word' id='word_1_240' title='bbox 617 2048 717 2117; x_wconf 79' lang='lat' dir='ltr'><strong>fatum</strong></span> <span class='ocrx_word' id='word_1_241' title='bbox 746 2047 868 2101; x_wconf 80' lang='lat' dir='ltr'><strong>admittit</strong></span> <span class='ocrx_word' id='word_1_242' title='bbox 895 2053 924 2098; x_wconf 91' lang='lat' dir='ltr'><strong>et</strong></span> <span class='ocrx_word' id='word_1_243' title='bbox 954 2044 1105 2099; x_wconf 75' lang='lat' dir='ltr'><strong>meritum?</strong></span> 
     </span>
    </p>

    <p class='ocr_par' dir='ltr' id='par_1_6' title="bbox 42 2114 1108 2461">
     <span class='ocr_line' id='line_1_26' title="bbox 101 2114 1108 2185; baseline -0.001 -16"><span class='ocrx_word' id='word_1_244' title='bbox 101 2115 183 2169; x_wconf 83' lang='lat' dir='ltr'><strong>einde</strong></span> <span class='ocrx_word' id='word_1_245' title='bbox 206 2131 272 2166; x_wconf 88' lang='lat' dir='ltr'><strong>cum</strong></span> <span class='ocrx_word' id='word_1_246' title='bbox 294 2114 393 2169; x_wconf 77' lang='lat' dir='ltr'><strong>dixerit</strong></span> <span class='ocrx_word' id='word_1_247' title='bbox 407 2117 468 2169; x_wconf 81' lang='lat' dir='ltr'><strong>Sta:</strong></span> <span class='ocrx_word' id='word_1_248' title='bbox 490 2119 670 2185; x_wconf 78' lang='lat' dir='ltr'><strong>sua-cuique</strong></span> <span class='ocrx_word' id='word_1_249' title='bbox 693 2118 768 2181; x_wconf 82' lang='lat' dir='ltr'><strong>dier,</strong></span> <span class='ocrx_word' id='word_1_250' title='bbox 791 2115 930 2185; x_wconf 78' lang='lat' dir='ltr'><strong>quomodo</strong></span> <span class='ocrx_word' id='word_1_251' title='bbox 953 2114 1021 2167; x_wconf 81' lang='lat' dir='ltr'><strong>dicit</strong></span> <span class='ocrx_word' id='word_1_252' title='bbox 1043 2124 1108 2168; x_wconf 72' lang='lat' dir='ltr'><strong>ante</strong></span> 
     </span>
     <span class='ocr_line' id='line_1_27' title="bbox 74 2182 1108 2255; baseline -0.002 -19"><span class='ocrx_word' id='word_1_253' title='bbox 74 2182 173 2236; x_wconf 76' lang='lat' dir='ltr'><strong>diem?</strong></span> <span class='ocrx_word' id='word_1_254' title='bbox 196 2183 304 2235; x_wconf 85' lang='lat' dir='ltr'><strong>Harum</strong></span> <span class='ocrx_word' id='word_1_255' title='bbox 326 2200 424 2238; x_wconf 84' lang='lat' dir='ltr'><strong>rerum</strong></span> <span class='ocrx_word' id='word_1_256' title='bbox 445 2186 518 2238; x_wconf 85' lang='lat' dir='ltr'><strong>ratio</strong></span> <span class='ocrx_word' id='word_1_257' title='bbox 541 2185 580 2236; x_wconf 83' lang='lat' dir='ltr'><strong>sic</strong></span> <span class='ocrx_word' id='word_1_258' title='bbox 597 2185 736 2240; x_wconf 81' lang='lat' dir='ltr'><strong>redditur:</strong></span> <span class='ocrx_word' id='word_1_259' title='bbox 759 2183 835 2239; x_wconf 86' lang='lat' dir='ltr'><strong>Sicut</strong></span> <span class='ocrx_word' id='word_1_260' title='bbox 850 2191 879 2235; x_wconf 89' lang='lat' dir='ltr'><strong>et</strong></span> <span class='ocrx_word' id='word_1_261' title='bbox 894 2183 961 2255; x_wconf 80' lang='lat' dir='ltr'><strong>satu</strong></span> <span class='ocrx_word' id='word_1_262' title='bbox 980 2198 1050 2252; x_wconf 86' lang='lat' dir='ltr'><strong>quae</strong></span> <span class='ocrx_word' id='word_1_263' title='bbox 1067 2182 1108 2234; x_wconf 84' lang='lat' dir='ltr'><strong>di·</strong></span> 
     </span>
     <span class='ocr_line' id='line_1_28' title="bbox 42 2250 1107 2324; baseline -0.001 -19"><span class='ocrx_word' id='word_1_264' title='bbox 42 2258 46 2267; x_wconf 94' lang='grc'><strong>“</strong></span> <span class='ocrx_word' id='word_1_265' title='bbox 72 2259 177 2305; x_wconf 73' lang='lat' dir='ltr'><strong>cunum</strong></span> <span class='ocrx_word' id='word_1_266' title='bbox 194 2253 487 2320; x_wconf 75' lang='lat' dir='ltr'><strong>denuntiativa,&#39;sunt</strong></span> <span class='ocrx_word' id='word_1_267' title='bbox 503 2253 557 2307; x_wconf 85' lang='lat' dir='ltr'><strong>alia</strong></span> <span class='ocrx_word' id='word_1_268' title='bbox 573 2250 630 2313; x_wconf 81' lang='lat' dir='ltr'><strong>iata</strong></span> <span class='ocrx_word' id='word_1_269' title='bbox 646 2270 719 2324; x_wconf 68' lang='lat' dir='ltr'><strong>epure</strong></span> <span class='ocrx_word' id='word_1_270' title='bbox 736 2253 948 2307; x_wconf 79' lang='lat' dir='ltr'><strong>condicionaiia</strong></span> <span class='ocrx_word' id='word_1_271' title='bbox 966 2258 1107 2304; x_wconf 75' lang='lat' dir='ltr'><strong>vocauttu.</strong></span> 
     </span>
     <span class='ocr_line' id='line_1_29' title="bbox 73 2318 1108 2390; baseline -0.001 -17"><span class='ocrx_word' id='word_1_272' title='bbox 73 2319 285 2373; x_wconf 76' lang='lat' dir='ltr'><strong>Denuntiativa</strong></span> <span class='ocrx_word' id='word_1_273' title='bbox 308 2329 371 2372; x_wconf 85' lang='lat' dir='ltr'><strong>sunt</strong></span> <span class='ocrx_word' id='word_1_274' title='bbox 394 2338 465 2390; x_wconf 81' lang='lat' dir='ltr'><strong>quae</strong></span> <span class='ocrx_word' id='word_1_275' title='bbox 488 2322 649 2377; x_wconf 87' lang='lat' dir='ltr'><strong>omnimodo</strong></span> <span class='ocrx_word' id='word_1_276' title='bbox 671 2330 800 2379; x_wconf 83' lang='lat' dir='ltr'><strong>eventura</strong></span> <span class='ocrx_word' id='word_1_277' title='bbox 816 2322 959 2387; x_wconf 82' lang='lat' dir='ltr'><strong>deserunt,</strong></span> <span class='ocrx_word' id='word_1_278' title='bbox 982 2327 1014 2372; x_wconf 92' lang='lat' dir='ltr'><strong>ut</strong></span> <span class='ocrx_word' id='word_1_279' title='bbox 1029 2318 1108 2372; x_wconf 84' lang='lat' dir='ltr'><strong>verbi</strong></span> 
     </span>
     <span class='ocr_line' id='line_1_30' title="bbox 73 2386 1108 2461; baseline -0.003 -20"><span class='ocrx_word' id='word_1_280' title='bbox 73 2391 168 2459; x_wconf 71' lang='lat' dir='ltr'><strong>gratia</strong></span> <span class='ocrx_word' id='word_1_281' title='bbox 184 2386 332 2457; x_wconf 81' lang='lat' dir='ltr'><strong>Pompeius</strong></span> <span class='ocrx_word' id='word_1_282' title='bbox 354 2403 395 2442; x_wconf 77' lang='lat' dir='ltr'><strong>:er</strong></span> <span class='ocrx_word' id='word_1_283' title='bbox 418 2392 645 2461; x_wconf 77' lang='lat' dir='ltr'><strong>triumphaturus</strong></span> <span class='ocrx_word' id='word_1_284' title='bbox 667 2404 715 2442; x_wconf 86' lang='lat' dir='ltr'><strong>ert.</strong></span> <span class='ocrx_word' id='word_1_285' title='bbox 749 2392 809 2447; x_wconf 82' lang='lat' dir='ltr'><strong>Hoc</strong></span> <span class='ocrx_word' id='word_1_286' title='bbox 832 2388 874 2445; x_wconf 86' lang='lat' dir='ltr'><strong>illi</strong></span> <span class='ocrx_word' id='word_1_287' title='bbox 889 2386 947 2447; x_wconf 76' lang='lat' dir='ltr'><strong>iate</strong></span> <span class='ocrx_word' id='word_1_288' title='bbox 963 2389 1108 2452; x_wconf 81' lang='lat' dir='ltr'><strong>dederunt,</strong></span> 
     </span>
    </p>
   </div>
   <div class='ocr_carea' id='block_1_5' title="bbox 73 2455 1108 2528">
    <p class='ocr_par' dir='ltr' id='par_1_7' title="bbox 73 2455 1108 2528">
     <span class='ocr_line' id='line_1_31' title="bbox 73 2455 1108 2528; baseline -0.002 -17"><span class='ocrx_word' id='word_1_289' title='bbox 73 2466 108 2511; x_wconf 87' lang='lat' dir='ltr'><strong>ut</strong></span> <span class='ocrx_word' id='word_1_290' title='bbox 130 2456 289 2527; x_wconf 86' lang='lat' dir='ltr'><strong>ubicunque</strong></span> <span class='ocrx_word' id='word_1_291' title='bbox 312 2467 455 2512; x_wconf 87' lang='lat' dir='ltr'><strong>terrarum</strong></span> <span class='ocrx_word' id='word_1_292' title='bbox 477 2461 562 2514; x_wconf 80' lang='lat' dir='ltr'><strong>fuerit</strong></span> <span class='ocrx_word' id='word_1_293' title='bbox 583 2469 627 2512; x_wconf 87' lang='lat' dir='ltr'><strong>ter</strong></span> <span class='ocrx_word' id='word_1_294' title='bbox 649 2459 818 2528; x_wconf 82' lang='lat' dir='ltr'><strong>triumphet:</strong></span> <span class='ocrx_word' id='word_1_295' title='bbox 841 2473 898 2511; x_wconf 86' lang='lat' dir='ltr'><strong>non</strong></span> <span class='ocrx_word' id='word_1_296' title='bbox 921 2458 1012 2528; x_wconf 84' lang='lat' dir='ltr'><strong>potest</strong></span> <span class='ocrx_word' id='word_1_297' title='bbox 1027 2455 1108 2511; x_wconf 77' lang='lat' dir='ltr'><strong>aliter</strong></span> 
     </span>
    </p>
   </div>
   <div class='ocr_carea' id='block_1_6' title="bbox 74 2527 1208 2599">
    <p class='ocr_par' dir='ltr' id='par_1_8' title="bbox 74 2527 1208 2599">
     <span class='ocr_line' id='line_1_32' title="bbox 74 2527 1208 2599; baseline -0.001 -21"><span class='ocrx_word' id='word_1_298' title='bbox 74 2527 201 2592; x_wconf 69' lang='lat' dir='ltr'><strong>eumue,</strong></span> <span class='ocrx_word' id='word_1_299' title='bbox 224 2535 253 2579; x_wconf 91' lang='lat' dir='ltr'><strong>et</strong></span> <span class='ocrx_word' id='word_1_300' title='bbox 267 2527 331 2585; x_wconf 84' lang='lat' dir='ltr'><strong>ideo</strong></span> <span class='ocrx_word' id='word_1_301' title='bbox 354 2528 444 2583; x_wconf 85' lang='lat' dir='ltr'><strong>fatum</strong></span> <span class='ocrx_word' id='word_1_302' title='bbox 480 2529 535 2582; x_wconf 90' lang='lat' dir='ltr'><strong>uod</strong></span> <span class='ocrx_word' id='word_1_303' title='bbox 550 2529 603 2583; x_wconf 80' lang='lat' dir='ltr'><strong>ho&#39;c</strong></span> <span class='ocrx_word' id='word_1_304' title='bbox 621 2528 766 2583; x_wconf 87' lang='lat' dir='ltr'><strong>denuntiat</strong></span> <span class='ocrx_word' id='word_1_305' title='bbox 782 2528 1009 2581; x_wconf 80' lang='lat' dir='ltr'><strong>denuntiativum</strong></span> <span class='ocrx_word' id='word_1_306' title='bbox 1026 2539 1106 2577; x_wconf 82' lang='lat' dir='ltr'><strong>roca·</strong></span> <span class='ocrx_word' id='word_1_307' title='bbox 1197 2578 1208 2599; x_wconf 30' lang='lat' dir='ltr'>x</span> 
     </span>
    </p>
   </div>
   <div class='ocr_carea' id='block_1_7' title="bbox 26 2592 1164 3628">
    <p class='ocr_par' dir='ltr' id='par_1_9' title="bbox 26 2592 1164 3628">
     <span class='ocr_line' id='line_1_33' title="bbox 54 2592 1108 2666; baseline -0.001 -18"><span class='ocrx_word' id='word_1_308' title='bbox 54 2603 131 2648; x_wconf 70' lang='lat' dir='ltr'><strong>&#39;tum</strong></span> <span class='ocrx_word' id='word_1_309' title='bbox 166 2595 368 2647; x_wconf 73' lang='lat' dir='ltr'><strong>conditionale</strong></span> <span class='ocrx_word' id='word_1_310' title='bbox 385 2613 450 2650; x_wconf 85' lang='lat' dir='ltr'><strong>vero</strong></span> <span class='ocrx_word' id='word_1_311' title='bbox 495 2597 632 2652; x_wconf 85' lang='lat' dir='ltr'><strong>uiusmodi</strong></span> <span class='ocrx_word' id='word_1_312' title='bbox 649 2605 706 2662; x_wconf 87' lang='lat' dir='ltr'><strong>est,</strong></span> <span class='ocrx_word' id='word_1_313' title='bbox 728 2595 878 2666; x_wconf 83' lang='lat' dir='ltr'><strong>Pompeius</strong></span> <span class='ocrx_word' id='word_1_314' title='bbox 895 2597 922 2646; x_wconf 85' lang='lat' dir='ltr'><strong>si</strong></span> <span class='ocrx_word' id='word_1_315' title='bbox 939 2607 1002 2662; x_wconf 84' lang='lat' dir='ltr'><strong>post</strong></span> <span class='ocrx_word' id='word_1_316' title='bbox 1020 2592 1108 2648; x_wconf 71' lang='lat' dir='ltr'><strong>Phar·</strong></span> 
     </span>
     <span class='ocr_line' id='line_1_34' title="bbox 74 2662 1107 2734; baseline -0.004 -17"><span class='ocrx_word' id='word_1_317' title='bbox 74 2665 199 2717; x_wconf 74' lang='lat' dir='ltr'><strong>salicum</strong></span> <span class='ocrx_word' id='word_1_318' title='bbox 225 2665 327 2721; x_wconf 75' lang='lat' dir='ltr'><strong>bellum</strong></span> <span class='ocrx_word' id='word_1_319' title='bbox 344 2666 462 2734; x_wconf 81' lang='lat' dir='ltr'><strong>Aegypti</strong></span> <span class='ocrx_word' id='word_1_320' title='bbox 485 2668 555 2718; x_wconf 83' lang='lat' dir='ltr'><strong>litus</strong></span> <span class='ocrx_word' id='word_1_321' title='bbox 580 2668 719 2734; x_wconf 81' lang='lat' dir='ltr'><strong>attigerit,</strong></span> <span class='ocrx_word' id='word_1_322' title='bbox 735 2664 816 2733; x_wconf 78' lang='lat' dir='ltr'><strong>ferro</strong></span> <span class='ocrx_word' id='word_1_323' title='bbox 841 2665 956 2734; x_wconf 83' lang='lat' dir='ltr'><strong>peribit,</strong></span> <span class='ocrx_word' id='word_1_324' title='bbox 979 2662 1025 2718; x_wconf 85' lang='lat' dir='ltr'><strong>hic</strong></span> <span class='ocrx_word' id='word_1_325' title='bbox 1049 2676 1107 2718; x_wconf 80' lang='lat' dir='ltr'><strong>nou</strong></span> 
     </span>
     <span class='ocr_line' id='line_1_35' title="bbox 74 2730 1106 2802; baseline -0.002 -17"><span class='ocrx_word' id='word_1_326' title='bbox 74 2733 239 2787; x_wconf 84' lang='lat' dir='ltr'><strong>omnimodo</strong></span> <span class='ocrx_word' id='word_1_327' title='bbox 256 2751 368 2788; x_wconf 85' lang='lat' dir='ltr'><strong>necesse</strong></span> <span class='ocrx_word' id='word_1_328' title='bbox 386 2742 448 2791; x_wconf 88' lang='lat' dir='ltr'><strong>erat</strong></span> <span class='ocrx_word' id='word_1_329' title='bbox 463 2743 495 2787; x_wconf 89' lang='lat' dir='ltr'><strong>ut</strong></span> <span class='ocrx_word' id='word_1_330' title='bbox 509 2736 616 2787; x_wconf 88' lang='lat' dir='ltr'><strong>videret</strong></span> <span class='ocrx_word' id='word_1_331' title='bbox 631 2737 801 2802; x_wconf 84' lang='lat' dir='ltr'><strong>Aegyptum,</strong></span> <span class='ocrx_word' id='word_1_332' title='bbox 824 2734 872 2787; x_wconf 87' lang='lat' dir='ltr'><strong>sed</strong></span> <span class='ocrx_word' id='word_1_333' title='bbox 893 2733 916 2785; x_wconf 89' lang='lat' dir='ltr'><strong>si</strong></span> <span class='ocrx_word' id='word_1_334' title='bbox 933 2734 1010 2783; x_wconf 80' lang='lat' dir='ltr'><strong>casus</strong></span> <span class='ocrx_word' id='word_1_335' title='bbox 1026 2730 1106 2783; x_wconf 86' lang='lat' dir='ltr'><strong>illum</strong></span> 
     </span>
     <span class='ocr_line' id='line_1_36' title="bbox 73 2800 1107 2870; baseline -0.001 -14"><span class='ocrx_word' id='word_1_336' title='bbox 73 2802 114 2857; x_wconf 75' lang='lat' dir='ltr'><strong>ad</strong></span> <span class='ocrx_word' id='word_1_337' title='bbox 129 2802 215 2855; x_wconf 82' lang='lat' dir='ltr'><strong>aliam</strong></span> <span class='ocrx_word' id='word_1_338' title='bbox 230 2803 375 2870; x_wconf 84' lang='lat' dir='ltr'><strong>regionem</strong></span> <span class='ocrx_word' id='word_1_339' title='bbox 390 2804 463 2856; x_wconf 84' lang='lat' dir='ltr'><strong>forte</strong></span> <span class='ocrx_word' id='word_1_340' title='bbox 478 2804 596 2856; x_wconf 80' lang='lat' dir='ltr'><strong>duxisset</strong></span> <span class='ocrx_word' id='word_1_341' title='bbox 608 2809 737 2856; x_wconf 82' lang='lat' dir='ltr'><strong>evaserat.</strong></span> <span class='ocrx_word' id='word_1_342' title='bbox 771 2801 814 2854; x_wconf 77' lang='lat' dir='ltr'><strong>Sic</strong></span> <span class='ocrx_word' id='word_1_343' title='bbox 828 2809 856 2855; x_wconf 88' lang='lat' dir='ltr'><strong>et</strong></span> <span class='ocrx_word' id='word_1_344' title='bbox 868 2818 884 2853; x_wconf 91' lang='lat' dir='ltr'><strong>a</strong></span> <span class='ocrx_word' id='word_1_345' title='bbox 904 2800 1107 2855; x_wconf 72' lang='lat' dir='ltr'><strong>adnumerum</strong></span> 
     </span>
     <span class='ocr_line' id='line_1_37' title="bbox 74 2818 1108 2943; baseline -0.008 -18"><span class='ocrx_word' id='word_1_346' title='bbox 74 2869 196 2925; x_wconf 77' lang='lat' dir='ltr'><strong>Achilles</strong></span> <span class='ocrx_word' id='word_1_347' title='bbox 219 2872 318 2936; x_wconf 84' lang='lat' dir='ltr'><strong>refert,</strong></span> <span class='ocrx_word' id='word_1_348' title='bbox 340 2880 461 2925; x_wconf 83' lang='lat' dir='ltr'><strong>matrem</strong></span> <span class='ocrx_word' id='word_1_349' title='bbox 478 2873 559 2925; x_wconf 89' lang='lat' dir='ltr'><strong>deam</strong></span> <span class='ocrx_word' id='word_1_350' title='bbox 575 2872 630 2928; x_wconf 79' lang='lat' dir='ltr'><strong>sibi</strong></span> <span class='ocrx_word' id='word_1_351' title='bbox 646 2871 757 2934; x_wconf 81' lang='lat' dir='ltr'><strong>dixisse,</strong></span> <span class='ocrx_word' id='word_1_352' title='bbox 780 2878 825 2936; x_wconf 94' lang='lat' dir='ltr'><strong>ut,</strong></span> <span class='ocrx_word' id='word_1_353' title='bbox 847 2818 966 2928; x_wconf 54' lang='lat' dir='ltr'><strong>&amp;Poeno</strong></span> <span class='ocrx_word' id='word_1_354' title='bbox 983 2867 1108 2943; x_wconf 71' lang='lat' dir='ltr'><strong>Troiepo</strong></span> 
     </span>
     <span class='ocr_line' id='line_1_38' title="bbox 63 2935 1109 3011; baseline -0.01 -14"><span class='ocrx_word' id='word_1_355' title='bbox 63 2954 108 2992; x_wconf 77' lang='lat' dir='ltr'><strong>-ta</strong></span> <span class='ocrx_word' id='word_1_356' title='bbox 130 2939 320 3005; x_wconf 72' lang='lat' dir='ltr'><strong>subtraheret,</strong></span> <span class='ocrx_word' id='word_1_357' title='bbox 344 2949 373 2993; x_wconf 88' lang='lat' dir='ltr'><strong>et</strong></span> <span class='ocrx_word' id='word_1_358' title='bbox 393 2943 526 2995; x_wconf 85' lang='lat' dir='ltr'><strong>reducem</strong></span> <span class='ocrx_word' id='word_1_359' title='bbox 548 2941 655 3011; x_wconf 74' lang='lat' dir='ltr'><strong>patriae</strong></span> <span class='ocrx_word' id='word_1_360' title='bbox 678 2939 772 3003; x_wconf 86' lang='lat' dir='ltr'><strong>daret,</strong></span> <span class='ocrx_word' id='word_1_361' title='bbox 795 2939 850 2994; x_wconf 79' lang='lat' dir='ltr'><strong>elta</strong></span> <span class='ocrx_word' id='word_1_362' title='bbox 873 2945 982 2994; x_wconf 74' lang='lat' dir='ltr'><strong>senecta</strong></span> <span class='ocrx_word' id='word_1_363' title='bbox 999 2935 1109 2999; x_wconf 76' lang='lat' dir='ltr'><strong>viveret,</strong></span> 
     </span>
     <span class='ocr_line' id='line_1_39' title="bbox 26 3002 1152 3081; baseline -0.005 -21"><span class='ocrx_word' id='word_1_364' title='bbox 26 3042 30 3049; x_wconf 92' lang='lat'><em>·</em></span> <span class='ocrx_word' id='word_1_365' title='bbox 75 3006 128 3060; x_wconf 80' lang='lat' dir='ltr'><strong>ted</strong></span> <span class='ocrx_word' id='word_1_366' title='bbox 143 3008 290 3076; x_wconf 59' lang='lat' dir='ltr'><strong>inglorium</strong></span> <span class='ocrx_word' id='word_1_367' title='bbox 313 3010 418 3065; x_wconf 85' lang='lat' dir='ltr'><strong>sivero</strong></span> <span class='ocrx_word' id='word_1_368' title='bbox 434 3011 508 3081; x_wconf 83' lang='lat' dir='ltr'><strong>apud</strong></span> <span class='ocrx_word' id='word_1_369' title='bbox 523 3010 639 3062; x_wconf 82' lang='lat' dir='ltr'><strong>Troiam</strong></span> <span class='ocrx_word' id='word_1_370' title='bbox 655 3007 804 3078; x_wconf 82' lang='lat' dir='ltr'><strong>pugnando</strong></span> <span class='ocrx_word' id='word_1_371' title='bbox 820 3012 1020 3079; x_wconf 79' lang='lat' dir='ltr'><strong>perseveraret,</strong></span> <span class='ocrx_word' id='word_1_372' title='bbox 1042 3002 1109 3056; x_wconf 80' lang='lat' dir='ltr'><strong>ade·</strong></span> <span class='ocrx_word' id='word_1_373' title='bbox 1148 3060 1152 3065; x_wconf 57' lang='grc'><strong>,</strong></span> 
     </span>
     <span class='ocr_line' id='line_1_40' title="bbox 75 3074 1164 3150; baseline -0.01 -19"><span class='ocrx_word' id='word_1_374' title='bbox 75 3082 141 3147; x_wconf 85' lang='lat' dir='ltr'><strong>ptus</strong></span> <span class='ocrx_word' id='word_1_375' title='bbox 158 3092 291 3146; x_wconf 81' lang='lat' dir='ltr'><strong>magnam</strong></span> <span class='ocrx_word' id='word_1_376' title='bbox 307 3077 428 3146; x_wconf 80' lang='lat' dir='ltr'><strong>gloriam</strong></span> <span class='ocrx_word' id='word_1_377' title='bbox 443 3079 598 3149; x_wconf 78' lang='lat' dir='ltr'><strong>primaevus</strong></span> <span class='ocrx_word' id='word_1_378' title='bbox 622 3075 810 3130; x_wconf 86' lang='lat' dir='ltr'><strong>obcumberet.</strong></span> <span class='ocrx_word' id='word_1_379' title='bbox 844 3076 924 3127; x_wconf 89' lang='lat' dir='ltr'><strong>Vides</strong></span> <span class='ocrx_word' id='word_1_380' title='bbox 938 3074 1025 3141; x_wconf 78' lang='lat' dir='ltr'><strong>igitur</strong></span> <span class='ocrx_word' id='word_1_381' title='bbox 1042 3087 1107 3150; x_wconf 65' lang='lat' dir='ltr'><strong>con3</strong></span> <span class='ocrx_word' id='word_1_382' title='bbox 1160 3080 1164 3089; x_wconf 90' lang='grc'><strong>“</strong></span> 
     </span>
     <span class='ocr_line' id='line_1_41' title="bbox 75 3138 1108 3219; baseline -0.009 -19"><span class='ocrx_word' id='word_1_383' title='bbox 75 3146 220 3201; x_wconf 86' lang='lat' dir='ltr'><strong>dicionem</strong></span> <span class='ocrx_word' id='word_1_384' title='bbox 236 3146 286 3201; x_wconf 75' lang='lat' dir='ltr'><strong>fati</strong></span> <span class='ocrx_word' id='word_1_385' title='bbox 303 3147 353 3199; x_wconf 88' lang='lat' dir='ltr'><strong>sub</strong></span> <span class='ocrx_word' id='word_1_386' title='bbox 370 3148 473 3219; x_wconf 85' lang='lat' dir='ltr'><strong>duplici</strong></span> <span class='ocrx_word' id='word_1_387' title='bbox 494 3156 604 3205; x_wconf 88' lang='lat' dir='ltr'><strong>eventus</strong></span> <span class='ocrx_word' id='word_1_388' title='bbox 626 3144 825 3216; x_wconf 80' lang='lat' dir='ltr'><strong>exspectatione</strong></span> <span class='ocrx_word' id='word_1_389' title='bbox 846 3144 976 3212; x_wconf 80' lang='lat' dir='ltr'><strong>Pendere.</strong></span> <span class='ocrx_word' id='word_1_390' title='bbox 1009 3138 1108 3196; x_wconf 70' lang='lat' dir='ltr'><strong>Achilh</strong></span> 
     </span>
     <span class='ocr_line' id='line_1_42' title="bbox 46 3204 1108 3287; baseline -0.007 -17"><span class='ocrx_word' id='word_1_391' title='bbox 46 3224 52 3239; x_wconf 68' lang='lat'>⁵</span> <span class='ocrx_word' id='word_1_392' title='bbox 76 3217 159 3270; x_wconf 88' lang='lat' dir='ltr'><strong>enim</strong></span> <span class='ocrx_word' id='word_1_393' title='bbox 175 3215 232 3268; x_wconf 81' lang='lat' dir='ltr'><strong>dies</strong></span> <span class='ocrx_word' id='word_1_394' title='bbox 246 3222 349 3268; x_wconf 80' lang='lat' dir='ltr'><strong>statute</strong></span> <span class='ocrx_word' id='word_1_395' title='bbox 365 3224 439 3283; x_wconf 86' lang='lat' dir='ltr'><strong>erat,</strong></span> <span class='ocrx_word' id='word_1_396' title='bbox 461 3233 516 3287; x_wconf 85' lang='lat' dir='ltr'><strong>qua</strong></span> <span class='ocrx_word' id='word_1_397' title='bbox 533 3217 648 3273; x_wconf 81' lang='lat' dir='ltr'><strong>domum</strong></span> <span class='ocrx_word' id='word_1_398' title='bbox 669 3221 796 3284; x_wconf 83' lang='lat' dir='ltr'><strong>repetens</strong></span> <span class='ocrx_word' id='word_1_399' title='bbox 818 3229 900 3265; x_wconf 79' lang='lat' dir='ltr'><strong>senex</strong></span> <span class='ocrx_word' id='word_1_400' title='bbox 916 3213 1037 3280; x_wconf 88' lang='lat' dir='ltr'><strong>periret,</strong></span> <span class='ocrx_word' id='word_1_401' title='bbox 1059 3204 1108 3263; x_wconf 81' lang='lat' dir='ltr'><strong>sed</strong></span> 
     </span>
     <span class='ocr_line' id='line_1_43' title="bbox 78 3281 1108 3355; baseline -0.006 -19"><span class='ocrx_word' id='word_1_402' title='bbox 78 3285 147 3355; x_wconf 82' lang='lat' dir='ltr'><strong>quia</strong></span> <span class='ocrx_word' id='word_1_403' title='bbox 163 3284 268 3337; x_wconf 79' lang='lat' dir='ltr'><strong>bellum</strong></span> <span class='ocrx_word' id='word_1_404' title='bbox 283 3299 341 3337; x_wconf 88' lang='lat' dir='ltr'><strong>non</strong></span> <span class='ocrx_word' id='word_1_405' title='bbox 356 3285 482 3354; x_wconf 85' lang='lat' dir='ltr'><strong>reliquit,</strong></span> <span class='ocrx_word' id='word_1_406' title='bbox 504 3286 573 3338; x_wconf 89' lang='lat' dir='ltr'><strong>obiit</strong></span> <span class='ocrx_word' id='word_1_407' title='bbox 589 3285 701 3353; x_wconf 85' lang='lat' dir='ltr'><strong>quidem</strong></span> <span class='ocrx_word' id='word_1_408' title='bbox 723 3291 787 3334; x_wconf 89' lang='lat' dir='ltr'><strong>ante</strong></span> <span class='ocrx_word' id='word_1_409' title='bbox 803 3282 878 3338; x_wconf 85' lang='lat' dir='ltr'><strong>diem</strong></span> <span class='ocrx_word' id='word_1_410' title='bbox 893 3281 954 3333; x_wconf 83' lang='lat' dir='ltr'><strong>fato&#39;</strong></span> <span class='ocrx_word' id='word_1_411' title='bbox 967 3285 1108 3354; x_wconf 80' lang='lat' dir='ltr'><strong>statutum,</strong></span> 
     </span>
     <span class='ocr_line' id='line_1_44' title="bbox 77 3344 1108 3425; baseline -0.009 -18"><span class='ocrx_word' id='word_1_412' title='bbox 77 3354 130 3407; x_wconf 84' lang='lat' dir='ltr'><strong>aed</strong></span> <span class='ocrx_word' id='word_1_413' title='bbox 146 3370 199 3406; x_wconf 87' lang='lat' dir='ltr'><strong>nec</strong></span> <span class='ocrx_word' id='word_1_414' title='bbox 214 3362 276 3404; x_wconf 90' lang='lat' dir='ltr'><strong>tum</strong></span> <span class='ocrx_word' id='word_1_415' title='bbox 292 3353 352 3406; x_wconf 88' lang='lat' dir='ltr'><strong>sine</strong></span> <span class='ocrx_word' id='word_1_416' title='bbox 368 3355 441 3419; x_wconf 81' lang='lat' dir='ltr'><strong>fato,</strong></span> <span class='ocrx_word' id='word_1_417' title='bbox 464 3355 528 3425; x_wconf 82' lang='lat' dir='ltr'><strong>quie</strong></span> <span class='ocrx_word' id='word_1_418' title='bbox 544 3356 580 3406; x_wconf 81' lang='lat' dir='ltr'><strong>de</strong></span> <span class='ocrx_word' id='word_1_419' title='bbox 595 3353 707 3422; x_wconf 81' lang='lat' dir='ltr'><strong>gemina</strong></span> <span class='ocrx_word' id='word_1_420' title='bbox 728 3351 780 3405; x_wconf 78' lang='lat' dir='ltr'><strong>fati</strong></span> <span class='ocrx_word' id='word_1_421' title='bbox 802 3349 964 3405; x_wconf 75' lang='lat' dir='ltr'><strong>auctoritate</strong></span> <span class='ocrx_word' id='word_1_422' title='bbox 980 3344 1108 3400; x_wconf 78' lang='lat' dir='ltr'><strong>veniebat</strong></span> 
     </span>
     <span class='ocr_line' id='line_1_45' title="bbox 47 3413 1127 3494; baseline -0.01 -19"><span class='ocrx_word' id='word_1_423' title='bbox 47 3458 50 3462; x_wconf 95' lang='lat'>-</span> <span class='ocrx_word' id='word_1_424' title='bbox 79 3430 201 3491; x_wconf 86' lang='lat' dir='ltr'><strong>utraque</strong></span> <span class='ocrx_word' id='word_1_425' title='bbox 229 3422 362 3479; x_wconf 89' lang='lat' dir='ltr'><strong>condicio.</strong></span> <span class='ocrx_word' id='word_1_426' title='bbox 410 3422 453 3475; x_wconf 89' lang='lat' dir='ltr'><strong>Sic</strong></span> <span class='ocrx_word' id='word_1_427' title='bbox 481 3432 513 3475; x_wconf 84' lang='lat' dir='ltr'><strong>et</strong></span> <span class='ocrx_word' id='word_1_428' title='bbox 535 3421 638 3475; x_wconf 82' lang='lat' dir='ltr'><strong>Didoni</strong></span> <span class='ocrx_word' id='word_1_429' title='bbox 659 3422 803 3477; x_wconf 84' lang='lat' dir='ltr'><strong>decretum</strong></span> <span class='ocrx_word' id='word_1_430' title='bbox 831 3421 924 3472; x_wconf 77' lang='lat' dir='ltr'><strong>iuerat</strong></span> <span class='ocrx_word' id='word_1_431' title='bbox 952 3423 983 3472; x_wconf 88' lang='lat' dir='ltr'><strong>ut</strong></span> <span class='ocrx_word' id='word_1_432' title='bbox 1006 3413 1127 3494; x_wconf 59' lang='lat' dir='ltr'><strong>urcem</strong></span> 
     </span>
     <span class='ocr_line' id='line_1_46' title="bbox 100 3482 1107 3559; baseline -0.008 -15"><span class='ocrx_word' id='word_1_433' title='bbox 100 3491 257 3546; x_wconf 81' lang='lat' dir='ltr'><strong>raeclararn</strong></span> <span class='ocrx_word' id='word_1_434' title='bbox 276 3498 424 3559; x_wconf 80' lang='lat' dir='ltr'><strong>statueret,</strong></span> <span class='ocrx_word' id='word_1_435' title='bbox 447 3492 624 3548; x_wconf 84' lang='lat' dir='ltr'><strong>ulcisceretur</strong></span> <span class='ocrx_word' id='word_1_436' title='bbox 647 3491 752 3555; x_wconf 80' lang='lat' dir='ltr'><strong>virum,</strong></span> <span class='ocrx_word' id='word_1_437' title='bbox 775 3504 878 3557; x_wconf 87' lang='lat' dir='ltr'><strong>poenas</strong></span> <span class='ocrx_word' id='word_1_438' title='bbox 900 3487 935 3538; x_wconf 90' lang='lat' dir='ltr'><strong>de</strong></span> <span class='ocrx_word' id='word_1_439' title='bbox 957 3482 1107 3554; x_wconf 70' lang='lat' dir='ltr'><strong>parricidio</strong></span> 
     </span>
     <span class='ocr_line' id='line_1_47' title="bbox 75 3509 1110 3628; baseline -0.008 -15"><span class='ocrx_word' id='word_1_440' title='bbox 75 3509 178 3619; x_wconf 61' lang='lat' dir='ltr'><strong>iratus</strong></span> <span class='ocrx_word' id='word_1_441' title='bbox 199 3561 327 3628; x_wconf 81' lang='lat' dir='ltr'><strong>exigeret.</strong></span> <span class='ocrx_word' id='word_1_442' title='bbox 361 3561 528 3617; x_wconf 76' lang='lat' dir='ltr'><strong>Perveneret</strong></span> <span class='ocrx_word' id='word_1_443' title='bbox 551 3567 645 3618; x_wconf 78' lang='lat' dir='ltr'><strong>eutem</strong></span> <span class='ocrx_word' id='word_1_444' title='bbox 667 3560 703 3612; x_wconf 86' lang='lat' dir='ltr'><strong>ad</strong></span> <span class='ocrx_word' id='word_1_445' title='bbox 726 3575 818 3615; x_wconf 75' lang='lat' dir='ltr'><strong>seram</strong></span> <span class='ocrx_word' id='word_1_446' title='bbox 840 3562 962 3610; x_wconf 80' lang='lat' dir='ltr'><strong>mortem</strong></span> <span class='ocrx_word' id='word_1_447' title='bbox 978 3550 1110 3618; x_wconf 72' lang='lat' dir='ltr'><strong>sinente</strong></span> 
     </span>
    </p>
   </div>
   <div class='ocr_carea' id='block_1_8' title="bbox 79 3620 1195 3694">
    <p class='ocr_par' dir='ltr' id='par_1_10' title="bbox 79 3620 1195 3694">
     <span class='ocr_line' id='line_1_48' title="bbox 79 3620 1195 3694; baseline -0.007 -12"><span class='ocrx_word' id='word_1_448' title='bbox 79 3629 220 3685; x_wconf 77' lang='lat' dir='ltr'><strong>felicitatis</strong></span> <span class='ocrx_word' id='word_1_449' title='bbox 238 3631 357 3694; x_wconf 84' lang='lat' dir='ltr'><strong>offensa,</strong></span> <span class='ocrx_word' id='word_1_450' title='bbox 381 3629 404 3681; x_wconf 85' lang='lat' dir='ltr'><strong>si</strong></span> <span class='ocrx_word' id='word_1_451' title='bbox 421 3630 543 3686; x_wconf 82' lang='lat' dir='ltr'><strong>Troiana</strong></span> <span class='ocrx_word' id='word_1_452' title='bbox 559 3628 649 3681; x_wconf 81' lang='lat' dir='ltr'><strong>classis</strong></span> <span class='ocrx_word' id='word_1_453' title='bbox 665 3629 701 3681; x_wconf 81' lang='lat' dir='ltr'><strong>ed</strong></span> <span class='ocrx_word' id='word_1_454' title='bbox 717 3627 780 3678; x_wconf 89' lang='lat' dir='ltr'><strong>litus</strong></span> <span class='ocrx_word' id='word_1_455' title='bbox 796 3626 905 3680; x_wconf 77' lang='lat' dir='ltr'><strong>Africae</strong></span> <span class='ocrx_word' id='word_1_456' title='bbox 921 3638 978 3680; x_wconf 83' lang='lat' dir='ltr'><strong>non</strong></span> <span class='ocrx_word' id='word_1_457' title='bbox 994 3620 1109 3684; x_wconf 78' lang='lat' dir='ltr'><strong>veniret,</strong></span> <span class='ocrx_word' id='word_1_458' title='bbox 1192 3672 1195 3681; x_wconf 88' lang='grc'>,</span> 
     </span>
    </p>
   </div>
   <div class='ocr_carea' id='block_1_9' title="bbox 79 3688 1109 3841">
    <p class='ocr_par' dir='ltr' id='par_1_11' title="bbox 79 3688 1109 3841">
     <span class='ocr_line' id='line_1_49' title="bbox 79 3688 1108 3770; baseline -0.007 -20"><span class='ocrx_word' id='word_1_459' title='bbox 79 3715 139 3770; x_wconf 81' lang='lat' dir='ltr'><strong>qua</strong></span> <span class='ocrx_word' id='word_1_460' title='bbox 162 3706 276 3766; x_wconf 87' lang='lat' dir='ltr'><strong>portum</strong></span> <span class='ocrx_word' id='word_1_461' title='bbox 300 3698 474 3766; x_wconf 80' lang='lat' dir='ltr'><strong>Carthaginis</strong></span> <span class='ocrx_word' id='word_1_462' title='bbox 505 3699 644 3768; x_wconf 80' lang='lat' dir='ltr'><strong>ingresse,</strong></span> <span class='ocrx_word' id='word_1_463' title='bbox 674 3714 728 3754; x_wconf 85' lang='lat' dir='ltr'><strong>nec</strong></span> <span class='ocrx_word' id='word_1_464' title='bbox 756 3695 965 3747; x_wconf 78' lang='lat' dir='ltr'><strong>continuarenu·</strong></span> <span class='ocrx_word' id='word_1_465' title='bbox 986 3688 1108 3770; x_wconf 74' lang='lat' dir='ltr'><strong>¹tdtcriut</strong></span> 
     </span>
     <span class='ocr_line' id='line_1_50' title="bbox 79 3760 1109 3841; baseline -0.009 -19"><span class='ocrx_word' id='word_1_466' title='bbox 79 3768 198 3838; x_wconf 77' lang='lat' dir='ltr'><strong>reginae</strong></span> <span class='ocrx_word' id='word_1_467' title='bbox 214 3774 280 3819; x_wconf 87' lang='lat' dir='ltr'><strong>nota</strong></span> <span class='ocrx_word' id='word_1_468' title='bbox 296 3767 427 3831; x_wconf 81' lang='lat' dir='ltr'><strong>felicitas,</strong></span> <span class='ocrx_word' id='word_1_469' title='bbox 443 3785 494 3820; x_wconf 87' lang='lat' dir='ltr'><strong>nec</strong></span> <span class='ocrx_word' id='word_1_470' title='bbox 512 3774 703 3841; x_wconf 80' lang='lat' dir='ltr'><strong>expectaretur</strong></span> <span class='ocrx_word' id='word_1_471' title='bbox 720 3765 755 3822; x_wconf 77' lang='lat' dir='ltr'><strong>ad</strong></span> <span class='ocrx_word' id='word_1_472' title='bbox 773 3771 894 3817; x_wconf 86' lang='lat' dir='ltr'><strong>mortem</strong></span> <span class='ocrx_word' id='word_1_473' title='bbox 910 3760 1030 3817; x_wconf 72' lang='lat' dir='ltr'><strong>diecula</strong></span> <span class='ocrx_word' id='word_1_474' title='bbox 1046 3773 1109 3815; x_wconf 73' lang='lat' dir='ltr'><strong>teta</strong></span> 
     </span>
    </p>
   </div>
   <div class='ocr_carea' id='block_1_10' title="bbox 81 3828 1193 3906">
    <p class='ocr_par' dir='ltr' id='par_1_12' title="bbox 81 3828 1193 3906">
     <span class='ocr_line' id='line_1_51' title="bbox 81 3828 1193 3906; baseline -0.01 -17"><span class='ocrx_word' id='word_1_475' title='bbox 81 3854 157 3906; x_wconf 73' lang='lat' dir='ltr'><strong>:prae</strong></span> <span class='ocrx_word' id='word_1_476' title='bbox 174 3837 266 3887; x_wconf 84' lang='lat' dir='ltr'><strong>iuerat</strong></span> <span class='ocrx_word' id='word_1_477' title='bbox 277 3836 431 3888; x_wconf 85' lang='lat' dir='ltr'><strong>constituta.</strong></span> <span class='ocrx_word' id='word_1_478' title='bbox 465 3836 539 3889; x_wconf 84' lang='lat' dir='ltr'><strong>Heec</strong></span> <span class='ocrx_word' id='word_1_479' title='bbox 551 3837 638 3889; x_wconf 88' lang='lat' dir='ltr'><strong>sciens</strong></span> <span class='ocrx_word' id='word_1_480' title='bbox 650 3836 733 3892; x_wconf 83' lang='lat' dir='ltr'><strong>Maro</strong></span> <span class='ocrx_word' id='word_1_481' title='bbox 749 3832 855 3885; x_wconf 90' lang='lat' dir='ltr'><strong>inducit</strong></span> <span class='ocrx_word' id='word_1_482' title='bbox 869 3832 958 3904; x_wconf 85' lang='lat' dir='ltr'><strong>ipsam</strong></span> <span class='ocrx_word' id='word_1_483' title='bbox 970 3828 1109 3885; x_wconf 78' lang='lat' dir='ltr'><strong>Didonem</strong></span> <span class='ocrx_word' id='word_1_484' title='bbox 1164 3828 1193 3889; x_wconf 44' lang='grc' dir='ltr'>ᾗ</span> 
     </span>
    </p>
   </div>
   <div class='ocr_carea' id='block_1_11' title="bbox 79 3900 1111 4113">
    <p class='ocr_par' dir='ltr' id='par_1_13' title="bbox 79 3900 1111 4113">
     <span class='ocr_line' id='line_1_52' title="bbox 79 3900 1108 3970; baseline -0.009 -10"><span class='ocrx_word' id='word_1_485' title='bbox 79 3905 260 3965; x_wconf 81' lang='lat' dir='ltr'><strong>in,extrernis</strong></span> <span class='ocrx_word' id='word_1_486' title='bbox 276 3905 331 3955; x_wconf 87' lang='lat' dir='ltr'><strong>suis</strong></span> <span class='ocrx_word' id='word_1_487' title='bbox 354 3905 406 3957; x_wconf 81' lang='lat' dir='ltr'><strong>ista</strong></span> <span class='ocrx_word' id='word_1_488' title='bbox 423 3904 573 3958; x_wconf 83' lang='lat' dir='ltr'><strong>dicentem:</strong></span> <span class='ocrx_word' id='word_1_489' title='bbox 602 3903 701 3958; x_wconf 77' lang='lat' dir='ltr'><strong>Urbem</strong></span> <span class='ocrx_word' id='word_1_490' title='bbox 724 3905 898 3970; x_wconf 82' lang='lat' dir='ltr'><strong>praeclaram</strong></span> <span class='ocrx_word' id='word_1_491' title='bbox 923 3900 1026 3964; x_wconf 84' lang='lat' dir='ltr'><strong>statui,</strong></span> <span class='ocrx_word' id='word_1_492' title='bbox 1048 3910 1108 3968; x_wconf 73' lang='lat' dir='ltr'><strong>mea</strong></span> 
     </span>
     <span class='ocr_line' id='line_1_53' title="bbox 81 3964 1108 4043; baseline -0.013 -16"><span class='ocrx_word' id='word_1_493' title='bbox 81 3972 198 4027; x_wconf 73' lang='lat' dir='ltr'><strong>amenio</strong></span> <span class='ocrx_word' id='word_1_494' title='bbox 217 3964 285 4024; x_wconf 77' lang='lat' dir='ltr'><strong>vidi</strong></span> <span class='ocrx_word' id='word_1_495' title='bbox 298 3974 361 4024; x_wconf 80' lang='lat' dir='ltr'><strong>Uita</strong></span> <span class='ocrx_word' id='word_1_496' title='bbox 380 3975 487 4040; x_wconf 81' lang='lat' dir='ltr'><strong>virum,</strong></span> <span class='ocrx_word' id='word_1_497' title='bbox 510 3991 614 4042; x_wconf 83' lang='lat' dir='ltr'><strong>poenas</strong></span> <span class='ocrx_word' id='word_1_498' title='bbox 633 3976 750 4027; x_wconf 86' lang='lat' dir='ltr'><strong>inimico</strong></span> <span class='ocrx_word' id='word_1_499' title='bbox 769 3989 786 4023; x_wconf 84' lang='lat' dir='ltr'><strong>a</strong></span> <span class='ocrx_word' id='word_1_500' title='bbox 798 3972 892 4041; x_wconf 82' lang='lat' dir='ltr'><strong>jratre</strong></span> <span class='ocrx_word' id='word_1_501' title='bbox 911 3969 1013 4035; x_wconf 83' lang='lat' dir='ltr'><strong>recepi,</strong></span> <span class='ocrx_word' id='word_1_502' title='bbox 1029 3964 1108 4043; x_wconf 61' lang='lat' dir='ltr'><strong>Felici</strong></span> 
     </span>
     <span class='ocr_line' id='line_1_54' title="bbox 82 4037 1111 4113; baseline -0.014 -17"><span class='ocrx_word' id='word_1_503' title='bbox 82 4043 141 4103; x_wconf 70' lang='lat' dir='ltr'><strong>hert</strong></span> <span class='ocrx_word' id='word_1_504' title='bbox 159 4044 282 4097; x_wconf 86' lang='lat' dir='ltr'><strong>nimium</strong></span> <span class='ocrx_word' id='word_1_505' title='bbox 295 4043 372 4113; x_wconf 71' lang='lat' dir='ltr'><strong>felia</strong></span> <span class='ocrx_word' id='word_1_506' title='bbox 398 4045 425 4095; x_wconf 83' lang='lat' dir='ltr'><strong>si</strong></span> <span class='ocrx_word' id='word_1_507' title='bbox 444 4045 528 4096; x_wconf 86' lang='lat' dir='ltr'><strong>litora</strong></span> <span class='ocrx_word' id='word_1_508' title='bbox 548 4056 671 4109; x_wconf 83' lang='lat' dir='ltr'><strong>tuntum,</strong></span> <span class='ocrx_word' id='word_1_509' title='bbox 694 4041 848 4109; x_wconf 84' lang='lat' dir='ltr'><strong>Nunquam</strong></span> <span class='ocrx_word' id='word_1_510' title='bbox 866 4037 1034 4090; x_wconf 75' lang='lat' dir='ltr'><strong>Dardaniae</strong></span> <span class='ocrx_word' id='word_1_511' title='bbox 1052 4046 1111 4084; x_wconf 80' lang='lat' dir='ltr'><strong>tet:-</strong></span> 
     </span>
    </p>
   </div>
   <div class='ocr_carea' id='block_1_12' title="bbox 0 0 1237 4500">
    <p class='ocr_par' dir='ltr' id='par_1_14' title="bbox 0 0 1237 4500">
     <span class='ocr_line' id='line_1_55' title="bbox 0 0 1237 4500; baseline 0 0"><span class='ocrx_word' id='word_1_512' title='bbox 0 0 1237 4500; x_wconf 95' lang='lat' dir='ltr'><strong> </strong></span> 
     </span>
    </p>
   </div>
  </div>
 </body>
</html>
