2454 4500
94 337 158 412 tu
351 272 498 443 sauvlt'
513 326 876 402 COMMENTARIUS
966 337 970 345 ’

93 518 186 590 sapite
202 515 356 572 sacrificans
373 516 558 582 convertisset,
574 516 680 569 Nautes
697 515 811 585 quddam
827 515 1034 593 acceplt'simul

96 589 175 642 Unde
192 587 334 643 Minervae
350 602 429 637 sacra
445 601 502 636 non
518 586 587 636 lulia
605 601 671 653 gens
688 585 795 650 habuit,
811 585 863 636 sed
875 587 1031 646 Nautartun

96 655 222 709 nonnulli
240 666 350 707 nautor.
363 654 457 705 Burm.
471 653 616 722 Nautior.)
650 652 721 718 Hinc
739 660 781 706 est
795 653 866 705 illud
882 654 914 713 in
931 656 1026 723 quimo

98 725 191 800 [Tum
221 725 317 775 senior
340 718 482 789 Nautes,]
506 722 600 776 Unum
627 721 758 783 Tritonia
784 720 885 775 Pallas
909 720 1000 795 Quem
1027 744 1034 774 a

100 794 266 871 Quanquam
287 790 334 850 alii
358 791 465 859 dicant,
487 791 667 848 simulacrum
689 791 743 843 hoc
760 807 778 843 a
795 790 928 847 Troianis
945 793 1034 845 abacos

97 863 181 915 fuisse
198 861 272 920 intra
288 867 442 917 extructum
464 861 616 934 parietem,
659 867 786 926 ostquam
809 862 1034 931 agtrnkuntae,''l

99 948 158 983 esse
184 928 353 995 perituram:
377 927 451 995 qriod
474 936 569 998 postea
592 878 665 980 hellb
682 927 875 983 Mithridatico
893 929 996 988 dicititr
1009 930 1034 981 Fi

99 998 213 1066 quidam
229 997 371 1054 Romanus
387 999 529 1049 inventum
544 997 693 1052 indicasse:
719 996 794 1076 quod
810 997 936 1051 Romam
959 1005 1034 1053 constr

99 1075 217 1119 vectum.
250 1066 287 1115 Et
303 1080 368 1117 oiim
383 1081 547 1134 responsum
563 1066 672 1130 luisset,
693 1065 749 1117 ilbc
771 1064 928 1135 imparium
944 1067 1018 1131 fore,

99 1135 265 1204 palladiun1;
295 1133 418 1193 adhibito
441 1133 582 1192 Mamurio
605 1134 701 1198 fabro,
730 1134 818 1191 multa
839 1134 946 1191 similia
968 1136 1034 1193 facts

99 1205 288 1263 Veruntamen
311 1202 467 1268 agnoscitur
490 1202 585 1257 hastae
613 1203 812 1270 oculorumque
844 1203 1008 1261 mobilitate.

100 1280 157 1336 est,
180 1271 248 1339 [Vis
272 1273 396 1338 positum
421 1275 523 1327 castris
548 1271 735 1325 simulacrum
760 1289 855 1329 arsere
881 1289 1034 1325 corruscat⁴

101 1330 350 1408 uibus'flammae.
386 1339 449 1390 Vel:
472 1341 657 1408 Parmamque
681 1339 807 1405 ferens,]
831 1339 996 1408 hastamque
1016 1351 1034 1391 u

100 1421 162 1463 tem.
199 1408 252 1468 bed
275 1407 311 1458 ab
335 1424 390 1458 una
412 1415 522 1463 tantum
544 1408 685 1460 sacerdote
708 1408 890 1476 [agnoscitur]
912 1409 983 1479 (visa
1005 1416 1034 1461 est

100 1477 229 1529 Lucanus
247 1481 282 1544 (1,
295 1475 378 1539 598.):
398 1475 554 1531 Troianam
573 1478 629 1533 sali
647 1477 758 1545 caifas
777 1477 868 1542 (codd.
884 1476 979 1535 Binan
998 1476 1034 1531 Gu

94 1552 130 1601 'et
146 1545 216 1597 Dan.
235 1544 347 1615 cui-sas
362 1546 432 1606 soli)
450 1547 556 1599 vidisse
569 1545 737 1601 Minervam.
773 1545 880 1599 Dicunt
895 1563 961 1603 sane
976 1546 1027 1610 alii,

100 1613 280 1679 simulacrum
304 1612 380 1663 coelo
403 1613 512 1682 lapsum
535 1614 619 1681 (qnod
635 1615 756 1668 nubibus
771 1615 785 1648 't
802 1615 945 1669 adfectum
962 1616 1034 1682 (adiu

100 1682 132 1735 in
149 1690 234 1749 ponte
251 1681 416 1753 depositum)
434 1683 507 1752 apud
525 1682 646 1740 Athenas
662 1682 772 1737 tantum
787 1683 887 1749 fuisse,
904 1683 991 1751 (trude
1007 1691 1031 1736 et

102 1749 194 1821 ριστὴς
210 1751 283 1807 dicta
300 1756 349 1801 est.
382 1751 423 1801 Ex
439 1766 494 1821 qua
511 1749 597 1804 etiam
614 1766 696 1811 causa
710 1750 893 1819 Pontificasa
910 1765 991 1818 pause
1003 1769 1034 1803 su

102 1821 151 1889 qui
174 1821 280 1895 primus
297 1817 378 1870 Tibri
401 1820 543 1888 impositus
568 1826 623 1883 est,
647 1820 797 1888 appellatos
813 1819 943 1886 trudunt,
966 1821 1031 1873 sicut

100 1905 167 1945 rum
183 1888 307 1947 carmina
323 1887 480 1954 loquuntur.
515 1885 568 1943 Sed
591 1887 645 1940 hoc
661 1887 829 1947 Atheniense
845 1889 999 1951 Palladium
1020 1908 1034 1943 a

100 1957 177 2012 ribus
195 1956 322 2011 Troianis
338 1956 421 2011 Ilium
437 1956 621 2018 translatum.)
655 1957 709 2013 Alii
726 1955 811 2024 (vero)
828 1956 885 2013 duo
902 1958 1006 2012 volunt:
1025 1957 1034 2009 l

124 2042 158 2075 uo
175 2024 306 2090 diximus,
331 2032 359 2076 et
374 2022 442 2075 illud
458 2024 633 2082 Atheniense.
667 2026 743 2092 (Alii,
767 2040 832 2076 cum
855 2026 893 2084 ab
910 2028 950 2082 llo
972 2028 1034 2079 lliun

102 2042 234 2158 deretur,
255 2093 309 2143 hoc
326 2092 481 2151 Troianum
498 2093 575 2148 coela
598 2093 706 2162 lapsum
728 2093 830 2147 dicunt
870 2096 926 2149 Alii
949 2095 1031 2151 multe

100 2160 239 2226 Palladia,
262 2160 310 2212 sed
327 2161 379 2210 hoc
398 2178 414 2211 a
431 2161 567 2213 Diomede
585 2170 614 2213 et
630 2161 705 2213 Ulixe
719 2163 796 2228 =furto
813 2162 939 2219 ablatum
950 2164 1034 2221 ,tradu

102 2235 163 2287 167.
182 2230 296 2281 Sacram
315 2228 456 2297 effigiem,⁸
482 2229 559 2298 quasi
582 2229 640 2299 [dc]
657 2230 735 2287 coelo
751 2229 871 2300 lapsam.
907 2234 959 2300 (Et
981 2241 1032 2284 tres

102 2314 148 2352 res
166 2299 245 2359 dixit,
269 2315 355 2366 quare
372 2314 477 2355 numen
499 2298 680 2363 irasceretur,
702 2299 776 2365 quod
793 2300 934 2354 Antistites
950 2300 1033 2363 caesi,

102 2367 224 2421 cruentis
241 2365 432 2426 mundanal-
467 2372 527 2423 169.
544 2367 587 2419 Ex
606 2369 673 2434 illo,-
691 2368 773 2432 iacto,
790 2368 831 2418 vel
848 2377 985 2439 tempore.
1015 2368 1034 2425 F

102 2432 220 2498 [delabi;
245 2435 289 2498 et]
314 2443 353 2485 est
375 2430 431 2486 τῶν
453 2438 549 2502 μέσων.
589 2435 663 2486 Nam
686 2435 749 2487 ideo
773 2436 879 2489 addidit
903 2450 982 2495 retro.
1027 2439 1034 2487 t

101 2501 255 2557 Sallustius:
277 2503 372 2555 Rebus
397 2522 484 2573 supra
509 2517 572 2559 vota
590 2505 761 2574 fluentibus.
786 2531 822 2543 ·—
857 2512 920 2563 170,
942 2508 1034 2558 Aversa

104 2589 197 2634 mens;
221 2571 438 2688 proeter‘illud,
461 2571 653 2639 Manliusque
678 2574 809 2624 cruentis.
829 2599 865 2612 -
901 2583 962 2632 171.
986 2574 1033 2628 Tri

103 2639 153 2707 (ait
168 2642 181 2671 *
198 2656 223 2708 q.
249 2640 276 2690 in
291 2657 322 2690 er
344 2640 446 2693 nubilis
470 2635 525 2693 oirro'
543 2636 576 2693 rd
600 2637 789 2707 *deneardum
813 2641 833 2696 i.
855 2642 975 2711 timore,
996 2651 1034 2699 aul

104 2709 190 2776 quasi
214 2709 365 2773 terribilis,
389 2704 444 2762 ἀπὸ
466 2707 515 2762 τοῦ
537 2711 628 2777 τρεῖν,
654 2712 672 2760 ι’.
692 2728 713 2765 ι.
740 2714 852 2775 timere,
876 2713 944 2773 aut)
968 2712 1034 2780 [n'I

103 2793 186 2830 amne
203 2776 343 2840 Boeotiae,
361 2785 408 2828 aut
425 2797 441 2829 a
459 2779 604 2831 Tritonide
621 2779 719 2847 palude
736 2779 861 2844 Africae,
877 2780 954 2833 iuxta
970 2797 1034 2851 quau

102 2843 222 2908 dicitur,]
232 2845 384 2898 secundum
390 2847 535 2900 Lucanum
543 2850 577 2920 (9,
586 2848 672 2909 354)ss
690 2847 724 2895 Et
737 2865 766 2896 se
774 2848 862 2912 (codd.
870 2847 968 2900 Burm.
982 2851 1017 2911 si)
1030 2872 1034 2899 ι

105 2913 257 2967 Tritonida
280 2915 354 2963 dixit
378 2916 411 2969 ab
438 2916 524 2967 unda.
572 2915 642 2966 Sane
669 2915 801 2969 Tritonia
825 2917 1034 2975 Autonomasivu

103 2982 131 3051 [i.
150 3000 173 3033 e.
190 2981 247 3032 vice
264 2981 383 3033 nominis
399 2985 512 3051 partitur
518 2981 544 3049 ,]
569 2984 633 3052 uitia
656 2983 803 3053 proprium
821 2992 861 3035 est
876 2985 1027 3045 Μὶηετνειο.

103 3051 227 3119 epitheta
243 3059 307 3102 sunt
323 3067 393 3118 quae
417 3052 497 3104 variis
515 3061 628 3122 possunt
649 3053 692 3108 vel
714 3054 837 3123 personis
853 3054 898 3111 vel
918 3055 1001 3107 rebus
1023 3070 1034 3107 a

102 3118 140 3169 Et
155 3119 224 3171 hacc
241 3127 321 3170 caute
339 3120 506 3175 observanda
530 3127 607 3185 sunt,
629 3120 699 3173 sicut
723 3129 751 3172 et
773 3120 887 3197 propria
911 3122 1034 3175 nomina:

122 3187 267 3255 letumque
285 3204 317 3239 ex
334 3188 499 3258 appellativis
516 3196 591 3242 sunt:
615 3196 645 3241 ut
662 3196 703 3240 est
719 3191 823 3254 victor,
846 3189 889 3242 vel
901 3191 988 3258 felia,
1003 3216 1034 3233 -

101 3204 178 3320 l't'x3
203 3256 287 3307 modo
311 3273 374 3308 mcx
397 3258 551 3326 [significat
587 3256 712 3319 Castris5
735 3274 786 3327 pro
812 3258 842 3310 in
866 3260 973 3312 castris.
1013 3261 1034 3313 St

105 3342 201 3387 crum,·
225 3324 298 3376 inter
320 3335 493 3377 consecratas
509 3342 568 3388 res,
591 3326 609 3384 i,
626 3344 650 3378 e.
675 3327 756 3378 aedes
778 3342 874 3378 aeroas
900 3328 1027 3394 (sacras),

103 3392 250 3445 simulacra
278 3394 432 3463 accipiunt,
461 3394 535 3469 quod
557 3392 588 3446 in
611 3393 745 3445 Bucolicis
769 3399 817 3461 (7,
841 3393 904 3455 31.)
927 3398 1034 3464 scriptu

104 3459 156 3513 Hic
180 3477 247 3526 crgo
270 3461 330 3530 ipso
353 3462 466 3513 nomine
488 3461 645 3527 simulacri,
666 3463 905 3516 consecrationem
928 3465 987 3517 eius
1010 3481 1034 3517 ot

103 3528 165 3597 quis
182 3530 257 3585 enim
273 3530 384 3596 ignorat
399 3528 549 3589 Palladium
571 3531 750 3589 simulacrum
766 3528 910 3582 Minervae
934 3533 1012 3586 esse?
1031 3552 1034 3583 t

104 3603 200 3651 autern
217 3613 325 3647 sacrum
339 3599 437 3661 fuerit,
459 3597 524 3651 hino
551 3599 644 3665 docet,
667 3599 740 3666 quod
757 3598 810 3655 ait:
834 3596 894 3653 Neo
912 3601 1010 3655 dubiis
1025 3619 1034 3653 e

104 3680 174 3733 qna,
191 3671 222 3715 ut
239 3672 385 3735 appareat,
402 3673 430 3721 et
447 3669 522 3733 (etsi)
538 3665 599 3721 loco
617 3675 739 3732 motum,
763 3669 821 3722 vim
837 3674 937 3721 umen
953 3687 1034 3723 conse

104 3732 147 3788 nis
171 3731 323 3796 habuisse.)
364 3734 478 3798 Arcera,¹
504 3734 680 3791 subaudimus
704 3737 791 3801 Ciam,
815 3742 845 3785 ut
867 3737 920 3802 sit,
944 3756 1009 3793 cum
1030 3758 1034 3792 t

106 3800 262 3866 Cerussata,
286 3817 433 3863 coriscum
449 3803 515 3858 alias
539 3803 661 3870 fulgens,
684 3804 750 3859 alias
766 3804 921 3860 tremulum
939 3815 986 3860 est
1003 3834 1034 3845 -

104 3866 426 3991 Luminibusbflammae
445 3874 576 3935 arrectis3
594 3872 737 3941 hypallage
755 3880 809 3935 est,
824 3873 932 3927 lumina
949 3877 1024 3928 enim

105 3937 247 4003 flammis]
299 3940 378 3993 alsus
403 3940 507 4005 sudor3
540 3938 612 3992 hene
637 3940 742 3993 addidit
765 3942 875 4005 salsus,
907 3951 940 3994 ut
968 3944 1034 4012 signi

104 4006 231 4061 laborem
248 4007 386 4073 sutanum,
409 4007 469 4074 (vel
484 4006 578 4069 certe)
611 4007 745 4064 indicium
762 4010 897 4065 commoti
912 4014 1034 4070 numinis

105 4071 239 4141 diciturt]
255 4091 291 4131 ne
307 4074 379 4135 torte
395 4076 465 4133 alter
481 4076 512 4131 in
528 4075 581 4134 sim
628 4091 676 4127 cro
693 4076 831 4153 [quilibet]
848 4078 952 4133 humor
967 4080 1034 4136 intel
