2454 4500
195 142 202 167 Ι

181 301 216 341 a
238 277 697 343 numunianum.
721 260 792 356 vn,
816 284 1005 350 rso-206.
1047 224 1113 351 au
1170 262 1175 279 '

72 472 170 517 eutem
188 481 219 516 ex
236 478 355 532 persona
372 478 421 517 sua
436 462 510 528 dixit,
565 463 637 517 alem
650 469 745 533 postea
803 462 1005 519 'intsshabuit¹
1035 464 1109 521 Nam

70 543 139 585 tunc
156 533 246 585 adhuc
263 547 319 583 non
334 533 428 595 fuerat
444 531 539 582 Romu
550 549 588 582 us.
623 531 672 584 vel
688 533 840 598 lituum,‚i.
859 552 882 586 e.
899 536 1009 604 regium
1026 535 1110 589 bacu-

67 602 146 667 lum,
167 601 197 652 in
214 616 269 668 quo
292 607 412 670 potestas
434 609 506 653 esset
528 601 749 652 dirimendarum
770 599 869 652 litium.
886 629 921 640 -
961 609 1022 661 188.
1038 604 1107 654 Suc.

50 672 184 725 .cinctus
201 671 313 729 trahea3
336 675 402 736 toga
419 676 460 720 est
477 684 615 736 augsuum
632 669 667 721 de
683 682 766 720 cocco
783 676 812 720 et
826 687 958 741 purpura.
991 672 1106 736 Anaia,-

67 736 291 790 scutum‘hreve.
324 736 471 803 Regnante
488 738 581 789 Numa
598 736 674 789 coelo
697 736 856 789 huiusmodi
872 747 980 790 scutum
996 740 1107 809 lapsum

70 814 129 871 est,
153 814 181 860 et
196 806 261 857 datu
277 819 407 874 response
423 811 502 869 crint,
525 804 580 856 illic
598 805 658 857 fore
675 820 815 855 summam
830 805 958 873 imperii,
974 808 1022 859 ubi
1038 808 1107 861 illud

69 881 150 928 esset.
185 873 265 942 Quod
282 890 318 925 ne
335 872 505 942 [aliquando]
522 879 613 942 posset
629 872 748 937 auferri,
765 872 807 924 vel
822 873 858 924 ab
874 875 952 929 hoste
969 877 1106 944 cognosci,

68 959 123 1011 per
139 941 314 994 Mamurium
330 940 442 993 fabrum
459 941 546 992 multa
562 940 663 991 similia
680 941 822 992 fecerunt:
839 943 884 992 cui
902 952 930 995 et
946 943 1020 996 diem
1037 960 1106 997 con-

66 1018 223 1074 secrarunt,
239 1024 293 1076 quo
310 1009 411 1079 pellem
429 1008 579 1076 (peitaml)
596 1007 679 1077 virgis
695 1008 799 1060 feriunt
814 1009 849 1062 ad
866 1011 933 1063 artis
950 1012 1106 1065 similitudi-

65 1096 160 1137 nem„
178 1077 301 1129 Dicimus
324 1084 419 1130 autem
442 1077 493 1128 hoc
517 1077 623 1144 ancile,
645 1084 674 1129 et
690 1076 759 1128 haec
774 1079 892 1131 ancilia.
925 1080 1103 1133 dociliorum

66 1163 135 1200 vero
152 1145 436 1215 usrupmitHoratius
452 1142 545 1199 'diceus
562 1138 665 1212 (Cum.
683 1153 715 1210 3,
732 1144 781 1206 5.):
804 1147 983 1199 Anciliorum
1009 1162 1035 1201 es
1052 1167 1102 1202 na.

67 1218 159 1271 minis
177 1228 202 1266 et
218 1227 299 1281 togas
318 1215 430 1264 oblitus.
448 1214 566 1280 Ι((ἰιιιΠ.
582 1215 603 1265 L
627 1208 703 1266 addit
732 1213 877 1280 Quomodo
901 1232 1013 1284 amore,
1036 1234 1103 1271 cum

54 1282 195 1337 laeserit?
228 1281 358 1334 Solvitur:
383 1281 488 1332 ,Utrum
511 1281 671 1350 diasyrtica,
694 1298 797 1332 saevus
818 1299 899 1336 amor
926 1285 1032 1350 docuit;
1063 1305 1102 1340 an

63 1369 165 1406 amore
182 1366 238 1419 quo
253 1350 394 1401 tithonum
411 1365 512 1402 aurora
528 1348 559 1402 in
573 1350 698 1403 cicadam
716 1366 749 1403 ex
764 1349 878 1404 homine
895 1362 1022 1406 movetur
1035 1356 1103 1409 effe·

63 1421 125 1482 eit.)
157 1420 281 1488 [Septem
303 1418 418 1479 fuerunt
441 1418 521 1484 paria
545 1417 592 1485 (L.
608 1418 644 1470 R.
661 1419 718 1486 per)
736 1434 806 1486 qrsae
829 1420 982 1489 imperium
998 1422 1102 1477 Roma·
1183 1484 1186 1491 ¹

63 1506 142 1555 num,
153 1494 293 1540 tenerent:
313 1487 380 1536 Acus
397 1488 495 1538 matris
512 1486 611 1552 desim,
627 1486 730 1554 Quadri
751 1503 768 1536 a
784 1486 872 1540 fictilis
890 1488 1102 1557 Vei[ent]orum,
1192 1516 1205 1557 ².

63 1558 175 1610 cineam
193 1555 313 1619 Orestis,
329 1562 469 1621 sceptrum
485 1554 602 1618 Priami,
626 1554 718 1607 velum
758 1553 850 1623 ‘onae,
866 1556 1036 1627 Palladium,
1052 1579 1102 1613 an-

63 1623 151 1689 cilia]
167 1650 202 1662 -
237 1629 298 1681 190.
315 1622 408 1673 Aurea
433 1625 554 1688 conius;
578 1638 646 1691 nam
670 1623 751 1675 aliter
774 1637 832 1674 non
854 1633 908 1677 stat
929 1642 1029 1679 versus.
1064 1628 1102 1681 Et

64 1711 156 1746 arares
173 1711 224 1763 per
239 1691 365 1743 ironiam
382 1691 455 1742 dixit.
493 1690 605 1742 Oenius
621 1706 702 1755 vero,
717 1706 774 1743 non
791 1706 863 1758 quae
880 1701 948 1759 erat,
963 1695 1013 1747 sed
1029 1710 1101 1763 quae
1128 1756 1131 1761 y

62 1780 124 1816 esse
142 1761 285 1828 cupiebat:
309 1766 341 1809 ut
357 1761 398 1825 (4,
415 1759 485 1821 53.):
511 1758 590 1825 Quos
608 1776 657 1827 ego
677 1761 732 1809 sim
750 1761 852 1811 totiens
871 1762 928 1813 iam
947 1763 1100 1831 dedignata

17 1876 20 1881 .
63 1832 194 1882 maritos.
228 1827 332 1880 Fabula
354 1826 415 1878 talis
441 1834 497 1879 est:
520 1828 616 1878 Picum
643 1827 744 1879 amavit
758 1825 883 1880 Pomona
905 1832 945 1898 (V.
963 1830 1099 1895 Pomona)

61 1901 118 1952 dea
139 1913 304 1969 pomorum,
335 1901 364 1948 et
387 1895 446 1946 eius
468 1895 581 1947 volentis
605 1903 646 1947 est
668 1895 765 1945 sortita
787 1895 956 1966 coniugium.
1002 1901 1101 1955 Postea

63 1968 148 2020 Circe
170 1981 235 2017 cum
260 1981 325 2017 eum
348 1970 471 2026 amaret,
503 1975 531 2015 et
551 1971 745 2033 sperneretur,
775 1962 847 2016 irata
877 1982 943 2018 eum
967 1968 998 2021 iu
1019 1986 1100 2023 avem

60 2037 160 2108 picum
182 2035 320 2085 Martium
343 2031 485 2085 convertit
527 2032 601 2089 Nam
630 2031 718 2083 altera
740 2038 782 2084 est
804 2032 875 2102 pica.
915 2036 974 2086 Hoc
1004 2030 1100 2097 autem

61 2106 128 2158 ideo
145 2101 274 2171 fingitur,
291 2099 357 2169 quia
373 2114 463 2165 augur
480 2098 544 2151 fuit:
569 2107 597 2152 et
613 2099 689 2152 domi
705 2098 804 2150 hahuit
819 2100 928 2171 picum,
944 2120 996 2172 per
1012 2123 1099 2176 quem

61 2175 159 2227 {utura
181 2170 325 2223 noscebat:
348 2168 426 2236 quod
448 2166 620 2221 Pontificales
646 2167 770 2220 indicant
791 2167 864 2221 iibri.
904 2172 980 2227 Bene
1002 2182 1099 2229 eutem

60 2257 148 2308 supra
170 2238 235 2291 huic
258 2238 359 2289 lituum
382 2234 477 2288 dedita
498 2236 572 2304 quod
598 2244 642 2289 est
663 2236 801 2305 augurum
824 2240 978 2306 propriiun.
1024 2244 1099 2296 Nam

62 2309 155 2363 ancile
172 2315 200 2360 et
216 2307 314 2359 trabea
329 2303 490 2356 communia
506 2312 570 2355 sunt
587 2321 652 2358 cum
664 2304 738 2356 Diali
748 2305 797 2356 ¹uel
807 2305 930 2361 Martiali
938 2302 1098 2366 ‘sacerdota

60 2382 97 2419 -“-
135 2370 195 2435 194.
221 2375 334 2427 Placido
358 2375 440 2441 prior
463 2372 551 2423 edidis
576 2391 638 2436 ore;
662 2373 734 2426 bene
753 2374 879 2453 placido.
926 2376 1098 2448 Legatorum

38 2445 142 2501 ‚enim
164 2447 270 2510 iuerat,
292 2449 324 2493 ut
345 2440 399 2511 ipsi
423 2448 489 2493 ante
512 2440 699 2511 loquerentur.
732 2439 777 2493 Sic
800 2442 831 2493 in
853 2446 974 2497 secundo
997 2449 1099 2515 (279.):

64 2515 145 2568 Ultra
165 2514 242 2583 flens
269 2514 327 2579 ipse
351 2510 470 2560 videbat.
494 2536 528 2564 ·.-
564 2516 624 2568 195.
648 2510 744 2562 Dicite
767 2508 971 2580 Dardanidae,·
994 2524 1042 2568 aut
1066 2534 1098 2571 ex

59 2591 136 2639 vaste
161 2597 207 2634 eos
230 2578 365 2631 Troianos
389 2594 446 2629 esse
470 2578 625 2644 cognoscit,
654 2594 724 2646 qliae
750 2587 812 2630 erat
833 2582 947 2649 proprie
970 2584 1097 2650 gentium

59 2651 244 2720 singularum.
277 2650 331 2698 Aut
347 2645 418 2698 nard
433 2639 465 2699 τδ
484 2642 657 2713 σιωπώμενον
679 2645 857 2714 intelligimus
879 2649 1003 2719 famam,
1025 2669 1097 2725 quaa

60 2737 111 2775 eos
141 2718 236 2771 venire
267 2716 454 2781 nuntiaverat,
486 2714 604 2766 eandem
636 2714 722 2766 etiam
745 2713 882 2767 Troianos
910 2721 1098 2783 essedixisse.

59 2789 141 2842 Unde
162 2786 263 2838 infert:
285 2785 436 2851 Auditique
461 2782 608 2834 advertitis
632 2798 752 2849 aequore
776 2798 877 2834 cursus
900 2788 940 2854 (V.
966 2803 1098 2852 cursum

58 2856 143 2910 Basil.
164 2854 301 2915 classem).
336 2852 524 2903 Dardanidae
541 2859 650 2915 autem,
672 2866 705 2902 ac
722 2850 746 2900 si
763 2850 870 2903 diceret
887 2872 903 2905 o
922 2858 1044 2922 cognati.
1059 2885 1096 2898 -

59 2932 125 2987 198.
145 2923 224 2973 Vada
244 2922 356 2973 caerula
366 2943 375 2983 ,·
394 2919 539 2970 caerulum
556 2927 597 2971 est
612 2918 699 2975 viride
715 2933 780 2968 cum
796 2919 886 2988 nigro,
903 2930 934 2972 ut
949 2931 991 2976 est
1007 2939 1096 2983 mare.

19 3004 22 3009 ·
60 2999 124 3055 199.
143 2993 245 3044 Errore
263 2992 326 3042 viae
344 3005 393 3039 seu
411 2989 620 3055 tempestatibus
637 2988 711 3051 acti;
738 2987 792 3038 duo
810 2989 934 3056 quaerit:
957 2993 981 3043 si
1003 2994 1097 3047 volun.

59 3071 120 3116 tate
137 3060 260 3125 venistis,
276 3058 342 3126 quid
358 3054 468 3125 petitis?
499 3055 527 3107 Si
543 3055 720 3119 necessitate,
735 3062 885 3123 tempestas
901 3075 947 3110 vos
964 3075 999 3112 an
1018 3079 1106 3117 error-

59 3127 186 3185 advexit?
211 3153 245 3165 ·-
279 3133 341 3185 200.
360 3124 467 3192 Qualia
494 3125 599 3187 multa3
621 3124 656 3176 ad
679 3124 733 3175 duo
755 3128 889 3195 respexit:
913 3145 1040 3181 errorem
1066 3138 1097 3183 et

59 3197 266 3255 necessitatem.
289 3220 324 3232 ·-
364 3201 426 3252 201.
450 3191 588 3261 Porsuqua
611 3193 728 3254 sedetis,
751 3200 817 3245 ante
839 3194 916 3247 enim
938 3212 990 3266 pro
1011 3206 1095 3265 portu

60 3274 126 3322 erat
140 3266 196 3319 illic
213 3266 298 3318 exitus
315 3262 447 3314 fluminis.
463 3288 499 3299 —
534 3268 595 3319 202.
613 3260 656 3313 Ne
667 3261 765 3331 fugite
777 3267 844 3320 etc.;
861 3280 897 3316 ne
911 3264 1041 3333 ¹fugiatis,
1056 3284 1094 3319 ne

57 3335 203 3406 ignoretis.
216 3361 251 3371 --
284 3338 346 3390 203.
364 3332 483 3382 Saturni
498 3343 605 3398 gentem
611 3354 621 3394 ‚·
637 3329 696 3382 laus
712 3329 830 3398 genens.
845 3355 879 3369 -
901 3336 976 3389 '204
993 3332 1095 3400 Sponte

60 3424 118 3458 sua
143 3410 210 3466 etc.;
240 3401 402 3453 Xenocratis
433 3406 473 3452 ast
501 3400 569 3460 hoc,
597 3399 646 3466 qui
677 3414 742 3449 cum
771 3398 878 3465 primus
900 3399 1095 3470 Philosophiae

59 3471 186 3527 scholam
210 3469 375 3539 aperuisset,
404 3467 478 3536 quod
505 3474 587 3519 antea
613 3467 643 3518 in
670 3466 823 3536 porticibus
853 3467 887 3520 de
917 3467 1094 3543 Philosophia

57 3546 242 3603 necaretur,
259 3545 286 3589 et
302 3537 486 3604 interrogatus
504 3542 587 3596 esset,
610 3534 680 3603 quid
693 3542 833 3602 praestare
848 3542 941 3602 posset
955 3536 1095 3610 discipulis

58 3605 130 3665 siris:
146 3606 302 3677 respondit:
321 3616 354 3654 ut
372 3606 401 3655 id
419 3604 547 3655 homines
564 3603 707 3654 voluntate
718 3603 849 3671 faciant,
866 3603 941 3670 quod
958 3606 1014 3659 alii
1030 3612 1094 3669 iure

60 3689 213 3748 eoguntur.
253 3674 371 3734 Veteris3
394 3673 514 3739 antiqui:
536 3671 609 3725 acsi
626 3671 746 3737 diceret,
768 3671 848 3724 aurei
863 3671 948 3724 seculi
970 3673 1093 3745 imagine

56 3749 182 3801 vivimus.
200 3770 235 3781 -
268 3749 329 3800 205.
346 3742 435 3791 Fama
454 3751 495 3791 est
512 3741 659 3793 obscurior
675 3742 778 3804 annis,·
804 3756 838 3801 ao
861 3738 884 3791 si
900 3739 1019 3796 diceret:
1040 3744 1095 3798 nisi

39 3822 146 3879 “essem
169 3814 226 3863 iam
243 3828 289 3862 vos
305 3810 419 3862 sciretis.
438 3834 472 3846 -
507 3815 568 3868 206.
586 3808 736 3860 Auruncos
756 3810 795 3859 ita
807 3808 886 3878 serre
903 3825 998 3873 senes3
1020 3808 1095 3884 apud

58 3892 169 3938 veteres
185 3879 317 3932 historiae
333 3879 387 3930 hoc
404 3893 489 3945 genus
504 3877 572 3942 fuit,
595 3883 627 3927 ut
642 3876 760 3929 maiores
777 3884 845 3929 natu
860 3883 986 3932 anteacta
1001 3889 1095 3951 posta-

59 3954 101 4009 rie
118 3950 289 4011 indicarent;
313 3946 386 4015 quod
403 3945 449 3997 hic
465 3945 570 3997 indicat
590 3943 673 3995 locus.
710 3944 837 3996 Lucanus
861 3949 904 4011 (4,
921 3947 997 4011 592.)
1014 3967 1095 4020 aper-

58 4022 132 4085 tius,
156 4034 221 4070 cum
244 4018 315 4069 esset
337 4014 373 4070 de
389 4015 493 4067 Antaeo
517 4020 679 4067 narraturus
703 4013 755 4081 ¹ait:
780 4012 901 4082 Cognita
916 4031 966 4083 per
990 4019 1092 4071 multos

836 4129 893 4187 27⁹
