2454 4500
141 284 197 337 ,m
218 265 372 329 sucu..
395 248 564 327 usuum.
589 265 666 327 rm
689 266 729 338 v,
749 267 945 333 rso-791.
1002 265 1066 329 sss

38 449 163 503 nomine
185 448 261 501 euim
284 449 341 501 eius
363 450 454 501 luerat
475 448 567 501 civitas
591 447 732 518 appellato.
754 470 789 485 -
829 449 889 504 758.
913 444 1069 511 ludieitpus

34 518 160 586 forum3
182 516 200 567 i.
218 534 241 569 e.
257 524 366 584 tempus
390 517 527 568 stlocum
551 517 674 583 designat
698 515 868 583 agendorum
888 513 1070 579 negotiorum,

42 586 95 653 qui
112 592 262 637 conventus
279 592 387 635 vocatur
405 585 504 652 (Guelf.
522 585 542 634 l.
560 602 630 649 quoe
647 601 669 632 c.
688 583 851 644 vocantur).
892 580 999 631 Indicit
1022 594 1068 633 uu-

42 661 105 705 tem
122 652 239 703 verbum
255 652 320 703 iuris
339 659 392 715 cst,
416 660 443 703 et
460 668 509 718 per
526 654 578 703 hoc
601 659 742 719 potentem
759 650 814 701 vult
837 647 990 715 significare
1007 646 1070 698 ciri-

43 727 145 773 tatem.
179 718 215 769 Et
231 721 359 785 patribus
376 720 422 769 dat
441 722 505 770 iuro
524 725 645 782 vocaris,-
662 719 709 769 dut
722 717 856 768 condendi
871 717 937 766 iuris
955 722 1070 785 potcsta-
1095 780 1098 785 Ι

44 794 106 841 tcm
122 786 166 839 his
182 802 249 855 quos
266 788 447 857 oppilaretur
462 799 568 854 patres.-
593 795 640 839 aut
656 794 730 837 certe
746 783 846 835 vocatis
862 782 984 853 patribus
1007 783 1069 835 iura

44 853 196 905 distribuit.
228 853 265 905 Hi
288 866 396 917 sertem,
419 864 449 905 ut
472 855 611 907 Sallustius
634 854 715 903 dicit:
744 852 791 905 Vel
816 864 904 903 aetate
927 851 970 900 vel
988 865 1073 901 curas

46 916 239 975 similitudine
261 935 352 989 potres
370 924 503 989 appellati
526 936 600 974 suns.
633 922 779 971 Senatores
801 927 894 970 autem
919 919 967 969 alii
989 935 1006 969 a
1030 934 1071 970 se·

49 1002 130 1041 nesta
148 996 249 1041 aetam:
274 992 314 1057 [ut
330 991 430 1042 Gracci
447 993 582 1059 γερουσίαν
599 990 693 1040 dicunt
716 984 770 1039 cisso
787 984 836 1039 roi
853 985 967 1055 ylpmsp]
991 985 1035 1036 alii
1052 1003 1071 1039 ι

47 1058 170 1110 sinendo
194 1056 279 1108 dictos
303 1058 448 1127 accipiunt.
483 1059 537 1127 lpsi
561 1058 637 1111 enim
661 1058 761 1124 egendi
784 1056 943 1107 facultatem
970 1053 1072 1107 dabant

67 1130 100 1179 er'
123 1126 391 1185 senatusconsultum
413 1152 448 1164 ·-
481 1132 540 1183 759.
558 1127 690 1205 [Erycino
709 1127 740 1174 in
758 1127 875 1189 vertice,-
899 1122 976 1188 Eryx
992 1137 1071 1175 mom

46 1144 157 1245 licitiae
174 1208 255 1261 supra
271 1193 445 1271 Drepanum,
462 1193 511 1243 uhi
527 1197 580 1245 furt
595 1194 728 1259 templum
746 1192 856 1243 Veneris
872 1188 1026 1258 Erycinae]
1037 1215 1071 1229 ·-

46 1258 110 1319 760.
136 1259 259 1324 tenum
289 1276 406 1327 cyrinus.
449 1262 597 1322 Sacerdos3
621 1261 669 1312 alii
691 1261 727 1311 ad
750 1259 901 1323 tumulum,
925 1258 971 1309 alii
995 1273 1071 1309 serso
1149 1258 1152 1264 ’

47 1328 150 1379 ordina
167 1328 202 1378 ad
217 1328 354 1394 templum
370 1329 507 1380 referunt:
532 1338 562 1379 ut
578 1328 653 1378 lucus
676 1335 784 1379 tantsun
801 1327 906 1376 tumulo
924 1324 1002 1377 datur
1019 1327 1072 1378 Au·

46 1396 157 1449 clusae:
179 1402 211 1447 ut
233 1396 278 1461 [iu
294 1394 438 1459 Bucolicis]
455 1397 503 1463 (E.
521 1397 636 1459 5,40.):
660 1396 787 1446 luducite
806 1394 940 1462 fontibus
959 1394 1072 1444 umbros
1124 1392 1127 1397 ’

48 1462 187 1515 Pastores.
222 1462 344 1515 Nemora
368 1464 444 1515 enim
467 1464 600 1531 aptabant
623 1463 768 1531 sepulcris,
784 1463 830 1529 [ut
853 1462 882 1513 in
907 1462 1072 1513 amoenitate

49 1532 164 1585 animae
179 1531 271 1581 forent
286 1538 346 1598 post
361 1530 465 1596 vitam]
481 1558 515 1569 -
548 1536 607 1587 768.
631 1532 698 1580 Visa
717 1534 804 1580 moris
816 1530 925 1597 facies,
948 1537 979 1579 ut
994 1528 1073 1582 alibi:

48 1598 133 1651 Mene
152 1598 223 1649 salis
239 1599 346 1664 placidi
363 1600 479 1650 uultum.
513 1599 577 1651 Vult
592 1607 685 1650 autom
707 1598 770 1649 istos
787 1595 949 1665 aspectum]
966 1613 1073 1665 quoque

49 1667 139 1719 maris
160 1666 283 1718 horrere.
305 1690 337 1703 -
371 1672 431 1724 769.
454 1666 563 1734 Fugere,
586 1665 769 1733 profectionis.
787 1691 821 1703 -
854 1674 915 1722 772.
938 1664 1024 1730 Eryci
1047 1675 1073 1714 es

47 1735 276 1803 tempestatibus3
302 1734 372 1786 bene
396 1736 491 1785 iunxit.
527 1732 665 1784 Procelloe
688 1734 766 1787 enim
789 1741 837 1786 aut
854 1734 887 1784 de
904 1731 1072 1797 fluminibus,

10 1848 16 1857 .
48 1811 99 1855 aut
115 1802 151 1855 de
167 1801 306 1853 montibus
328 1802 411 1865 liunt,
436 1819 503 1869 quas
519 1806 675 1869 osprrror'os
692 1802 800 1865 dicunt,
822 1800 912 1868 [vulgo
928 1800 1071 1869 peripenas

10 1868 21 1887 ⁸
49 1870 142 1938 (labr.
165 1886 213 1935 per
236 1869 351 1935 pinnas)
374 1869 531 1936 appellant]
548 1898 581 1907 -
624 1878 686 1927 773.
703 1868 832 1936 Solvique
849 1886 882 1917 eo
900 1870 997 1919 ordine
1015 1867 1070 1917 Fu-

52 1956 119 2003 nes,-
147 1938 214 1989 ordo
232 1944 286 1999 est;
308 1937 385 1989 iubet
400 1939 514 1990 caedere
531 1954 563 1991 ox
580 1938 690 2003 ordine,
712 1937 730 1988 i.
746 1956 770 1989 e.
786 1938 839 1989 rite
856 1935 951 2005 peragi
973 1934 1074 1987 sacrifi·

50 2005 143 2059 cium:
160 2013 190 2059 st
204 2004 242 2055 sic
258 2004 324 2056 solvi
338 2006 449 2069 luuem;
466 2006 504 2057 sic
521 2006 550 2058 in
566 2005 684 2075 septimo
701 2004 795 2072 (139.):
818 2002 1020 2071 Phrygiamque
1038 2021 1071 2063 es

52 2076 153 2131 ordine
171 2085 284 2123 matrem
301 2073 431 2139 lnoocor,
446 2075 465 2124 i.
484 2093 508 2127 a.
525 2074 587 2126 rite.
620 2074 680 2140 [Vel
697 2110 704 2124 .
721 2110 728 2124 .
746 2110 752 2123 .
772 2110 779 2125 .
798 2074 811 2106 *
827 2072 948 2140 (Furem
966 2070 1070 2134 autam)

52 2158 108 2211 quo
124 2157 209 2195 naves
225 2140 383 2193 ulterram
400 2140 539 2210 ligonum]
550 2168 586 2179 -
617 2144 678 2198 774.
697 2140 806 2192 Tonsos
825 2143 930 2204 olivae,—
947 2148 1073 2211 comptae

52 2210 168 2265 minutis
188 2209 339 2261 frondibus.
355 2235 389 2247 -
422 2216 483 2268 775.
500 2210 600 2262 Procul
618 2212 649 2259 in
666 2226 749 2277 prora
756 2233 767 2274 ,·
790 2210 819 2261 in
842 2217 921 2276 parta
944 2216 1073 2261 extrema.

52 2302 93 2323 -.
120 2282 182 2335 780.
200 2276 224 2324 Ε
249 2277 330 2326 undis
345 2289 465 2343 pectore;
487 2294 574 2330 voces.
606 2278 665 2327 Hoc
688 2286 729 2330 est
750 2278 938 2329 cumdolore:
961 2283 992 2328 ut
1013 2274 1075 2344 [ait]

54 2351 95 2415 (6,
112 2343 184 2408 55.):
227 2345 364 2411 'undisque
386 2362 478 2411 preces
504 2363 551 2397 res
567 2356 673 2411 pectore
691 2346 725 2397 ob
750 2346 816 2398 imo.
832 2370 865 2383 -
899 2350 960 2401 782.
978 2342 1073 2395 Preces

54 2413 216 2465 descendere
234 2413 271 2463 ad
289 2430 400 2475 omues,-
422 2414 445 2464 si
468 2413 535 2481 quid
556 2412 673 2466 invidiae
696 2421 738 2466 est
758 2413 789 2465 in
805 2410 965 2466 humillimis
986 2413 1074 2481 praci-

53 2480 121 2546 bus,
142 2479 334 2563 insputauslum
352 2480 429 2547 [nou]
444 2488 485 2532 ast
500 2496 550 2550 per
568 2482 662 2533 omnia
679 2482 779 2545 (Guplf.
796 2483 829 2533 Π.
853 2484 884 2532 ίη
902 2480 1073 2544 nomina51.

55 2552 88 2601 irs
105 2564 219 2602 nomme
234 2547 367 2611 lunonis)
383 2548 487 2600 hutoni.
521 2548 594 2599 Nam
612 2566 706 2601 omnes
723 2547 868 2616 [dicessum]
884 2546 969 2600 etiam
984 2547 1074 2599 humi-

54 2614 93 2670 les
116 2614 266 2686 significat:
291 2616 363 2668 unde
385 2615 425 2668 ait
447 2616 533 2669 etiam
555 2616 727 2669 descendere.
744 2644 778 2655 -
821 2623 884 2674 783.
907 2614 999 2682 Quom
1024 2633 1074 2668 nec

56 2684 142 2753 longo
161 2684 237 2751 ἀίεις
254 2684 273 2735 i.
288 2701 312 2736 c.
329 2683 465 2752 [longum]
482 2691 603 2754 tempus:
627 2685 661 2735 sle
697 2699 732 2735 uo
747 2684 814 2737 licet
828 2684 925 2736 melius
939 2682 1074 2737 feminino

73 2768 158 2805 euers
181 2751 315 2815 dicamus,
339 2760 433 2804 tauron
455 2759 484 2805 et
509 2751 658 2803 masculino
702 2752 805 2804 cimus.
843 2753 915 2804 Num
938 2751 972 2804 de
995 2759 1072 2804 certo

55 2766 102 2873 iio
141 2820 292 2871 masculino
316 2828 424 2871 tuntum
442 2818 572 2871 utendum
591 2826 638 2871 est.
671 2820 719 2886 [Ut
734 2820 780 2872 hio
797 2822 904 2871 natalis
921 2836 998 2871 meus
1015 2818 1075 2871 dies

37 2900 103 2943 ess
152 2886 244 2939 Pietas
269 2904 317 2938 nec
341 2889 467 2955 mitigem
495 2893 542 2939 aut
558 2887 757 2954 Troianorum,
779 2888 844 2957 quis
867 2887 907 2959 pii
930 2896 1006 2940 sturt:
1027 2895 1076 2940 aut

55 2962 132 3011 sorta
153 2963 268 3026 propter
290 2955 356 3007 illud
378 2961 426 3022 (3,
442 2955 527 3016 547.):
550 2954 656 3006 lunoni
672 2954 791 3023 Argivae
815 2958 909 3008 iussos
931 2957 1075 3009 adolemus

56 3022 192 3077 lsonoresr
209 3022 286 3091 quasi
303 3038 374 3092 quiae
390 3040 441 3074 nec
458 3021 595 3074 sacrificiis
611 3022 773 3093 placaretur.
786 3049 820 3062 -·
853 3023 1075 3095 784.1nsracso,·

57 3090 135 3149 {aldo
158 3092 262 3145 fractu:
287 3098 318 3142 ut
339 3090 465 3157 (12,1.):
489 3091 604 3142 Turnus
630 3101 660 3139 ut
683 3091 819 3160 infractos
842 3094 958 3145 adverso
982 3091 1074 3144 Mam

56 3158 187 3211 Latinos.
205 3184 239 3197 -
271 3164 332 3217 785.
350 3158 445 3210 Media
463 3160 606 3226 degente·
629 3157 648 3209 i.
664 3176 690 3211 c.
710 3159 793 3210 totius
815 3162 904 3230 gentis
923 3166 1074 3228 potentem,

56 3228 207 3289 asceam
230 3226 402 3279 muliebriter
425 3224 561 3294 [sicum]
596 3197 672 3278 lum
692 3226 757 3278 inse
780 3236 821 3280 ea
840 3229 914 3297 quoa
935 3228 1074 3296 semaam

59 3294 173 3349 Cineres
197 3311 214 3344 o
245 3312 278 3347 ue
301 3311 365 3346 osso
389 3307 547 3363 peremptae.
583 3292 653 3346 Sane
669 3294 719 3346 edo
736 3295 821 3349 habet
836 3305 865 3349 et
885 3303 1004 3361 rectam,
1027 3297 1076 3350 sed

56 3362 201 3432 antiquam
216 3306 446 3429 tiocliuationom,
469 3371 500 3414 ut
523 3362 589 3426 edo,
613 3364 686 3427 edis,
710 3363 780 3414 edit:
804 3371 833 3417 et
849 3364 1020 3430 anomalam,
1043 3372 1075 3417 ut

58 3432 125 3497 erlo,
148 3434 191 3495 es',
212 3442 259 3482 ess.
293 3429 418 3497 Quarum
441 3431 558 3484 secrmda
582 3436 610 3481 et
631 3430 711 3485 tertia
733 3447 865 3499 personae
888 3432 986 3501 longae
1002 3440 1074 3498 sunt,

57 3506 173 3571 proter
197 3498 382 3551 differentiam
406 3499 486 3566 Sum,
509 3515 553 3563 es,
575 3510 623 3549 est.
670 3498 736 3551 Edit
758 3507 850 3552 autem
874 3502 904 3552 in
926 3500 1074 3571 praeterito

57 3516 186 3639 progucit
199 3566 240 3633 [e,
261 3565 330 3632 Edi,
353 3567 466 3634 edisti,]
491 3568 561 3617 erlis:
584 3574 614 3617 ut
635 3567 708 3634 legit.
725 3593 759 3605 -
792 3574 853 3627 788.
870 3567 979 3623 Cauros
1001 3571 1075 3621 sonti

58 3636 133 3687 'scias
158 3634 209 3685 illa
225 3633 356 3702 furoris,
377 3635 448 3689 bene
471 3633 622 3705 supprimit.
657 3635 759 3687 Contra
775 3636 863 3704 ipsam
878 3630 929 3705 (R.
947 3637 977 3689 V.
993 3638 1073 3703 ipsa3

57 3702 120 3755 Vos.
137 3700 343 3772 sapuerim:
369 3706 445 3769 ipso,
466 3704 536 3759 sina
550 3701 656 3763 contro)
679 3704 753 3754 enim
775 3713 838 3756 sum
861 3720 931 3775 qliae
952 3703 1020 3757 tuno
1043 3704 1074 3757 iu

57 3768 168 3824 deamo
181 3770 258 3851 ·(92.)
280 3772 450 3840 exsequitur,
473 3777 516 3821 ut:
542 3769 589 3822 Me
613 3769 681 3821 duee
698 3770 866 3825 Dardanius
882 3773 1008 3838 Spartam
1025 3789 1071 3824 es-

57 3837 1072 3975 {trastulisti3⁹⁰·..l'flsslltllrmssllltuilslfl‘t‘.

56 3974 133 4029 nulla
150 3982 259 4033 arunte,
272 3976 423 4042 (camerate)
445 3975 564 4028 ratione:
589 3983 637 4028 aut
660 3978 856 4045 nequicquam,
880 3986 1013 4046 qrtautum
1035 3976 1071 4029 ad
