2454 4500
161 242 164 247 ’
232 296 267 337 m
289 275 445 339 vuou.
469 271 637 337 musio
661 269 740 333 us
761 270 815 345 vi,
836 276 962 343 o—sa
1040 283 1122 369 su.

83 458 221 529 Apollinis
235 459 369 528 templum
385 464 432 510 est
465 458 545 510 Altus
562 466 655 511 sutem
671 455 714 509 vel
734 470 863 525 magnus:
887 463 918 510 ut
940 464 999 527 (to,
1015 462 1104 527 737.):

84 526 166 579 Iacet
191 529 266 579 altus
290 529 410 581 Orontes
442 527 487 592 (V.
502 526 538 579 R,
560 526 649 578 Gueli.
665 528 698 577 ll.
723 525 833 588 odores3
858 524 892 576 al.
911 526 1034 593 Orodes).
1069 533 1107 584 Et

84 596 125 649 sle
140 596 202 663 ipso
218 596 342 663 Apolline
353 600 411 665 (10,
427 594 513 656 875.):
529 593 575 644 Sis
592 606 670 661 pater
687 594 734 644 ille
751 594 832 644 deum
843 593 953 661 fasma,
970 601 1012 647 sis
1029 598 1104 650 alsus

85 664 200 731 Apollo.
233 664 284 715 Vel
299 665 334 715 ad
349 662 488 715 simulacri
510 662 728 730 magnitudinem
742 660 850 726 retudit,
873 663 1042 729 quodiuisse
1060 666 1106 734 (al.

85 730 161 795 esse)
178 736 283 782 constat
298 732 467 783 altissimum.
500 731 620 797 [Coelius
636 731 712 780 enim
727 729 761 780 de
774 729 899 781 cunano
911 732 1036 800 Apolline
1051 738 1104 787 eit:

85 794 141 851 Es't
155 802 190 851 s'n
201 799 276 867 fana
294 803 388 850 sinum
405 798 546 864 Apollinis
564 800 703 865 ligneum,
726 797 813 847 altum
837 814 894 848 nan
912 803 1007 851 minus
1024 804 1104 869 pedes

84 864 153 921 17.
186 866 269 919 Cuius
285 868 441 919 meminisse
457 873 566 937 protatur
582 862 729 935 Virgilius]
744 888 777 903 -
811 870 854 923 10.
872 864 983 930 Quibus
999 873 1105 935 prassi-

79 936 150 999 «ἄεις
174 935 277 1003 quibus.
287 943 410 1005 praeest,
432 950 498 1001 quas
515 934 643 987 defendit
678 931 857 998 Horrendus,-
873 948 1056 991 venerantiae:
1073 946 1105 988 ut

85 1002 232 1071 (7,172.):
255 1002 431 1055 Horrendum
449 1004 489 1068 (V.
506 1003 538 1051 R.
556 1013 582 1053 ιι
597 1002 655 1053 bor.
674 1012 731 1063 est,
755 1000 845 1053 Gueli.
864 1013 894 1052 ut
910 1000 936 1053 lu
954 1005 1004 1064 est)
1021 1006 1103 1056 siluis

84 1082 116 1123 st
135 1072 282 1137 relligione
304 1082 457 1139 parentum.
491 1069 605 1131 Pracul;
627 1068 701 1122 haud
721 1068 812 1135 longe.
845 1068 946 1121 Procul
967 1072 1043 1122 enim
1063 1079 1105 1124 est

84 1144 118 1192 οι
180 1140 216 1191 od
240 1158 305 1207 pras
329 1141 419 1191 aculis
443 1146 496 1191 est:
519 1146 548 1190 et
568 1136 642 1206 quod
663 1154 745 1203 parra
770 1138 804 1186 ab
829 1139 927 1187 aculis.
961 1138 1039 1191 Unde
1056 1138 1108 1206 {et}

82 1206 127 1259 da
157 1207 229 1259 ‘em
244 1207 329 1261 habet
343 1206 585 1276 significationem
606 1213 635 1257 et
655 1206 743 1268 iuxta,
764 1210 792 1254 et
813 1202 905 1272 longe.
920 1228 956 1242 -
988 1213 1032 1265 11.
1047 1210 1104 1261 An·

83 1284 167 1327 trum
190 1277 311 1326 immane
333 1279 413 1342 pain
436 1272 590 1341 epexegesis
612 1273 708 1325 domus
730 1270 853 1337 Sibyllae.
888 1272 1016 1351 ‘Mensem
1039 1278 1111 1327 ani·-

85 1339 1048 1479 titt?„institituitutilititttltttt
1061 1350 1106 1465 ii*

83 1478 215 1541 balleum
239 1480 345 1531 animus
361 1494 424 1532 vero
448 1493 499 1548 pro
515 1479 666 1538 voluntate,
689 1482 720 1525 ut
734 1474 881 1527 Terentius
897 1478 989 1542 (Andr.
1006 1487 1037 1545 1,
1053 1480 1105 1542 1.):

82 1546 167 1607 Mela
182 1562 275 1613 mem,
289 1548 376 1598 malua
390 1543 517 1611 animun]
528 1572 562 1583 -
597 1550 640 1601 η.
657 1541 759 1593 Delius
772 1544 894 1607 inspirat
905 1556 995 1605 uatssz
1011 1548 1106 1617 Apollo

82 1612 223 1667 musione
257 1616 292 1666 Et
307 1614 345 1666 sic
361 1615 400 1667 ait
415 1613 532 1677 Delius,
553 1618 584 1663 ut
598 1610 683 1661 Nunc
700 1608 805 1676 Lycias
822 1622 926 1676 sortes,
947 1614 966 1664 i.
983 1631 1008 1665 e.
1024 1616 1106 1683 Apol·

83 1680 188 1737 lineae·
227 1682 301 1735 Bene
323 1692 416 1734 autem
432 1682 540 1746 Sibylla
563 1678 629 1746 quid
650 1679 697 1743 sit,
722 1679 865 1745 expressit:
895 1679 1032 1746 Magnam
1056 1686 1107 1735 aui

76 1763 207 1803 mentem
230 1754 409 1817 animumque
432 1749 534 1799 Delius
559 1748 680 1813 inspirat
703 1757 786 1796 uates.
832 1745 906 1797 Nam
930 1756 961 1799 ut
983 1750 1107 1817 diximus,

85 1820 200 1887 Sibylla
222 1819 294 1872 dicta
317 1827 358 1871 est
381 1818 457 1886 quasi
479 1814 538 1869 osai
554 1810 654 1885 flaviti,
677 1813 695 1865 i.
713 1830 737 1864 e.
760 1812 805 1864 dei
827 1815 968 1868 sententia
1000 1819 1105 1871 Aeolici

85 1886 168 1941 enim
184 1882 256 1939 anais
270 1889 334 1939 deos
351 1886 450 1937 dieunt
468 1909 503 1923 ·-
537 1891 579 1941 13.
598 1883 712 1933 Triuiae
735 1881 829 1944 lucos,
851 1896 902 1933 con
939 1900 973 1936 ue
989 1886 1107 1957 Apollini

86 1954 141 2025 [et]
159 1954 265 2007 Dianae
286 1957 379 2007 iuncta
400 1960 463 2004 eunt
478 1952 593 2021 templa:
615 1958 647 2003 ιιι
662 1957 691 2013 et
706 1949 787 2018 paulo
804 1956 878 2017 post:
923 1950 1018 2019 boebi,
1042 1955 1107 2007 Tri.

78 2025 208 2091 'viaeque
229 2024 368 2077 sacerdos.
400 2022 437 2072 Et
458 2020 529 2072 hene
545 2019 577 2069 tit
592 2019 732 2069 Locorum
748 2016 852 2070 Dianae
869 2025 1106 2090 commemoratio,

87 2090 156 2161 speia
178 2091 312 2160 petiuuus
334 2097 374 2143 est
401 2089 512 2141 inferos.
560 2087 652 2137 Aurea
675 2097 759 2147 sceta3
787 2083 917 2164 Apollinis
938 2089 1047 2142 seilicet.
1069 2117 1107 2133 ·-

86 2162 134 2217 14.
157 2158 303 2209 Daedalus
328 2166 392 2219 etc.;
421 2156 534 2223 [ubique
559 2156 594 2207 de
614 2154 727 2206 incertis
749 2152 869 2219 dubitat,
898 2154 1004 2222 ut'(3,
1021 2160 1106 2223 §me

87 2226 179 2291 Fama
197 2238 237 2277 est
252 2227 394 2277 Enceladi.
427 2224 497 2276 Sane
519 2223 612 2277 iabtda
632 2222 667 2274 de
689 2223 743 2281 1101}
766 2220 828 2273 talis
850 2220 922 2286 est:]
943 2224 1065 2278 Indicabo
1086 2246 1107 2281 a

86 2294 152 2349 8010
174 2294 309 2347 adulterio
325 2290 423 2345 Martis
445 2299 473 2343 et
488 2292 616 2354 Veneris,
638 2291 772 2341 Vulcanus
795 2288 983 2343 minutissimis
1004 2297 1110 2349 catanis

85 2358 221 2415 hoedum
236 2362 332 2412 cinxit:
357 2360 454 2429 quibus
469 2359 546 2411 Mars
562 2367 590 2411 et
604 2361 694 2410 Venus
715 2361 872 2425 ignorantes
887 2358 1021 2425 implicati
1036 2372 1109 2429 silut,

87 2436 207 2485 etveum
232 2428 339 2496 ingenti
366 2427 536 2494 turpitudine
558 2425 669 2479 resoluti
690 2427 741 2477 suh
764 2423 922 2477 testimonio
943 2437 1108 2483 cunctorum

86 2498 215 2553 tearum.
248 2496 328 2566 Quod
343 2497 448 2547 iactum
459 2496 548 2546 Venus
564 2495 742 2547 vehementer
753 2493 856 2557 dbleru,
870 2493 982 2564 stirpem
993 2512 1108 2551 onlnem

86 2566 159 2619 Solis
200 2565 309 2645 ersequi
332 2563 449 2616 infandis
472 2562 612 2614 amoribus
636 2563 732 2643 coepit.
778 2563 865 2628 lgitm
886 2562 1018 2633 Pasipbad
1039 2566 1109 2619 Solis

87 2634 160 2699 iilia,
217 2634 283 2685 'nors
298 2632 370 2700 regis
387 2632 485 2683 Cretae
503 2647 585 2697 tuor,
607 2630 692 2682 Tauri
712 2645 809 2681 amore
832 2628 971 2693 flagravit:
995 2642 1024 2685 et
1047 2644 1108 2687 arte

86 2702 205 2755 Daedali
232 2701 335 2752 inclusa
358 2700 432 2751 intra
452 2713 564 2750 vaccam
585 2697 721 2765 ligiieam,
748 2704 854 2766 septam
875 2698 951 2749 corio
973 2699 1106 2755 iuvencas

85 2769 299 2841 psdcherrimae,
314 2784 378 2819 oum
393 2774 473 2818 tauro
489 2766 642 2817 concubuit
676 2766 754 2817 Unde
769 2772 848 2817 uatus
864 2772 905 2817 cst
918 2766 1107 2823 Minotaurus:

128 2838 142 2889 ⁶.
158 2839 233 2889 intra
255 2836 454 2903 labyrinthum
483 2833 600 2885 inclusus
625 2834 753 2884 humanis
783 2831 911 2884 carnibus
938 2838 1105 2892 vescebatur.

121 2904 142 2958 d
158 2904 250 2955 Minos
266 2906 300 2957 ds
318 2903 451 2973 Pasiphae·
467 2901 563 2953 habuit
587 2901 688 2953 liberos
704 2902 811 2967 plures,
832 2900 1023 2971 Androgeum,
1035 2906 1108 2957 Ari·

87 2974 192 3027 ulnam
230 2973 319 3024 Guelf.
335 2974 354 3024 1.
373 2974 536 3034 ariennem,
558 2971 592 3020 R.
609 2970 745 3033 Arianae,
768 2972 797 3019 V.
821 2967 1001 3037 Ariennsm),
1022 2974 1109 3026 Phae·

88 3044 179 3095 drona
244 3041 262 3090 d
277 3041 435 3106 Androgeus
450 3052 514 3087 cum
531 3046 601 3089 esset
617 3036 719 3089 atlileta
735 3037 905 3101 fortissimus,
923 3046 950 3091 et
965 3047 1109 3107 superaret

86 3110 117 3163 in
142 3108 275 3176 agonibus
299 3116 424 3171 cunctos,
447 3106 518 3175 apud
535 3106 654 3157 Athenas
679 3106 714 3155 ab
731 3105 940 3158 Atheniensibus
962 3117 991 3160 et
1013 3110 1109 3161 vicinis

86 3174 297 3231 Mevarensibus
320 3172 466 3241 coniuratis
489 3174 592 3225 occisus
615 3180 663 3225 est.
707 3174 785 3241 Quod
807 3172 898 3225 Minas
921 3176 1028 3243 dolens,
1053 3177 1109 3229 ool·

86 3220 164 3299 lectis
187 3244 301 3295 navibus
323 3242 395 3295 bella
417 3241 577 3293 commovit:
608 3249 637 3293 et
660 3239 733 3292 victis
756 3239 963 3295 Atheniensibus
985 3260 1108 3312 poenam

86 3314 159 3367 hanc
175 3313 282 3376 statuit,
305 3320 336 3361 ut
352 3310 464 3376 singulis
481 3310 632 3377 artibusque
640 3310 731 3360 *annis
754 3317 857 3379 septem
873 3311 908 3362 de
929 3311 992 3363 filiis
1017 3322 1045 3364 et
1066 3330 1109 3366 se·

87 3381 216 3501 iiiiii
232 3376 1109 3501 {lubuitsunu,linituruscentlum·

86 3526 155 3568 tum.
203 3515 257 3582 Qui
279 3526 342 3564 cum
366 3512 572 3565 Atheniensibus
594 3515 776 3581 pestilentiam
798 3483 967 3581 immisisset,
995 3465 1108 3586 praeie-

86 3594 167 3655 pturn
185 3582 295 3635 oraculo
320 3590 361 3633 est
376 3583 409 3633 de
430 3581 548 3648 septenis
570 3580 631 3632 filiis
653 3583 751 3633 annuis
774 3582 809 3632 ad
825 3582 977 3635 Minotauri
998 3594 1108 3654 pastum

86 3650 262 3721 dirigendis]
302 3650 354 3701 Sed
381 3648 463 3700 tertio
493 3663 565 3700 anno
590 3650 672 3716 Aegei
700 3649 769 3700 iilius
795 3646 914 3702 Theseus
938 3652 1034 3703 missus
1058 3661 1107 3719 est,

86 3730 183 3793 potens
199 3726 259 3770 tam
274 3719 372 3769 virtute
390 3732 473 3783 quam
488 3718 587 3767 forma.
621 3717 674 3785 Qui
690 3732 754 3766 cum
777 3717 812 3767 ab
829 3719 945 3771 Ariadne
961 3721 1034 3786 regis
1050 3721 1108 3774 iilia

87 3796 194 3843 ernatm
211 3786 318 3850 luisset,
340 3782 393 3852 [ex]
409 3782 523 3834 Daedali
544 3784 655 3836 consilio
678 3784 859 3853 [labyrinthi]
884 3788 930 3839 illo
953 3788 1006 3840 iter
1022 3790 1108 3842 rexit:

88 3864 114 3911 et
135 3863 237 3909 necato
259 3848 416 3904 Minotauro
443 3867 507 3901 cum
530 3858 610 3921 rapta
625 3852 743 3905 Ariadne
765 3852 850 3906 victor
874 3857 987 3924 aufugit.
1029 3858 1108 3925 Quae

87 3941 151 3977 cum
169 3921 263 3973 omnia
279 3921 398 3972 factione
415 3918 530 3970 Daedali
546 3921 636 3971 Minos
659 3922 883 3987 deprehendisset
906 3927 1017 3989 effecta,
1039 3940 1106 3977 etim

87 4008 150 4045 cusu
166 3994 246 4043 icaro
268 3982 324 4040 tuo
341 3986 501 4039 servandum
522 3986 553 4039 in
569 3987 768 4057 Labyrinthum
784 3992 870 4042 trusit.
903 3990 956 4044 Sed
971 3992 1108 4045 Daedalus
