2454 4500
109 262 112 267 '
140 280 175 320 1u
199 259 355 320 VIRGIL.
378 260 547 322 AENEID·
569 261 648 322 LIB.
668 262 754 337 VIII,
776 266 967 335 tos—421.
1008 272 1072 366 idi

46 443 168 494 tolerare
190 443 251 495 eolo
274 444 372 510 vitem,
394 445 524 515 tenuique
549 446 674 500 Minerva
695 445 861 515 impositum.
895 447 967 502 Nom
991 454 1071 518 quiet

46 512 191 562 curriculo
210 514 352 579 expulerat
369 530 498 564 somnum
515 531 579 565 cum
595 532 683 582 paene
699 516 769 569 nihil
780 526 839 568 est:
855 517 922 585 quid
938 519 1013 571 enim
1030 529 1073 573 est

42 575 129 644 quies
145 580 198 630 nisi
214 581 351 631 somnus?
370 589 417 632 aut
435 589 464 631 ut
480 583 516 633 sit
532 583 642 650 aliquid,
659 599 714 634 nou
732 591 773 635 est
788 584 924 639 abstemia
940 596 1070 644 metrone
1092 638 1095 642 .

43 647 93 698 ills
111 648 176 698 dum
193 646 297 716 surgit,
318 650 384 717 quia
408 658 449 701 est
465 651 531 700 tiata
549 651 613 719 Ὗς.
632 651 753 717 festinet)
776 654 910 717 menime,
932 664 980 706 eut
1001 658 1069 709 tole-

46 733 111 766 rore
129 716 188 766 colo
207 719 311 781 vitam,
336 720 466 783 tenuique
484 718 614 769 Minerva
633 719 805 786 Impositum.
847 722 883 773 Et
905 721 950 774 hic
974 725 1071 779 distin·

43 786 153 849 guitur,
175 785 241 851 quid
265 787 340 837 enim
363 794 403 836 est
420 787 584 853 Impositum
609 787 750 838 sinerem?
775 790 839 839 cnm
860 788 927 842 illud
951 791 986 842 sit
1010 795 1070 862 puls

45 850 155 915 chrius,
170 853 215 901 cui
232 854 340 903 castitas
357 854 487 922 imposuit
501 854 620 905 lanificio
636 854 755 908 tolerare
771 857 863 920 vitem,
880 865 910 908 ut
925 869 1069 928 sequetur:

45 918 173 969 Cinerem
198 932 223 969 et
247 923 352 984 sopitos
376 924 495 972 suscitat
518 925 614 988 ignee,
639 929 671 972 ut
693 923 760 976 alibi
783 925 879 990 (542.):
902 924 937 976 Et
961 932 1068 992 sopitos

44 989 163 1053 ignibus
180 1005 246 1038 aras
259 988 388 1054 Excitat]
400 1015 435 1035 -,-
468 993 528 1047 409.
549 990 631 1054 Golo'r
647 990 721 1042 hunc
733 994 886 1060 sequimur:
902 995 1069 1063 namltuiue

44 1057 102 1106 coli
125 1055 255 1120 dicimus,
277 1072 333 1107 non
356 1065 386 1106 ut
409 1057 520 1120 Statius,
543 1057 631 1109 huius
655 1059 749 1125 tolus,
771 1059 819 1127 [in
842 1061 884 1111 VI.
912 1062 1068 1117 Thebaidos

43 1122 143 1188 (380.);
166 1122 298 1174 Extremo
321 1126 379 1174 iam
398 1126 454 1193 jila
479 1127 542 1176 oola
561 1127 644 1180 datus
669 1129 735 1178 ordo
753 1139 884 1179 seneotae.
917 1129 954 1180 Et
974 1132 1004 1183 in
1020 1134 1067 1192 III,
1125 1128 1131 1147 ¹

42 1192 140 1255 (241.):
171 1190 330 1259 Nigroeque
355 1196 484 1259 sororum
515 1194 667 1245 lustravere
694 1194 792 1261 (Febr.
818 1197 937 1259 intrav.)
962 1201 1068 1269 colun]
1150 1246 1155 1256 ,

43 1257 189 1325 Tenuique
213 1259 363 1324 Minerva5
387 1276 444 1312 non
466 1260 513 1311 filo
530 1264 621 1328 tenui,
647 1262 682 1328 [i.
700 1280 724 1315 e.
740 1263 832 1315 subtili
848 1263 997 1332 artifieio,]
1019 1271 1067 1324 sed

63 1341 126 1377 urvo
144 1327 233 1396 pretio
248 1328 369 1392 lanificii,
386 1329 414 1397 [i.
432 1347 456 1380 e.
473 1330 592 1381 tenuiter
609 1338 637 1382 et
654 1330 760 1382 exiliter
776 1332 878 1383 victum
894 1335 1068 1403 praebente]

67 1401 79 1459 t
96 1395 142 1445 alii
158 1396 204 1446 hie
220 1396 404 1463 distinguunt,
422 1404 451 1455 et
468 1396 633 1450 subaudiunt
651 1416 710 1449 mos
729 1411 782 1463 est,
799 1406 847 1451 eut
862 1401 966 1466 ploret:
984 1412 1015 1454 ut
1031 1406 1067 1456 sit

40 1478 148 1513 senous:
172 1463 224 1514 Cui
241 1464 360 1516 tolerare
377 1464 437 1515 colo
455 1465 554 1529 vitem,
576 1466 706 1533 tenuique
722 1466 847 1518 Minerva
869 1485 929 1520 mos
946 1479 1001 1535 est,
1013 1472 1066 1526 sel

40 1530 145 1596 placet:
169 1531 251 1582 etsie
267 1532 405 1584 inferunt:
429 1532 594 1598 Impositum
613 1537 747 1599 sinerem,
769 1547 794 1584 et
815 1539 922 1602 sopitos
946 1542 1065 1592 suscitat

40 1601 130 1664 ignes.
169 1598 205 1648 Ut
229 1609 342 1652 econtra
364 1600 746 1669 Horatius,(Cu;m.2,1,):
778 1601 889 1655 Incedit
912 1622 961 1672 per
984 1609 1064 1675 ignee

39 1669 200 1733 suppositos
225 1669 315 1719 oinert'
339 1669 443 1719 doloso.
484 1668 537 1720 Alii
559 1670 598 1720 sio
621 1669 727 1737 legunt:
761 1670 906 1739 Tenuique
929 1673 1063 1728 Minerva

40 1735 84 1801 (R.
109 1733 286 1800 Minervo'm,·
309 1736 389 1787 Febr.
416 1736 654 1804 Tenuitque'lll.)
679 1737 859 1804 Impositum:
888 1742 983 1809 [qnasi
1004 1745 1063 1797 lato

37 1802 168 1867 datum,]
191 1803 244 1853 hoo
262 1812 319 1868 est,
340 1804 385 1855 cui
400 1803 469 1856 haec
486 1805 629 1858 necessitas
647 1812 687 1855 est
702 1807 822 1859 fataliter
840 1808 911 1859 dete.
930 1833 964 1846 -·
996 1815 1060 1870 411.

37 1869 154 1922 Noctem
171 1871 277 1922 addens
295 1874 387 1938 operi3
413 1890 464 1942 per
480 1872 627 1924 transitum
645 1873 775 1936 ostendit,
797 1884 910 1935 noctem
925 1892 983 1929 esse
998 1895 1077 1947 por·-

37 1946 97 1991 tem
118 1938 181 1991 diei.
198 1966 233 1977 -
275 1943 337 1996 412.
360 1940 474 1991 Exercet
495 1957 596 2007 penso,·
617 1941 723 2008 fatigat.
755 1942 901 1995 Terentiin
925 1946 1019 2008 (Andr.
1037 1954 1063 2015 1,

37 2014 69 2072 1,
87 2007 154 2067 47.);
180 2005 272 2059 Primo
289 2007 357 2058 lmeo
374 2011 462 2071 vitam
479 2025 575 2076 parre,
593 2021 626 2058 oo
645 2010 752 2059 duriter
768 2011 873 2077 agebat.
906 2013 977 2064 Hine
994 2031 1062 2082 ergo

38 2075 122 2126 traxit
139 2075 279 2143 Virgilius,
302 2084 332 2126 ut
347 2076 463 2128 diceret:
489 2077 603 2133 Castum
621 2087 652 2126 ut
668 2094 778 2129 servare
795 2079 886 2130 oulile
903 2080 1064 2151 [Coniugin

35 2142 55 2195 i.
81 2158 120 2208 e.,
146 2161 182 2193 ue
205 2151 319 2210 cogetur
360 2152 455 2213 ropter
477 2151 670 2212 paupertatem
694 2145 830 2211 pudorem
852 2148 1004 2214 deserere]
1026 2177 1062 2191 -··

33 2214 98 2268 414.
121 2211 301 2277 Ignipotens,-
353 2214 486 2277 ultanus,
511 2221 540 2262 ut
563 2212 678 2263 diximus
703 2213 835 2277 (l,175.)
858 2215 929 2282 ignis
953 2225 1008 2269 est:
1032 2228 1063 2272 et

32 2280 122 2331 dictus
143 2278 286 2330 Vulcanus
304 2281 382 2349 quasi
403 2279 571 2346 Vaticanus,
593 2279 666 2357 quod
689 2297 738 2346 per
761 2286 855 2333 sitem
872 2280 951 2334 nolit.
986 2286 1062 2354 Ignis

10 2347 112 2417 ,euim
136 2348 287 2398 enuhibue
309 2348 436 2400 nescitur.
471 2349 547 2400 Unde
573 2355 658 2400 etiem
674 2349 812 2407 Homerus
835 2349 918 2414 dicit,
943 2368 1007 2404 eum
1025 2356 1061 2411 de

23 2421 99 2468 'aire
118 2415 329 2485 praecipitatum
345 2416 374 2466 in
390 2423 492 2479 terres,
516 2415 590 2484 quod
607 2430 690 2467 omue
715 2417 820 2469 iumen
837 2418 871 2470 de
888 2423 953 2471 nire
969 2422 1074 2478 cadite

25 2483 108 2552 quod
125 2484 190 2550 quie
207 2484 304 2534 crebro
321 2484 352 2534 in
365 2483 504 2535 Lemnum
520 2483 640 2535 Insulam
657 2483 770 2536 iacitur:
786 2484 849 2537 ideo
865 2485 895 2537 in
912 2505 976 2539 eam
993 2490 1060 2545 dici·

10 2544 76 2602 'tur
96 2550 223 2603 cecidisse
240 2551 382 2604 Vulcanus.
420 2552 546 2601 claudus
570 2558 665 2603 eutem
683 2549 797 2616 dicitur,
819 2553 884 2620 quia
907 2570 957 2621 per
980 2567 1060 2611 natu.

21 2634 98 2673 rem
121 2633 264 2686 nunquam
285 2627 375 2672 rectus
399 2626 440 2671 est
462 2619 540 2685 ignis.
575 2620 643 2686 [Hoc
660 2619 735 2669 enim
752 2636 783 2671 ex
799 2620 922 2672 Homero
938 2631 1060 2679 tractum

18 2697 91 2755 eet,
112 2685 160 2736 ubi
180 2687 248 2738 dicit
268 2686 459 2753 (11.e,590·):
482 2683 521 2740 ‘H
543 2681 573 2737 di
591 2681 644 2764 peip
661 2704 695 2752 με
711 2705 737 2764 u.
754 2705 780 2740 e.
797 2683 823 2740 l.
857 2688 915 2766 Neo
939 2703 1060 2812 tempore

16 2756 148 2823 segnior
167 2755 233 2819 itto,·
260 2755 331 2808 bene
348 2769 410 2804 eom
430 2754 560 2805 arationis
575 2754 746 2805 nmilitudmi
763 2756 817 2806 duo
834 2756 967 2823 reddidit,
996 2762 1059 2815 esti-

13 2823 175 2878 nationem
198 2832 226 2874 et
247 2773 430 2886 iudustriam}
446 2846 480 2859 -·
513 2825 574 2877 tto·
591 2821 633 2872 Ad
652 2819 779 2886 fabrilia
803 2825 912 2889 συνείη
935 2826 1005 2880 dure
1029 2837 1058 2883 et

14 2908 59 2949 ex
79 2891 224 2942 contrariis
241 2891 367 2960 epithetis
383 2889 450 2940 iecit
466 2895 610 2950 orinatum,
633 2887 738 2940 diceus:
763 2889 901 2942 Mollibus
919 2910 933 2943 e
957 2900 1058 2951 stratis

12 2960 210 3013 surrexisset
227 2975 310 3026 opera
321 2957 454 3026 fabrilia.
473 2979 506 3015 -,-
540 2957 601 3013 416.
618 2956 720 3006 Insula
738 2965 805 3029 eto.;
822 2959 990 3030 physiologia
1008 2974 1069 3032 eet,¹

10 3044 80 3080 our
94 3026 228 3078 Vulcanus
244 3027 273 3077 in
291 3027 333 3078 his
347 3024 415 3077 locis
433 3022 572 3075 officinam
589 3023 693 3076 hebere
711 3025 829 3093 fingatur
846 3027 919 3087 inter
934 3034 1055 3088 Aeniam

10 3104 54 3151 et
74 3093 212 3162 Liparen,
235 3095 339 3147 scilicet
360 3101 472 3163 propter
495 3091 590 3158 ignem
612 3101 641 3144 et
657 3101 750 3144 ventos
768 3109 838 3162 quse
863 3094 927 3176 epte
945 3100 990 3165 (R.
1007 3118 1055 3152 ae.

11 3162 118 3231 ceput)
134 3169 197 3213 tunt
218 3162 311 3215 fatris.
344 3162 471 3212 Aeoliam
488 3166 582 3212 autem
599 3157 723 3228 Liparen
746 3161 824 3227 ideo,
847 3180 911 3232 quia
935 3182 990 3221 une
1015 3177 1057 3224 eet

10 3232 61 3285 de
82 3229 136 3281 illis
152 3237 260 3297 septem
275 3231 382 3294 insulis,
397 3229 427 3280 in
443 3228 542 3309 quilius
557 3229 655 3280 Aeolus
671 3229 826 3296 imperavit.
842 3238 877 3269 -’-
910 3236 972 3291 418.
989 3237 1056 3304 [Ee.
1152 3238 1156 3249 '

13 3317 76 3354 esa
96 3300 233 3362 suminis5
258 3315 338 3349 exeso
362 3298 398 3349 ad
424 3313 506 3347 usum
533 3299 724 3362 caminorum,
747 3300 794 3365 qui
817 3301 1055 3374 stthyclopum‚

15 3372 65 3422 ah
91 3370 213 3417 caminis
238 3384 318 3417 exesa
344 3375 396 3433 pro
426 3367 542 3431 ignibus
568 3363 691 3428 esesol]
707 3392 747 3442 ¹-
787 3370 849 3443 419.
874 3369 963 3420 Antra
987 3380 1055 3439 etc.;

14 3435 257 3501 magnitudinem*
274 3435 378 3486 ictuum
403 3434 534 3498 ostendit,
555 3433 653 3500 quibus
676 3439 761 3485 etiem
783 3434 864 3485 moini
888 3446 994 3492 montes
1010 3457 1056 3496 re·

12 3501 179 3557 saltabant:
203 3510 250 3553 aut
266 3509 341 3554 eerte
357 3503 477 3552 Aetnaea
501 3500 580 3568 quoti
596 3502 699 3554 Aetnae
717 3500 841 3554 dixit-
875 3506 938 3563 420.
954 3508 1054 3564 Auditi

12 3581 97 3633 «ια,
114 3577 142 3622 et
158 3570 210 3620 hoc
228 3571 346 3622 breviter
362 3567 531 3638 significavit,
547 3562 577 3637 [ί.
594 3587 618 3621 e.
634 3570 786 3621 referentes
802 3572 921 3637 gemitus
937 3577 1054 3631 audiun·

14 3649 88 3703 tur,
117 3653 173 3689 non
198 3639 293 3689 enim,
321 3638 378 3688 rius
408 3637 569 3701 sudiimtur,
598 3644 627 3695 et
649 3644 745 3706 posteo
769 3641 895 3691 referunt
917 3645 1051 3711 gemitus:

19 3712 120 3778 potest
141 3705 226 3758 ethis
242 3655 373 3773 intelligi,
395 3704 490 3757 audire
513 3718 560 3756 eos
576 3705 698 3774 primum
715 3721 779 3756 oum
802 3706 934 3773 eduntur,
957 3723 1053 3787 poetes

60 3791 77 3825 r
98 3774 175 3839 Eeho
198 3778 262 3826 etim
285 3781 418 3826 venerunt
442 3772 472 3824 in
497 3788 543 3825 eos
564 3772 653 3836 locos,
677 3790 708 3825 ex
733 3773 832 3840 quibus
854 3777 956 3845 sepulti
979 3783 1053 3837 vocis

15 3841 179 3909 „maginem
196 3839 340 3904 referunt]
356 3867 389 3881 υ-
422 3843 484 3897 421.
500 3841 653 3907 Stricturae
671 3840 835 3908 chalybum,
860 3848 993 3900 strictura
1012 3860 1054 3905 eet

19 3921 103 3965 terre
125 3911 193 3961 ferri
216 3911 244 3961 in
269 3924 387 3960 massam
410 3916 513 3961 coactu.
549 3908 683 3975 Chalybes
710 3918 803 3961 autem
826 3914 939 3984 proprie
976 3921 1052 3988 epuli

18 3986 104 4045 sunt,
119 3980 192 4050 apud
209 3994 275 4048 quos
291 3975 411 4032 nescitus
427 3978 548 4032 ferrum:
574 3984 605 4028 ut
619 3979 678 4048 ipse
695 3977 738 4044 (G.
757 3982 790 4043 l,
806 3980 873 4042 68.):
898 3983 932 4034 At
949 3934 1051 4056 dle&-

78 4098 112 4172 Ῑ.
809 4099 843 4154 81
