2454 4500
88 342 91 346 Α
172 277 210 319 m
231 204 395 319 vuciu
411 244 582 317 sanam.
605 249 686 311 ua.
707 247 761 325 rx,
782 251 956 318 ra-eo..
1013 254 1076 319 eu

28 439 169 559 guribus.
203 439 295 508 Atris3
320 440 399 509 quasi
413 437 542 498 letiferim
558 453 625 490 nem
642 437 715 488 facee
731 432 858 487 ardentes
874 439 952 486 aunt.
963 454 998 472 -·
1031 435 1076 491 75.

22 517 25 520 ’
72 513 199 578 iripuere
211 511 310 576 focan
328 509 469 576 quaeritur
487 507 552 574 quid
568 507 607 557 ibi
623 505 726 558 saciant
741 504 812 555 foci:
830 503 884 555 Sed
900 503 930 555 in
946 518 1076 554 carmini·

33 577 95 628 bus
119 579 271 646 quaedam,
294 594 345 631 nec
368 578 403 629 ad
424 576 619 638 subtilitatem,
642 590 694 626 uec
718 574 753 624 ad
775 573 919 624 veritatem
942 566 1075 639 exigenda

36 654 120 711 tunt,
144 655 193 698 aut
209 655 283 700 certe
296 648 392 715 focos.
417 659 485 712 quos
507 644 547 695 ibi
563 643 667 695 habere
685 639 852 709 potuerunt]
889 639 1001 691 Pictum
1013 639 1097 707 sertx

26 713 157 782 fumida
179 716 288 775 lumem
306 713 442 765 sordidior
459 713 534 764 enim
550 712 580 763 in
596 712 682 763 taedis
699 718 728 761 et
742 710 814 777 ignis
831 719 860 760 et
875 711 968 761 lunius
986 712 1074 761 est'-

37 791 87 839 77.
108 782 184 849 Quis
200 786 270 834 deus
289 782 436 845 aMusae5
454 783 519 848 quia
534 797 578 833 res
595 781 712 851 deorum
729 787 769 829 est
787 785 814 829 et
831 779 926 843 ardua,
941 779 1004 830 ideo
1023 792 1074 844 per
1117 791 1123 813 t

36 865 71 902 te
96 869 159 902 eam
183 868 240 904 non
265 859 358 922 potest
378 851 481 902 dicere.
526 850 577 900 Hic
607 857 701 913 autem
725 846 812 914 gloria
837 847 926 898 Turni
955 847 1073 899 latenter

35 916 216 985 'ostenditur,
241 923 317 972 cuius
336 921 372 969 vis
388 918 442 970 nisi
458 936 475 970 a
491 917 650 968 numinibus
667 916 764 986 repelli
779 930 835 967 non
859 915 955 985 potuit.
990 915 1073 984 [Teu-

37 989 119 1051 crir,
144 996 191 1040 aut
215 988 332 1042 detraxit
356 986 588 1057 praepositionem
614 987 670 1050 Ab,
694 993 726 1034 ut
748 985 783 1034 sit
806 985 840 1034 ab
867 984 1001 1048 Tenuis,¹
1025 991 1074 1034 eut

39 1055 180 1122 Teucris,
203 1057 233 1110 in
254 1059 394 1109 ¹bonorem
418 1056 588 1122 salutemque
606 1056 780 1107 Teucrorum
797 1051 926 1104 incendia
943 1053 1072 1105 classibus
1141 1098 1143 1103 ,

36 1124 159 1189 avertit]
175 1150 208 1164 -
248 1131 291 1183 79.
315 1124 412 1176 Prisca
430 1123 506 1191 fides
524 1124 619 1193 facta,
644 1124 691 1172 sed
709 1121 793 1189 fama
810 1124 958 1188 perennis;
984 1121 1073 1174 omnis

38 1193 191 1261 antiquitas
214 1193 325 1245 difficile
350 1209 420 1264 pura
443 1201 472 1244 et
493 1193 653 1260 incorrupte
677 1199 771 1242 menet
795 1192 824 1241 in
848 1199 977 1270 posteros.
1011 1193 1072 1241 Hoc

38 1262 119 1312 euim
136 1262 215 1312 dicit:
238 1263 354 1314 Factum
371 1263 424 1313 boc
440 1261 506 1312 licet
522 1261 643 1329 priscum
659 1261 709 1325 sit,
725 1260 742 1312 'a
760 1279 784 1313 a.
802 1268 961 1327 antiquum,
977 1266 1071 1311 tamen
1147 1272 1159 1287 ·’

15 1389 19 1397 Ι
37 1330 119 1381 forna
136 1333 193 1383 eius
210 1347 266 1382 non
284 1339 324 1382 est
340 1331 486 1381 obliterata
507 1330 642 1396 temporis
658 1337 797 1382 vetustate.
831 1328 894 1396 [Alii
911 1330 949 1378 ric
972 1327 1072 1380 intelli-

38 1405 127 1465 gunt:
153 1399 309 1450 fabulosum
333 1407 373 1451 est
395 1399 524 1469 quidem,
546 1398 596 1449 sed
620 1399 687 1449 fides
711 1398 768 1448 eius
789 1398 833 1449 rei
857 1414 943 1466 penes
968 1397 1072 1465 priscos

38 1474 97 1530 est,
115 1467 172 1518 eius
189 1467 264 1519 enim
280 1467 322 1519 rei
339 1467 415 1518 cuius
432 1476 574 1518 auctorem
591 1467 683 1519 iacere
700 1466 795 1531 noluit,
811 1468 850 1517 eia
865 1463 992 1517 ordinem
1008 1480 1071 1537 ppo-

36 1535 113 1584 tulit.
128 1534 213 1591 ,Aliiz
236 1537 293 1586 iam
310 1536 424 1603 quidem
441 1535 550 1587 evanuit
572 1535 652 1598 iidee,
676 1536 728 1588 hoe
752 1542 796 1586 est
816 1549 899 1586 nemo
917 1535 1007 1586 credit
1029 1535 1071 1584 fa-

35 1609 133 1666 ctum,
158 1604 247 1657 adhuc
265 1613 361 1656 tamen
383 1606 461 1655 fama
485 1603 562 1666 vivit,
587 1603 615 1654 et
633 1603 740 1654 dicitur.
775 1602 872 1653 Prisca
891 1611 986 1656 autem
1004 1601 1070 1655 fides
1095 1628 1101 1646 ι

36 1665 211 1736 ἀξιοπιστία,
234 1674 313 1741 quasi
336 1689 392 1724 non
417 1673 449 1722 iit
471 1672 544 1723 facta
568 1671 684 1736 (tieret)
706 1669 839 1735 historia]
863 1697 899 1746 -χ
939 1678 981 1727 80.
1006 1668 1068 1737 Qu'a

37 1741 259 1807 primum5‘hoc
282 1750 322 1792 est
344 1741 448 1792 initia·
465 1741 527 1792 Non
552 1741 628 1791 enirn
650 1739 769 1794 secundo
793 1741 882 1790 iactae
904 1747 967 1791 sunt
989 1758 1070 1793 naves

36 1808 115 1876 apud
128 1809 206 1873 Idam
223 1809 261 1859 ab
275 1813 374 1862 Aenea.
412 1808 534 1876 Phrygia
546 1809 699 1881 formabat!
713 1809 744 1859 in
762 1808 830 1871 Ida,
848 1808 866 1858 i.
884 1825 923 1872 e.,
946 1810 1069 1862 formare

35 1877 187 1942 cogitabat
221 1878 284 1929 Nou
310 1878 384 1930 enirn
407 1878 436 1928 iu
453 1877 514 1940 Ida,
538 1876 585 1928 sed
606 1877 680 1944 apud
697 1878 869 1928 Antandrum
892 1877 982 1930 factal
999 1886 1071 1929 sunt.

17 1936 89 2016 [Et
112 1945 183 1997 bene
202 1944 325 2013 Pbrygia
344 1944 375 1997 in
393 1947 460 2010 Ida,
485 1945 549 2029 quia
572 1956 601 1996 et
622 1947 652 1998 in
670 1946 753 1997 creta
771 1953 812 2000 est
829 1945 883 1998 alia
899 1946 962 2011 Ida,
985 1954 1017 1996 ut
1033 1952 1070 2014 (3,

35 2014 127 2073 105.):
153 2013 238 2065 Mans
257 2016 360 2066 Idaeus
377 2017 435 2066 ubi
466 2026 491 2064 et
514 2015 607 2080 gentis
631 2015 774 2066 cunabula
799 2013 931 2078 nostrae]
955 2040 988 2050 -
1025 2020 1068 2072 81.

26 2078 104 2146 -fa'llta
120 2085 228 2149 pelagi3
253 2084 422 2147 absolutum,
444 2090 475 2133 ut
492 2081 566 2135 Lata
584 2099 754 2148 camporum.
772 2109 805 2120 -
840 2089 885 2140 82.
901 2085 968 2150 Ipsa
987 2084 1069 2135 dedm

28 2150 132 2220 fertur
148 2153 288 2219 genitrix5
310 2152 475 2219 figmentum
497 2151 550 2202 hoc
572 2151 638 2202 licet
659 2152 799 2219 poeticum
822 2152 871 2216 sit,
892 2161 987 2203 tamen
1004 2153 1069 2220 quia

34 2219 168 2285 exemplo
181 2229 273 2285 caret,
296 2229 407 2271 notatur
423 2239 440 2272 a
457 2219 567 2270 Criticis
584 2219 628 2286 (al.
645 2220 768 2286 priscis).
805 2220 883 2284 Unda
906 2222 989 2288 longo
1005 2237 1069 2288 pro-

35 2288 132 2338 oemio
151 2297 300 2341 excusatur.
334 2290 407 2340 Nam
430 2289 492 2340 ideo
516 2296 545 2339 et
560 2289 649 2358 prisca
666 2291 774 2341 ratione
796 2280 938 2364 religionis
956 2298 983 2341 et
999 2290 1067 2341 lovis

33 2354 174 2407 beneficio
191 2357 259 2406 dicit
274 2374 332 2408 esse
351 2358 514 2427 perfeetum,
530 2364 561 2407 ut
577 2375 659 2410 naves
675 2365 849 2410 mutarentur
866 2359 895 2410 in
914 2359 1076 2428 Nymphaei,
1143 2410 1146 2429 Ι

33 2439 94 2493 quo
111 2425 154 2477 vel
169 2425 261 2493 aliqua
278 2443 309 2477 ex
326 2434 404 2494 parte
421 2425 506 2494 possit
522 2442 579 2478 esse
591 2427 747 2479 verisimile.
779 2428 861 2494 [Sane
874 2428 988 2496 quidam
1001 2425 1070 2479 Fara

20 2488 87 2553 'tur
109 2494 331 2562 reprehendunt,
380 2496 435 2546 uod
457 2494 589 2559 dicendo,
621 2497 814 2548 auctoritatem
843 2497 887 2548 rei
910 2497 1066 2548 detraxerit.

20 2558 90 2633 ,Alii
114 2559 239 2626 laudant,
262 2563 337 2631 quod
361 2510 476 2615 dicendo
495 2562 608 2630 fertur,
629 2564 785 2616 incredibili
805 2563 849 2617 rei
874 2565 1066 2616 auctoritatem

32 2627 104 2681 deae
120 2627 258 2694 uoluerit]
292 2631 473 2698 Berecyntia;
496 2640 589 2683 mater
600 2633 688 2684 deum
712 2650 728 2682 a
752 2642 848 2684 monte
864 2633 999 2700 Pbrygiae
1016 2632 1067 2683 Bc·

34 2709 165 2762 revera,
188 2698 265 2748 auius
290 2700 387 2751 ultima
409 2701 512 2767 syllaba
528 2707 604 2751 caret
619 2701 800 2769 aspiratione,
824 2717 908 2768 quam
933 2701 1067 2766 addimus,
1101 2758 1105 2763 ,

31 2763 296 2834 quotiens[eunque]
324 2775 449 2818 montem
473 2767 534 2819 Deli
558 2766 697 2833 cymbam
719 2768 850 2818 dicimus.
899 2769 948 2819 Est
972 2777 1066 2821 autem
1135 2794 1139 2811 ·

25 2831 126 2885 tenuis
142 2833 194 2886 ista
211 2833 346 2898 discretio,
364 2835 462 2902 quibus
478 2835 638 2887 nominibus
653 2835 777 2887 subtrahi
791 2834 914 2903 debe[a]t
926 2837 1064 2904 aspiratior

33 2900 109 2955 Nam
126 2917 191 2954 ecca
207 2901 311 2968 Ripaei
332 2910 440 2954 montes
455 2902 588 2955 Arcadiae
614 2920 669 2956 non
692 2904 849 2956 scribuntur
873 2922 938 2971 cum
960 2907 1065 2974 aspira·
1121 2968 1125 2974 ἢ

32 2969 128 3034 tione,
149 2987 234 3039 quam
252 2969 390 3034 addimus,
412 2970 637 3037 cum‘Ripbaeas
662 2980 768 3046 rpentes
785 2971 911 3041 Scythiae
928 2975 1065 3044 significa·

33 3053 105 3089 mus.
124 3063 159 3076 -
187 3046 236 3096 153.
253 3037 300 3088 Da
319 3051 384 3090 nate
400 3043 518 3106 petenti‚·
536 3056 568 3090 ac
585 3041 607 3091 si
623 3041 742 3100 diceret:
764 3041 798 3092 Ei
815 3059 886 3110 quae
903 3043 1000 3099 iubere
1017 3043 1065 3096 de-

33 3104 142 3160 buerat.
173 3108 223 3175 [Et
244 3107 361 3158 dicendo
385 3121 449 3158 nate
472 3116 501 3162 et
524 3126 625 3175 parens
648 3109 795 3162 iteratione
818 3113 891 3163 aurit
914 3110 1064 3179 effectum]
1106 3140 1109 3146 ·

34 3171 152 3227 Domita
171 3178 302 3242 tepescit
320 3177 358 3228 01
379 3194 457 3242 mp05
480 3179 586 3231 videtur
609 3179 663 3231 hoc
685 3179 789 3232 dicere:
813 3179 925 3234 Praesta
942 3181 968 3233 ei
986 3182 1063 3232 cuius
1151 3233 1154 3243 ,

33 3240 170 3300 beneficio
185 3254 306 3296 servatus
329 3195 377 3297 ari
381 3245 493 3316 Olympi
506 3262 595 3314 regna
612 3247 715 3299 venisti.
748 3249 880 3301 Saturnus
903 3250 979 3302 enim
996 3266 1063 3301 cum

34 3325 133 3362 omnes
155 3319 330 3365 consumeret
346 3313 429 3377 filias,
449 3316 540 3367 Iovem
557 3315 647 3367 solum
670 3332 800 3371 essenon
817 3319 920 3383 potuit,
942 3318 1063 3370 celatum

25 3379 132 3449 *matris
148 3381 255 3433 auxilio.
289 3380 404 3434 Domita
422 3399 488 3451 ergo
508 3384 643 3451 Olympo,
666 3385 695 3435 iu
712 3392 772 3455 tuas
795 3385 899 3439 scilieet
920 3387 994 3448 leges
1012 3404 1062 3456 per

32 3444 199 3499 beneficium
215 3466 312 3502 meum
329 3451 433 3502 mundo
450 3451 570 3504 redacto.
603 3449 685 3515 [Sane
708 3452 776 3506 haec
800 3456 923 3506 narratio
946 3461 1011 3506 tunc
1027 3455 1061 3510 II.

32 3515 90 3583 (ΙΙΙ.
107 3515 178 3577 ieie)
194 3517 259 3569 libri
276 3527 349 3583 erat,
371 3520 417 3572 sed
435 3520 517 3571 dilata
534 3528 588 3585 est,
611 3530 641 3572 ut
652 3522 709 3573 ‘hia
732 3518 911 3590 opportunius
933 3523 1075 3578 reddere

32 3589 94 3640 turz
118 3587 166 3634 aut
182 3598 218 3639 ne
237 3587 279 3638 bis
295 3588 369 3649 idem
386 3587 536 3640 diceretur:
560 3597 649 3657 potest
665 3606 732 3655 erpo
749 3597 798 3641 aut
814 3586 884 3645 narei
900 3586 933 3645 τὸ
950 3588 1060 3645 σιωπῶ.

24 3658 115 3720 ,μενον
139 3653 241 3723 videri,
263 3664 311 3708 aut
333 3649 596 3726 iterumiterum]
618 3684 651 3696 -
693 3664 736 3716 85.
761 3658 847 3711 Pinea
870 3663 945 3713 silva
971 3662 1059 3728 mibi5
1094 3686 1097 3690 ⁴

29 3736 169 3788 congrum
180 3739 259 3794 *nam
276 3729 363 3791 pinus
379 3727 409 3778 in
430 3726 515 3778 tutele
533 3735 573 3778 est
589 3726 687 3779 Matris
703 3728 792 3780 deum.
811 3755 846 3766 -
880 3735 922 3788 86.
943 3731 981 3786 lrr
995 3749 1059 3784 arce

23 3789 92 3858 fuit
116 3807 243 3857 summa‚·
275 3795 328 3846 hoe
352 3802 407 3856 est,
433 3793 506 3863 apud
530 3794 670 3864 Gargara,
703 3812 773 3863 quae
796 3796 870 3848 dicta
893 3807 957 3851 sunt
980 3801 1059 3867 quasi

27 3853 103 3926 κάρα
120 3855 218 3924 κρατός
240 3862 327 3926 (codd.
345 3878 428 3927 cara,
452 3862 558 3926 caras),
582 3866 600 3916 i.
617 3883 641 3917 e.
666 3877 750 3931 caput
767 3869 884 3932 capitis,
908 3868 1058 3921 altitudinis

24 3927 162 3992 altitudo,
185 3922 255 3996 κόρα
273 3937 313 3981 est
329 3925 348 3996 ἤ
364 3925 474 3998 κεφαλή.
513 3931 644 4000 Gargara
668 3941 762 3986 autem
785 3943 848 3987 sunt
872 3935 975 3987 montis
991 3937 1058 3990 Idae

23 3996 190 4051 carmina:
206 4006 321 4069 propter
332 4000 408 4072 quod
420 4000 487 4053 dixit
495 3999 531 4052 ln
544 4018 608 4055 arce
620 4014 746 4056 summa:
773 4001 854 4073 [Sane
866 4012 895 4057 et
905 4003 951 4058 hia
962 4005 1055 4060 locrun
