2454 4500
164 286 171 297 ⁰
213 306 250 351 m
270 286 430 352 VIRGIL.
453 289 627 354 auxum.
651 293 991 389 uacuare-20.
1063 302 1125 373 181

75 469 210 537 Troiani,
234 472 397 523 communis
422 471 521 524 Martis
553 473 665 526 exitium
696 474 810 539 veritus,
839 482 904 526 cum
930 491 1032 546 magno
1056 477 1117 529 auri

75 539 204 607 pondere
221 541 396 592 educandum
421 541 548 607 tradidit,
571 543 683 610 antiquo
707 541 822 614 hospiti,
846 547 936 595 amico
961 556 989 598 et
1012 562 1116 614 genero
1201 558 1205 565 ·

75 623 129 659 suo.
175 607 233 659 Sed
255 607 327 674 illic,
359 609 448 662 deleta
468 611 569 674 Troia,
599 613 751 679 ceterisque
776 613 903 663 omnihus
926 617 986 666 lere
1010 615 1114 665 Priami

75 674 172 728 liberis
190 676 359 744 intersectis,
384 679 445 730 arui
467 679 615 751 cupiditate
638 680 783 742 adductus,
806 681 971 748 Polydorum
988 682 1115 734 inlitora

76 746 248 811 spatiantem
271 746 334 798 telis
351 746 526 816 aggreditur,
551 755 578 799 et
601 750 702 799 frustra
720 748 803 799 tidem
821 750 937 801 deorum
954 751 1114 803 hominum·
1189 782 1192 788 ·

76 829 126 882 que
151 814 354 883 implorantem
378 815 491 880 occidit,
521 832 656 886 caesoque
686 816 823 867 tumulum
846 834 877 867 su
898 820 1038 885 eriniecit,
1068 818 1113 871 cui

77 897 274 952 aspercrevere
297 884 383 951 myrti
406 880 530 952 virgulta.
562 885 593 936 [d
612 901 676 936 cum
692 895 784 937 mater
801 836 915 937 Hecuiia
931 888 1114 952 intellexisset,
1138 934 1141 943 .

77 950 231 1016 simulavit,
246 968 286 1004 aa
310 952 408 1019 ingens
434 955 523 1005 adhuc
546 954 607 1004 auri
631 954 736 1022 pondus
759 954 826 1005 velle
849 963 957 1008 secreto
980 957 1019 1007 illi
1042 955 1112 1007 indi·

78 1035 156 1084 care,
180 1019 257 1087 quod
281 1035 333 1088 pro
356 1021 413 1071 filio
437 1023 582 1089 acciperet.
625 1024 704 1091 Quod
729 1039 824 1074 avarus
847 1041 897 1088 rer¹
911 1040 1006 1076 verum
1024 1024 1112 1076 eristi·

78 1102 170 1151 mans,
197 1087 270 1138 illius
295 1089 433 1156 unguibus
459 1098 617 1141 occaecatus
640 1099 688 1143 est.
728 1092 821 1142 Exstat
844 1099 947 1143 tamen.
962 1102 990 1145 et
1006 1094 1059 1148 alia
1076 1092 1111 1144 de

78 1154 211 1224 Polydoro
234 1156 349 1215 ¹fabulo:
383 1159 491 1226 Nempe
522 1159 659 1224 Graecos,
698 1175 748 1226 per
784 1160 933 1212 Thraciam
961 1165 1111 1228 venientes,

79 1224 148 1275 himo
166 1241 200 1275 ce
222 1225 291 1277 isse:
313 1226 457 1277 Priamtun
473 1234 568 1278 autem
584 1245 636 1298 pro
659 1229 849 1298 redemptione
866 1230 914 1279 lilii
933 1230 1047 1282 Graecis
1064 1230 1111 1282 de·

80 1293 145 1344 disse
169 1242 291 1359 utitem,
315 1311 385 1364 quae
409 1304 504 1368 postea
531 1295 566 1346 ab
591 1305 689 1348 eventu
705 1297 860 1347 Antandros
878 1299 949 1349 dicta
966 1307 1013 1350 est.
1050 1297 1112 1367 Qua

78 1369 205 1430 accepta,
229 1361 291 1413 illos
312 1370 408 1416 tamen
432 1364 609 1415 nihilominus
625 1365 790 1432 Polydorum
813 1365 949 1433 lapidibus
975 1366 1106 1418 obruisse.
1177 1400 1182 1409 .

79 1431 207 1497 doctique
224 1439 355 1498 ρωπίας
379 1432 421 1484 vel
437 1441 550 1502 propter
568 1435 753 1502 supradictam
770 1435 993 1487 cominu-tionem
1010 1435 1111 1487 tliones
1201 1468 1203 1475 .

80 1507 104 1550 et
117 1499 349 1567 Polymnestoris,
365 1501 408 1553 vel
424 1501 489 1569 quia
506 1517 571 1551 cum
590 1502 667 1554 omni
683 1502 856 1554 haereditate
872 1504 1027 1570 maiorum,
1043 1503 1110 1554 divi-
1187 1539 1190 1544 -

78 1575 167 1619 serant
191 1567 278 1619 etiam
302 1567 367 1620 deos
391 1577 505 1637 penates
522 1570 666 1624 Dardanus
691 1579 718 1622 et
741 1571 825 1623 Iasius
848 1574 965 1635 fratres,
989 1588 1109 1640 qriorum

78 1637 142 1688 alter
169 1635 336 1700 Thraciam,
364 1639 433 1690 alter
456 1639 605 1706 Phrygiam
635 1637 749 1690 incoluit
771 1640 1016 1708 occupatam.]·—
1065 1645 1109 1698 16.

78 1703 153 1757 Dum
171 1700 298 1773 fortuna
317 1704 396 1777 suit,
419 1707 522 1758 scilicet
546 1708 632 1760 hona:
658 1716 686 1759 et
707 1708 790 1758 simul
806 1709 925 1762 ostendit
941 1708 1025 1760 iidem
1042 1723 1109 1758 cum

78 1773 208 1824 felicitate
224 1772 352 1827 deficere.
388 1775 459 1828 Sane
476 1777 631 1843 sciendum,
655 1775 750 1844 [quod]
768 1776 1001 1845 quotienscunque
1012 1777 1122 1846 forto-1

78 1854 139 1891 uam
166 1841 257 1894 solam
281 1842 413 1910 dicimus,
430 1844 600 1912 felicitatem
624 1844 750 1912 intelligi.
791 1844 869 1896 Unde
894 1853 921 1897 et
940 1847 1108 1914 fortunatos

77 1916 184 1967 tantum
193 1910 314 1979 felices:
338 1920 366 1964 et
384 1914 578 1982 infortunatos
602 1913 672 1964 solos
696 1913 824 1980 infelices
841 1928 976 1965 vocamus.
1011 1912 1110 1965 Litore

77 1995 176 2045 curvo;
206 1995 257 2047 per
279 1988 375 2031 etuum
397 1983 541 2049 epitheton
562 1983 678 2033 litorum
700 1989 749 2032 est.
787 1982 860 2031 Nam
885 1982 958 2050 quod
981 1983 1010 2034 in
1034 1988 1108 2034 sexto

76 2048 157 2110 (901.)
182 2049 235 2100 ait:
257 1997 342 2100 guno
366 2067 395 2101 se
420 2053 457 2101 ad
476 2050 587 2101 Caietae
612 2051 661 2118 (L.
686 2039 716 2099 se*
739 2050 775 2099 ad
794 2049 933 2115 Galatam,
957 2050 991 2103 R.
1018 2068 1047 2101 se
1071 2050 1123 2102 αἱ

77 2115 210 2184 Cogetum
231 2124 333 2184 erecto,
356 2120 417 2188 Vos.
434 2131 501 2169 tunc
520 2121 556 2169 ad
573 2118 759 2188 Setagetum,)
787 2131 856 2169 recto
868 2120 929 2252 yart
947 2120 1029 2170 litare
1045 2136 1110 2185 por·

76 2196 147 2251 tum,
178 2186 331 2253 significat,
359 2189 486 2243 sumita
509 2189 663 2256 navigasse,
692 2195 722 2236 ut
745 2202 800 2239 non
826 2189 1016 2255 [relinqueret
1036 2187 1108 2239 litus.

73 2253 170 2314 Prima
188 2255 267 2319 locoy
293 2255 359 2324 quia
376 2257 450 2327 apud
467 2258 582 2308 Cretam
604 2257 657 2308 alia
673 2256 747 2307 fecit.
781 2255 866 2306 Modo
890 2264 983 2307 autem
999 2257 1109 2308 Aenum

73 2323 217 2391 significat.
253 2323 290 2374 Ut
306 2323 456 2375 Sallustius:
479 2327 587 2376 Aenum
605 2339 631 2376 et
646 2324 830 2375 Maroneam:
854 2327 984 2390 viamque
1003 2326 1108 2375 milita·
1178 2382 1182 2389 ,

74 2408 138 2443 rem.
176 2391 344 2459 Quanquam
359 2395 497 2445 Homerus
520 2396 583 2448 inde
601 2396 674 2445 dicat
696 2393 794 2444 auxilia
811 2393 845 2443 ad
863 2395 886 2443 T
888 2393 979 2444 roiam
995 2394 1109 2444 venisse.

72 2460 148 2528 Ergo
171 2460 231 2511 iam
253 2464 353 2513 iuerat
387 2463 552 2528 Euphorion
573 2456 602 2514 et
619 2462 803 2513 Callimachus
827 2461 879 2512 hoc
896 2463 991 2513 dictant
1014 2462 1109 2526 atiani,

72 2529 146 2596 quod
170 2529 277 2578 Aenum
303 2533 416 2583 dicatur
440 2550 457 2580 o
483 2534 560 2582 socio
582 2531 682 2582 'Ulixis
706 2532 768 2580 ittia
793 2532 899 2596 sepulta
925 2549 955 2580 eo
980 2542 1109 2595 tempore,

71 2614 127 2665 quo
154 2602 262 2648 missus
288 2613 328 2649 est
354 2601 390 2648 ad
411 2599 560 2668 frumenta
585 2601 733 2670 portanda.
774 2598 854 2660 Fatis
870 2599 1005 2664 ‘iniqui53
1036 2597 1108 2651 beno

70 2666 139 2734 quid
156 2668 192 2717 sit
207 2668 334 2719 futurum
351 2684 486 2737 praeoocu
507 2677 542 2720 at.
559 2694 593 2707 —
628 2674 671 2725 18.
688 2667 850 2730 Aeneadas,-
868 2684 932 2720 ecce
949 2684 1001 2719 nec
1018 2665 1108 2733 Virgi-

67 2734 122 2787 lius
138 2736 249 2787 Aenum
272 2736 347 2787 dicit.
381 2686 537 2810 [Aeneadas
562 2745 656 2789 autern
680 2736 726 2787 hic
750 2736 900 2786 secundnm
923 2735 1109 2787 accusativum

69 2819 190 2857 nomeu
207 2803 378 2865 derivatumt
409 2806 489 2857 aliter
519 2806 594 2857 iuxta
617 2802 843 2867 nominativum]
868 2831 902 2841 —-
941 2809 989 2863 39.
1019 2803 1106 2853 Sacra

69 2872 222 2924 Dionaeae
238 2863 340 2934 matri3
364 2862 481 2940 Veneri,
504 2893 520 2926 a
544 2883 636 2925 matre
651 2873 757 2936 Dione,
779 2872 929 2923 secundum
946 2873 1107 2927 Homerum.

69 2940 109 2993 Et
131 2941 207 2994 bene
228 2941 381 3009 dispensat,
413 2954 444 2992 ut
467 2960 532 2993 oum
555 2946 698 2995 adversam
727 2941 929 3006 navigationem
960 2939 1109 3008 subiungit,

68 3009 231 3065 Dionaeam
254 3012 393 3062 Venerem
416 3011 503 3076 dicat,
533 3020 565 3061 ut
592 3012 647 3062 hoc
677 3010 752 3060 loco:
776 3024 840 3059 cum
866 3024 1044 3080 prosperam,
1072 3007 1108 3062 da

70 3078 148 3130 mari
165 3094 228 3131 eam
245 3078 320 3130 dicat
336 3096 394 3131 esse
411 3088 597 3148 procreatam,
614 3087 645 3130 ut
662 3083 699 3143 (5,
708 3076 796 3139 801.):
817 3077 895 3126 Unde
912 3095 1002 3143 genus
1020 3077 1105 3130 ducit.

70 3148 149 3201 Haec
167 3155 276 3212 autem,
291 3148 321 3198 in
339 3156 475 3215 quautam
491 3157 584 3220 potest
599 3151 667 3216 [non
684 3144 826 3215 semper‚]
847 3153 976 3199 reservat.
994 3171 1027 3184 -·-
1062 3151 1108 3203 20.

70 3217 247 3282 Auspieitos
265 3228 424 3282 coeptorum
445 3232 574 3283 operum,
591 3216 656 3279 Iovi,
673 3216 720 3283 qui
737 3214 808 3265 arcis
825 3214 892 3266 deus
911 3222 961 3274 est3
979 3213 1108 3279 Apollini,

71 3292 191 3355 propter
212 3285 340 3353 tuguria3
364 3285 483 3350 Libero,
506 3285 606 3354 [quasi]
629 3298 710 3335 causa
732 3283 873 3334 libertatis.
909 3282 981 3331 Nam
999 3281 1036 3331 dii
1060 3280 1108 3333 alil

73 3354 98 3404 si
119 3353 299 3419 invocentur,
329 3353 365 3404 ad
387 3354 525 3422 privatam
548 3354 689 3422 pertinent
711 3369 830 3408 calisam.
876 3349 912 3398 Ut
937 3350 972 3400 de
997 3348 1106 3401 Didone

70 3419 192 3489 legimus
222 3425 272 3487 (4,
295 3422 368 3482 59.):
400 3423 509 3474 Iunoni
539 3436 603 3474 ante
636 3439 750 3485 omnes,
788 3424 836 3470 eui
866 3419 960 3468 vinela
993 3418 1106 3483 iugalia

76 3507 177 3556 aurae,
200 3498 318 3561 propter
333 3491 442 3558 nuptias
461 3493 584 3559 quamvis
600 3491 676 3542 enim
691 3488 861 3555 reipublicae
877 3486 980 3562 utilitas
996 3486 1108 3538 simula·

73 3566 168 3624 retur,
179 3568 247 3611 erat
261 3568 356 3611 tamen
374 3560 459 3621 etiam
475 3561 598 3626 specialis
615 3576 696 3610 causa
712 3556 836 3607 Didonis.
869 3553 1000 3605 Similiter
1017 3553 1108 3606 ethio

75 3631 181 3680 Aeneas
197 3627 335 3679 sacrificat
351 3628 453 3680 Veneri
469 3629 536 3696 [scil.
553 3636 584 3678 ut
606 3630 713 3695 placeat
728 3623 832 3687 matri]
865 3622 944 3688 Quod
961 3630 1053 3673 autem
1071 3622 1106 3677 de

74 3695 182 3750 Libero
193 3696 332 3761 diximus,
353 3696 524 3765 haec,causa
541 3705 594 3749 est:
619 3708 648 3746 ut
671 3698 781 3762 signum
805 3694 840 3742 sit
859 3691 966 3742 liberae
983 3691 1107 3743 civitatis.

75 3763 150 3817 Nam
168 3765 244 3837 apud
261 3765 381 3817 maiores
397 3773 446 3816 aut
467 3766 663 3833 stipendiariae
681 3771 775 3827 erant,
798 3768 846 3812 aut
861 3760 1034 3824 foederatae,
1057 3767 1108 3813 alit·
1146 3768 1149 3773 ’
1210 3784 1214 3801 =

74 3832 192 3887 liberae.
228 3831 281 3884 Sed
303 3833 333 3885 in
347 3834 443 3886 liberis
459 3835 611 3901 civitatibus
628 3831 807 3884 simulacrum
823 3828 950 3903 Marsyae
967 3835 1041 3892 erat,
1058 3829 1107 3898 qui

73 3901 104 3955 iu
125 3902 219 3954 tutela
235 3898 331 3952 Liberi
353 3903 439 3970 patris
462 3913 509 3954 est.
543 3904 605 3985 [Sed
624 3902 754 3969 auspicia
777 3914 902 3948 ommum
923 3913 1020 3949 rerum
1036 3904 1109 3960 sunt,

75 3973 206 4039 auguria
223 3977 387 4039 ,certarum2
413 3973 550 4044 auspicari
573 3973 648 4024 enim
672 3969 769 4032 cuivis,
792 3968 877 4018 etiam
900 3966 1108 4045 peregrelincet,

73 4039 230 4110 augurium
254 4053 352 4108 agere,
375 4041 426 4092 nisi
448 4041 478 4092 in
501 4043 597 4107 patriis
621 4039 731 4099 sedibus
750 4052 807 4088 non
829 4034 901 4086 licet.
940 4034 1108 4086 Pennsstmo

791 4254 796 4282 Ι
