2454 4500
159 248 227 333 aaa
266 236 273 243 ’
321 264 328 279 ·
424 242 564 327 saara
586 260 941 333 connum-amos

91 524 94 529 Ι
159 450 277 503 suane
294 412 348 502 ni
367 448 498 532 [ainau
509 436 512 441 ’
522 458 570 504 an
586 434 727 507 ariacum
750 466 810 506 aa
832 428 971 520 conanae
988 456 1022 503 er
1037 448 1200 533 nepam>

158 537 209 571 ne:
232 526 264 569 ut
278 519 425 572 Terentius
442 520 557 587 (Heaut.
573 531 606 586 2,
623 529 657 587 1,
674 521 738 584 12·)=
763 520 865 573 Nescio
884 520 953 589 qaid
977 530 1089 587 peccate
1105 530 1198 587 portat

159 588 226 638 baec
249 591 391 656 purgatio.
416 614 452 625 -
499 594 560 648 597.
585 589 714 659 [Haesit5
745 590 886 642 dubitavit.
927 588 1009 653 Sese,·
1116 602 1195 643 omen

50 646 55 653 ¹
157 656 362 727 compositiunp
381 674 449 711 nam
465 675 524 708 sese
541 659 595 709 duo
611 652 779 731 pronomina
794 656 878 723 aurit]
894 684 930 695 -
955 662 1027 725 ⁸598.
1085 672 1193 724 asama,-

51 786 54 791 ,
76 777 82 785 ,
157 724 217 778 sine
233 733 362 796 respectu
383 726 491 792 saisitis,
513 727 618 781 scilicet
633 722 781 797 poitquam
797 726 950 797 Cyclopum
972 724 1107 795 granna
1123 726 1192 795 cogi·

157 795 225 847 tavit
239 794 370 864 pericula.
404 793 486 864 [Saue
501 795 592 848 brevis
609 797 637 849 ei
652 794 733 867 quasi
747 796 859 849 timenti
874 795 969 863 prima
985 795 1070 847 dattsr
1087 792 1191 861 oratio]
1218 800 1223 865 Ι

157 890 193 900 -
227 867 288 921 599.
306 862 420 926 Testor;
437 880 555 943 quaeso,
571 865 708 932 obtestor,
726 864 873 931 (coniuro.)
890 890 925 903 -
958 869 1022 923 600.
1035 862 1188 931 -Spiraiila
1218 870 1223 921 Ξ

157 930 253 997 vitale,
268 931 325 998 [de]
342 947 396 1000 quo
414 948 563 1002 spiramus:
580 942 609 988 et
625 941 667 987 est
683 948 776 987 sermo
793 933 952 999 Ciceronis,
968 948 1133 1002 quanquam
1146 932 1198 987 illa·
1218 968 1223 985 .

157 998 310 1068 sparnone
328 1001 372 1069 (a.
388 1001 521 1071 spatiare)
539 1002 639 1055 aaran
653 1003 684 1054 n
699 1002 777 1054 uaris
793 1002 837 1055 ue
852 1002 980 1055 Deorum
995 1008 1100 1054 nanus
1115 1006 1186 1069 (aa
1218 988 1223 1089 l

157 1072 218 1133 36).
237 1093 272 1106 -
305 1074 367 1127 001.
385 1068 590 1140 Quotcunque,
614 1087 669 1140 quo
687 1079 733 1123 eat
748 1088 807 1123 non
822 1071 940 1139 cogitat,
962 1080 1066 1122 eorum
1081 1076 1196 1153 compa·.
1219 1093 1223 1141 Ι

155 1138 263 1191 ratione
275 1154 347 1207 quae
360 1138 440 1208 fugit.
474 1138 536 1191 Hoc
550 1143 678 1204 sateritp
692 1140 825 1192 vitasseC
842 1141 986 1210 clopasz-
1019 1144 1085 1197 602.
1101 1138 1184 1209 [aean

156 1206 241 1257 modo
264 1206 423 1272 confitean]
457 1207 482 1257 E
506 1210 662 1271 elassibus,
685 1225 718 1260 ex
743 1156 881 1279 equitibus
904 1206 1005 1274 modo,
1027 1214 1062 1257 ιιι
1078 1216 1127 1261 'ert
1147 1214 1184 1277 (ι,

155 1274 249 1337 716)s·
260 1274 297 1324 Et
316 1276 436 1327 Ortinae
455 1276 568 1344 classes,
581 1278 613 1347 [ἰ.
630 1296 655 1330 e.
672 1276 798 1344 aestates]
811 1302 844 1315 -
879 1282 941 1334 603.
959 1274 1093 1339 Petiisse;
1109 1294 1183 1331 causa

155 1344 240 1394 metri
261 1344 368 1397 addidit
391 1345 537 1413 syllabam:
560 1354 592 1397 ut
608 1351 657 1413 (2,
674 1346 748 1409 25.):
774 1343 837 1397 Nos
860 1346 967 1396 abiisse
991 1345 1052 1397 rati
1068 1356 1095 1397 ιι
1109 1358 1182 1399 aean

154 1413 270 1479 petiisse
286 1413 433 1481 Mycenas.
452 1439 485 1451 -
519 1418 581 1473 604·
600 1414 693 1465 Tanta
718 1426 774 1479 est,·
798 1422 830 1465 ut
851 1428 909 1465 non
931 1414 1019 1481 possit
1040 1412 1086 1467 vel
1104 1415 1183 1467 tnui

152 1498 208 1532 nae
227 1481 379 1549 praesentis
397 1482 529 1563 qualitate
547 1483 658 1537 molliri.
677 1508 713 1520 -
745 1487 808 1541 005·
825 1482 970 1551 Spargite-,-
995 1482 1051 1535 boc
1067 1490 1110 1535 est
1123 1482 1183 1537 dila·

154 1556 262 1601 cerates
293 1559 323 1602 et
350 1554 442 1620 [qura'
457 1568 510 1603 nec
533 1553 651 1618 saevius,
672 1568 725 1603 nec
747 1552 863 1603 celerius
886 1551 962 1603 aliud
983 1548 1048 1605 fieri
1070 1548 1182 1619 potem]

153 1634 224 1669 nova
239 1617 372 1673 brevitate
390 1636 452 1671 usus
476 1628 529 1686 est,
552 1623 595 1689 [ut
616 1620 817 1689 intelligatur,'‘
825 1619 901 1688 prius
923 1619 1104 1687 laniandum,
1125 1634 1182 1673 mot

151 1687 368 1757 inspargendum
390 1687 510 1757 pelago]
526 1717 562 1731 -·
595 1694 656 1749 606.
672 1687 829 1740 Hominum
855 1688 990 1739 manilius
1005 1691 1127 1755 periisse
1143 1692 1181 1741 iu-

153 1757 247 1817 vabit3
278 1757 390 1826 oblique
412 1758 543 1826 loquitur.
583 1758 658 1811 Nam
678 1758 737 1808 ruli
759 1757 919 1823 ostendere,
942 1756 1095 1813 hominum
1116 1758 1203 1811 bant·

55 1850 58 1855 ·
137 1840 211 1882 ,non
227 1841 285 1878 esse
298 1826 501 1879 crudelitatem.
516 1854 552 1863 —
585 1833 647 1885 607.
666 1824 766 1876 Genua
785 1826 946 1906 amplexus,-
964 1826 1072 1895 physici
1086 1826 1182 1893 dicunt,

152 1910 210 1945 esse
233 1896 407 1947 consecratas
429 1894 600 1947 numinibus·
613 1895 732 1963 singulas
754 1902 1005 1964 corpons¹partes:
1036 1902 1068 1947 ut
1090 1911 1181 1949 aurem

151 1960 324 2015 Memoriae:
349 1964 414 2016 hinc
439 1971 481 2016 est
496 1964 546 2030 (E.
562 1970 596 2029 6,
612 1962 664 2027 3.):
689 1962 829 2031 Cynthius
847 1980 943 2014 aurem
966 1960 1068 2041 Veliigs
1097 1976 1123 2015 st
1138 1964 1180 2015 ad·

152 2034 264 2082 monuit
269 2051 279 2097 ‚·
303 2034 426 2085 irontem
443 2032 550 2095 Genio;
567 2032 641 2084 unde
657 2034 821 2084 venerantes
838 2031 937 2096 deum,
952 2032 1180 2101 tangimusjron·

150 2106 224 2159 tem3
249 2101 374 2152 dextram
391 2100 483 2163 Fidei3
506 2101 579 2153 unde
595 2100 770 2171 paulopost:
793 2100 880 2167 Atque
898 2102 1029 2151 animum
1046 2101 1180 2169 praesenti

149 2168 397 2236 pignore-firmam
422 2185 512 2238 genua
529 2169 752 2229 Misericordiam
776 2169 848 2220 unde
866 2169 935 2220 haec
951 2176 1073 2237 tangunt
1087 2186 1180 2236 rogan·

149 2244 204 2288 tes:
222 2244 262 2304 (ut
278 2238 359 2290 alibi:
384 2238 482 2290 Genua
499 2238 685 2305 amplectens,
708 2245 737 2290 et
752 2238 826 2289 fatur
842 2238 909 2289 talia
925 2239 1060 2307 supplex).
1097 2239 1181 2308 [Sane

147 2305 219 2356 sicin
234 2307 398 2376 frequenter
414 2306 520 2358 dictum
544 2314 598 2372 est,
621 2307 709 2358 etiam
731 2306 778 2357 bic
803 2307 953 2358 ostenditur
977 2306 1118 2360 subtiliter
1133 2310 1180 2359 An·

148 2374 245 2426 chisen
262 2384 289 2427 et
305 2377 434 2440 Aenean,
450 2381 510 2429 tam
526 2374 703 2427 Pontificatus
721 2373 937 2443 (Pontrfioalisi)
955 2392 1043 2444 quam
1056 2374 1179 2429 Flamnii

147 2443 218 2494 Iuris
243 2451 271 2495 et
294 2444 413 2513 peritos,
436 2450 465 2495 et
486 2444 625 2513 praesules
641 2444 732 2496 fuisse.
765 2445 829 2495 Iure
852 2451 947 2496 antem
969 2445 1140 2511 Pontificali,
1161 2442 1179 2495 si

147 2511 208 2579 quis
220 2512 341 2564 Flamini
357 2512 451 2581 pedes,
467 2514 510 2564 vel
523 2528 613 2580 genua
630 2512 726 2565 fuisset
740 2512 880 2579 amplexus
892 2512 1038 2565 verberari
1051 2530 1109 2566 nou
1120 2514 1180 2565 lice·

145 2579 202 2632 bat.
232 2582 292 2633 Hoc
310 2597 343 2632 eo
361 2580 600 2652 praecipiebatur,
617 2599 653 2633 ne
671 2588 741 2634 esset
757 2581 846 2632 ullum
862 2582 1125 2651 praepedimentum
1141 2598 1180 2634 re·

144 2648 270 2716 ligionis,
300 2650 446 2718 quominus
476 2650 601 2701 secundis
624 2649 785 2701 numinibus
811 2649 1002 2714 inserviretur,
1036 2659 1086 2703 aut
1116 2657 1180 2703 esset

144 2717 342 2784 importrmitas
366 2719 397 2770 in
419 2718 544 2785 profanis
559 2717 633 2771 ¹locis
656 2716 853 2787 aliquantisper
869 2719 1006 2770 morandi.
1042 2719 1124 2788 Quod
1138 2720 1179 2771 hic

144 2786 293 2856 diligenter
309 2787 419 2855 exsequi
434 2786 542 2839 videtur
559 2787 594 2838 de
610 2786 832 2852 Achaemenide,
849 2788 896 2854 qui
913 2795 975 2856 post
990 2805 1090 2858 preces
1107 2788 1180 2841 babi-

143 2863 185 2911 tas
209 2872 300 2924 genua
324 2854 478 2925 amplexus,
505 2855 621 2923 genibus
645 2854 767 2907 volutans
790 2854 938 2922 haerebat,
960 2856 989 2908 in
1014 2873 1071 2926 quo
1095 2872 1179 2922 more,

143 2924 187 2976 vel
209 2923 431 2994 praepedimenti
448 2924 461 2954 *
478 2924 594 2975 verbum
612 2923 813 2990 (Burmanni.
838 2925 1103 2992 praepedimentum
1123 2943 1179 2978 ver·

144 2992 262 3056 berum)
280 2994 378 3065 procul
395 2989 480 3045 dubio
499 3000 554 3056 est,
578 3000 639 3042 tum
663 2993 737 3060 quod
761 2999 789 3043 et
810 2992 869 3058 ipse
893 2994 1010 3061 genibus
1034 2993 1179 3059 volutabat,

142 3062 185 3114 vel
201 3062 275 3131 quod
292 3060 541 3129 genna-amplexus
559 3062 643 3114 etiam
659 3060 795 3128 religione
812 3060 982 3127 habebatur,
1000 3076 1056 3129 quo
1073 3061 1105 3113 in
1121 3064 1177 3115 loco

37 3124 40 3129 ’
141 3129 205 3185 satis
223 3147 280 3183 non
296 3130 350 3182 suit
366 3130 442 3183 nulla
460 3129 576 3183 verbera
593 3129 733 3194 adhibite,
759 3129 813 3180 nisi
831 3130 917 3183 etiam
934 3130 1001 3182 fides
1020 3130 1086 3183 data
1104 3138 1178 3197 esset,

42 3222 47 3235 =
142 3218 197 3269 qua
219 3199 352 3252 securitas
376 3196 590 3250 confirmaretur
607 3197 703 3251 veniae
720 3212 865 3250 concessae
888 3199 939 3250 illis
956 3198 1096 3251 versibus:
1119 3200 1178 3266 Ipse

140 3283 220 3336 pater
238 3268 364 3319 dextram
382 3267 518 3318 Anchises
536 3267 613 3319 baud
632 3268 720 3318 multa
740 3278 865 3317 moratus
883 3267 942 3316 Dat
960 3269 1075 3332 inveni,
1099 3281 1178 3337 atquc

141 3341 269 3390 animum
286 3338 429 3405 praesenti
452 3339 571 3404 pignore
590 3337 700 3405 firmat.
737 3334 835 3402 Neque
859 3337 935 3387 enim
959 3336 1109 3406 oportebat
1124 3346 1179 3390 tar·

139 3406 200 3457 dius
223 3406 372 3459 immorari
394 3406 520 3473 profanis
537 3405 754 3473 cognitionibus,
778 3420 844 3453 cum
868 3405 991 3472 precatio
1016 3407 1177 3459 coelestium

138 3475 257 3527 deorum
281 3474 448 3542 interposita
464 3474 543 3526 daret
567 3490 667 3525 curam
686 3471 871 3526 observandae
888 3472 1046 3541 religionis:
1073 3474 1178 3528 dixerat

138 3543 229 3597 enim:
254 3542 305 3595 Per
323 3545 417 3594 sidera
442 3553 542 3607 testor,
566 3540 617 3592 Per
641 3559 756 3607 superas
775 3554 856 3608 atque
881 3541 932 3593 boo
951 3542 1024 3592 coeli
1041 3545 1178 3611 spirabile

138 3630 257 3674 numen3
282 3629 371 3680 eaque
388 3618 503 3682 propter
529 3609 647 3662 addidit:
671 3608 758 3661 Haud
777 3608 865 3661 multa
884 3623 1028 3677 moratus,
1052 3618 1084 3663 ut
1109 3613 1177 3666 cele·

135 3683 204 3733 ritas
234 3680 417 3734 concessionis
449 3678 590 3750 piaculum
619 3679 728 3731 nullum
758 3687 849 3746 posset
878 3679 1036 3731 admittere.
1083 3682 1176 3751 Ipsum

135 3748 358 3802 A‹·haemeniden
383 3748 449 3801 hinc
473 3763 616 3820 possumus
641 3749 788 3800 aestimare
812 3748 900 3816 magis
917 3747 1036 3800 verbera
1053 3748 1176 3803 amnas

135 3835 221 3887 quam
244 3824 382 3883 mortem,
404 3825 519 3888 propter
543 3816 760 3869 confessionem:
784 3826 815 3869 ut
836 3816 956 3870 diceret:
979 3816 1110 3885 Spargite
1135 3836 1176 3870 ms

135 3889 168 3938 in
184 3887 297 3954 fluctus
315 3898 448 3952 vastoque
474 3886 629 3952 immergite
646 3897 739 3951 ponto.
776 3886 808 3937 Si
831 3904 912 3961 pereo
932 3887 1068 3937 manibus
1086 3886 1176 3939 bomi-

134 3973 203 4006 num
221 3956 339 4022 periisse
359 3956 476 4005 iuvabit.
504 3953 640 4021 ,Denique
666 3954 813 4020 posthaec
830 3955 948 4007 addidit:
973 3955 1025 4006 Ille
1043 3954 1113 4007 baec
1130 3958 1175 4008 de-

132 4028 226 4093 posita
251 4023 362 4076 tandem
381 4023 542 4093 formidine
561 4021 669 4093 satan]
692 4050 728 4061 -
761 4029 824 4085 608.
849 4021 909 4092 Qui
934 4026 989 4093 sit,
1006 4023 1092 4094 fari,·
1123 4042 1174 4097 per
1214 4058 1223 4079 .
