2454 4500
17 244 25 249 ·
64 324 66 329 ¹
106 195 157 306 'a
182 197 1066 335 vincia.aauaiu.'t1a·ua,'ssa-664:‘aas
1152 209 1156 217 ’

37 428 84 482 die
99 427 240 482 Kalendae
262 438 365 497 essent,
387 431 428 485 vel
452 431 537 484 etiam
559 431 629 484 ldus.
664 432 687 483 A
707 431 786 500 Rege
809 431 964 486 sacrificulo
986 435 1065 489 idem

31 496 136 561 fiebat:
154 499 242 564 (codd.
258 507 381 550 tantum:
404 500 515 562 culrliis3
538 501 572 551 ad
590 515 674 569 quem
698 501 851 566 celabatur,
873 502 891 554 i.
909 521 932 557 e.
949 504 1066 557 vocaba-

35 571 89 617 tur·
99 575 222 632 senatus,
238 567 386 618 vocabatur
397 576 431 619 —et
448 569 562 637 populus
579 587 596 621 a
612 583 679 635 rege
697 569 866 633 sacrificulo.)
884 577 914 620 ut
931 573 1064 638 quoniam

35 635 126 686 adhuc
144 634 206 687 fasti
229 651 284 686 non
311 642 405 699 erant,
427 636 554 686 ludorum
579 645 606 688 et
630 636 826 689 sacrificiorum
849 649 1064 705 praenoscerent

10 701 103 756 ·dies.
120 730 155 741 —
189 708 249 761 655.
268 705 355 771 Atque
374 703 436 767 hic,·
461 704 506 755 hic
523 705 551 756 in
569 703 704 772 Capitolio
721 705 859 772 [scilicet],
876 715 903 757 et
918 702 981 758 satis
997 725 1064 776 pru·

26 770 133 824 denter
152 785 318 847 ,argenteum
342 773 565 823 anserem'dixit.
606 773 679 824 Nam
703 773 780 840 quasi
805 781 831 824 et
856 775 998 844 epitheton
1012 785 1063 829 est

35 839 150 905 coloris,
173 847 200 892 et
217 841 377 907 significavit
398 858 459 891 rem
476 857 583 892 ueram.
618 842 690 892 Nam
712 842 742 892 in
766 841 900 908 Capitolio
923 843 953 894 in
974 843 1063 895 hono-
1141 852 1143 858 '

24 908 98 959 'rem
119 909 191 959 illius
209 910 327 973 anseris,
351 908 398 976 qui
416 909 559 960 Gallorum
582 910 755 977 nuntiaverat
776 911 936 976 adrentum,
959 913 1063 979 positus

32 975 221 1041 fuerat-anser
239 985 392 1043 argenteus.
425 977 541 1028 Auratis
559 976 733 1042 Parricidae,-
757 976 811 1028 hoc
828 979 863 1029 ad
885 984 994 1048 tempus
1017 997 1062 1033 re·

15 1045 97 1096 'tulit
118 1045 244 1096 florentis
260 1045 405 1097 Romanae
428 1045 604 1115 reipublicae.
644 1046 717 1095 Nam
739 1044 787 1094 illo
810 1045 885 1110 loco,
908 1047 957 1099 ubi
979 1049 1062 1101 dixit:

28 1109 175 1164 Horrebat
193 1117 269 1179 regia
290 1116 397 1164 culmo.-
421 1114 483 1166 ideo
507 1113 611 1164 addidit
627 1112 778 1177 Romulea,
801 1112 1008 1185 ut‘indipientis
1033 1126 1062 1170 et
1136 1170 1138 1175 ,

24 1183 161 1249 pauperis
184 1183 272 1232 adhuc
295 1182 408 1249 imperii
429 1190 556 1252 tempora
576 1182 739 1250 designaret.
763 1206 797 1217 -
839 1187 900 1240 656.
930 1183 1060 1251 [Galbs3
1121 1232 1124 1236 ,
1184 1191 1188 1195 ’

22 1250 169 1316 Senones,
192 1251 239 1319 qui
256 1250 375 1302 Senones
391 1250 458 1301 dicti
480 1257 543 1300 sunt
559 1253 632 1318 quod
649 1251 785 1301 Liberum
808 1257 918 1315 patrem
940 1253 1059 1323 hospitio

18 1318 218 1386 recepissent]
263 1319 402 1378 cunthart
432 1319 509 1386 quasi
531 1319 741 1389 praedivinabat
775 1316 863 1368 'Nam
888 1334 1000 1386 canere,
1031 1331 1060 1375 et
1110 1366 1114 1371 .

19 1387 124 1439 dicere
149 1394 177 1439 et
194 1387 316 1457 divinare
339 1385 481 1456 significat.
499 1413 534 1425 —
551 1393 628 1444 657.
646 1389 793 1450 decemque
817 1388 959 1453 tenebant,
983 1389 1062 1443 deest

14 1473 127 1522 paene.
174 1455 246 1506 Nam
269 1472 355 1526 prope
383 1463 539 1506 tenuerunt.
567 1480 601 1492 -
648 1460 708 1512 656.
732 1453 853 1521 Defensi
881 1463 946 1518 etc.;
977 1459 1059 1511 multi

10 1521 207 1576 'iterationem
224 1525 324 1574 volunt.
358 1523 411 1574 Alii
428 1523 521 1574 dicunt
536 1525 667 1586 tamiris,
684 1529 797 1591 propter
814 1523 965 1586 cuniculos;
983 1529 1057 1579 dono

15 1596 139 1656 nactis3
166 1608 263 1642 somno
279 1591 388 1642 Manlii:
419 1586 491 1642 Nam
508 1606 618 1642 somnus
641 1591 728 1643 noctis
745 1598 785 1641 est
800 1591 910 1642 doniam.
928 1617 963 1630 -
995 1600 1058 1652 659,

35 1661 205 1725 Catani-iem
223 1677 303 1711 coma
319 1659 382 1711 ideo
400 1661 474 1727 quod
491 1660 568 1711 caedi
584 1657 691 1729 potest]
725 1660 815 1707 Aurea
830 1661 930 1722 vestis3
946 1660 999 1712 hoc
1018 1671 1060 1714 est

34 1731 128 1784 arba.
162 1728 240 1780 Unde
256 1737 353 1778 contra
371 1731 490 1778 investes
508 1727 622 1778 dicimus
638 1727 790 1779 imberbes:
813 1727 886 1777 unde
904 1736 944 1778 est
958 1729 1060 1844 d‘ffiw:

12 1798 112 1849 Tunc
130 1796 200 1848 miti
216 1799 308 1863 prima
327 1815 415 1864 genas
432 1798 549 1847 vestibat
559 1797 635 1864 flora
654 1799 792 1845 iuventas.
809 1819 841 1830 ·-
876 1799 936 1852 660.
978 1800 1059 1866 irge-

10 1870 63 1919 tis
85 1869 179 1918 lucent
196 1868 307 1932 sagulis
313 1888 323 1928 ,-
349 1883 419 1932 quae
436 1865 576 1917 habehant
590 1865 620 1915 in
638 1865 777 1932 virgarum
793 1861 908 1912 modum
924 1865 1057 1918 deductas

10 1937 91 1988 vias.
136 1936 171 1986 Et
195 1934 266 1985 bene
290 1935 380 1985 allusit
402 1933 436 1984 ad
461 1934 599 1984 Gallicam
621 1931 759 2000 linguam,
781 1948 831 2000 per
855 1947 939 1997 quiam
962 1935 1056 2002 virgae

40 2006 152 2073 urpura
168 2003 274 2054 dicitur.
315 2001 441 2070 Virgatis
456 2017 532 2069 ergo,
550 2017 581 2052 ac
597 2001 619 2051 si
632 2001 737 2052 diceret
748 1999 912 2068 purpuratis.
948 2000 1055 2068 Gema,-

10 2022 120 2126 {instas
143 2071 241 2122 viriles.
264 2071 348 2135 'Nam
371 2071 455 2122 etium
479 2071 550 2120 viros
573 2071 658 2121 fortes
677 2068 748 2118 Galli
771 2083 870 2133 gaesus
894 2069 938 2133 (al.
955 2088 1053 2137 μεως

10 2140 56 2192 R.
83 2158 231 2208 guttatus,
255 2138 422 2206 gaesatas?)
451 2145 555 2189 vocant.
580 2165 615 2175 -
648 2142 723 2194 ¹662.
747 2135 839 2186 Sentis
863 2136 988 2203 langis5'
1004 2157 1056 2208 pet·

10 2209 111 2272 lraec,
133 2223 283 2275 corporum
301 2207 452 2259 ostenditur
468 2206 643 2274 magnitudo,
667 2212 796 2271 utsupra
819 2208 869 2270 (7,
886 2205 971 2268 275.)τ
993 2209 1055 2259 Sta.

14 2280 95 2331 bant
112 2288 262 2327 tercentum
290 2277 377 2326 nitidi
401 2277 432 2325 in
456 2277 637 2342 praesepibus
656 2275 740 2333 altis3
761 2289 811 2340 per
828 2273 902 2338 quod
919 2290 1056 2342 equorum
1083 2296 1086 2305 “

12 2345 248 2411 magnitudinem
266 2344 403 2412 expressit.
421 2370 453 2380 -
489 2351 550 2401 663.
568 2342 640 2407 Hic;
658 2343 686 2393 in
704 2340 803 2396 eodem
821 2348 905 2392 scuto.
939 2343 975 2395 Et
991 2361 1057 2396 cosr-

11 2432 94 2486 grue
118 2415 273 2465 sacerdotes
297 2414 389 2462 statim
413 2419 475 2480 post
497 2413 600 2482 templa
623 2417 832 2462 commemorat.
873 2408 982 2478 Salios,
1006 2413 1056 2482 qui
1139 2444 1154 2463 t

12 2490 88 2536 stant
111 2483 140 2534 in
163 2482 248 2534 tutela
271 2481 354 2545 lovis,
383 2480 496 2543 Martis,
525 2480 642 2548 Quirini.
683 2478 757 2529 Ditti
781 2478 855 2528 Salii
877 2477 956 2544 ideo,
979 2481 1054 2548 quod

13 2553 99 2604 circa
122 2567 183 2602 ares
207 2544 318 2602 saliunt
339 2557 367 2600 et
391 2550 550 2617 tripudiant
592 2546 663 2616 [Alii
687 2565 702 2598 a
724 2545 797 2597 Salio
817 2551 928 2597 Aeneae
952 2549 1055 2602 comite

11 2621 110 2672 dictos
131 2616 247 2682 volunt]
288 2616 442 2685 Nudasque
467 2616 625 2685 Lupercos‚·
656 2631 721 2666 cum
751 2614 781 2664 in
804 2613 941 2665 honorem
963 2617 1053 2668 Panos

10 2686 250 2756 Lupercaliorum
270 2682 402 2738 sollemne
433 2687 483 2752 (al.
505 2684 696 2742 sollemnitas)
719 2683 920 2747 celebraretur,
950 2701 1052 2752 pecora
1080 2716 1085 2723 ,

12 2751 216 2808 Romanorum
239 2754 328 2805 subito
347 2772 363 2804 a
386 2754 537 2804 latronibus
560 2761 640 2822 rapta
664 2757 733 2803 sunt.
769 2749 811 2799 llli
827 2748 955 2817 proiectis
973 2752 1053 2804 vesti.

12 2825 73 2877 bus
90 2823 226 2892 persecuti
241 2829 305 2874 sunt
320 2822 455 2886 latrones,
479 2819 577 2888 quibus
596 2817 729 2890 oppressis
747 2823 776 2868 et
790 2817 908 2882 receptis
925 2818 1051 2873 animali·

11 2893 72 2945 hus
89 2901 203 2962 propter
219 2909 281 2943 rem
298 2907 314 2940 a
331 2889 409 2941 nudis
427 2905 557 2958 prospere
580 2896 687 2957 gestam
704 2885 871 2936 consuetudo
887 2889 1051 2955 permansit,

11 2969 51 3014 ut
73 2961 141 3012 nudi
163 2959 326 3030 Lupercalia
349 2957 527 3009 celebrarent.
551 2982 586 2992 —
627 2958 687 3013 664.
704 2951 915 3025 Lanigerasque
939 2960 1051 3023 apices,-
1079 2974 1083 2983 ¹

10 3031 154 3102 flamines
175 3028 205 3080 in
230 3027 320 3097 capite
341 3026 486 3099 habebant
504 3025 610 3095 pileum
617 3024 676 3090 „in
701 3038 755 3090 quo
779 3030 840 3082 erat
861 3021 949 3074 brevis
967 3025 1050 3095 ‘virga

11 3101 136 3165 desuper
152 3097 257 3156 habens
273 3097 354 3149 lanae
371 3095 480 3162 aliquid.
517 3094 596 3161 Quod
619 3108 682 3142 cum
707 3107 756 3160 per
781 3097 869 3149 aestus
892 3092 966 3144 ferre
989 3110 1049 3148 non

14 3174 146 3241 possent,
163 3165 210 3234 iilo
226 3173 335 3218 tautum
352 3163 442 3234 capita
458 3160 577 3230 religare
593 3167 751 3230 coeperunt.
786 3159 857 3235 Narn
874 3160 953 3210 nudis
970 3163 1049 3228 peni-

13 3246 62 3289 tus
80 3251 126 3288 eos
144 3234 277 3303 capitibus
293 3231 438 3297 incedere,
462 3233 538 3284 nefas
554 3232 652 3282 fuerat.
688 3228 799 3278 Undae
817 3227 888 3294 filo,
911 3244 966 3295 quo
990 3237 1049 3283 ute-

11 3306 135 3370 bantur,
151 3305 290 3372 flamines
306 3306 370 3352 sunt
387 3299 467 3366 dicti,
483 3299 562 3367 qirasi
579 3299 736 3367 filamines.
771 3295 875 3347 Verum
896 3296 973 3347 sestis
990 3297 1048 3350 die·

13 3375 69 3426 bus
91 3372 138 3423 filo
162 3372 300 3439 deposito,
324 3369 396 3438 pilea
418 3385 528 3420 necesse
552 3375 612 3419 erat
635 3370 783 3432 accipere,
799 3379 869 3432 quae
893 3366 1046 3420 secundum

13 3445 84 3496 alios
102 3441 138 3491 ad
155 3440 352 3507 ostendendum
370 3437 515 3488 sacerdotii
532 3435 713 3487 eminentiam
736 3440 800 3502 sunt
823 3440 951 3499 reperta:
976 3433 1047 3486 sicut

12 3513 162 3565 columnae
185 3508 301 3561 mortuis
323 3505 461 3572 nobilibus
483 3500 704 3573 superponuntur
727 3501 763 3552 ed
787 3500 985 3552 ostendendum
1001 3519 1048 3555 eo-

11 3576 81 3633 rum
96 3579 224 3631 columen
249 3577 292 3643 (el.
310 3576 434 3639 culmen,
454 3588 481 3624 fv.
499 3572 611 3634 Burm.).
646 3571 698 3623 Alii
721 3570 829 3633 dicunt,
852 3584 908 3620 non
933 3579 1046 3650 propter

13 3647 198 3702 eminentiam
220 3645 359 3712 dignitatis
382 3644 435 3693 hoc
458 3642 578 3704 factum,
607 3640 655 3692 sed
679 3639 744 3706 quia
766 3652 831 3687 cum
860 3638 1063 3693 sacrihcarent.

13 3717 90 3788 apud
107 3714 346 3775 Laurolavinium,
369 3719 397 3762 et
421 3710 459 3762 eis
477 3717 539 3761 exta
554 3712 714 3776 frequenter
731 3722 792 3758 aves
810 3705 844 3755 de
862 3707 955 3758 vicinis
972 3711 1045 3770 veni:

12 3794 93 3839 entes
109 3784 175 3834 locis
193 3783 238 3849 (al.
256 3781 320 3842 luc.)
337 3776 514 3844 abriperent,
539 3776 690 3829 eminentia
713 3776 853 3841 virgarum
871 3791 915 3826 eas
938 3783 1045 3831 terrere

13 3855 168 3904 voluerunt
202 3850 304 3900 Exinde
329 3848 412 3899 etiam
431 3845 596 3898 coiisuetudo
613 3845 778 3915 permansit,
803 3850 833 3892 ut
849 3843 922 3910 apud
939 3843 1044 3897 Lauro·

11 3922 144 3975 lavinium
167 3920 303 3985 ingentes
316 3917 487 3967 haberentur
512 3914 618 3980 virgae,
642 3930 698 3965 non
724 3913 833 3975 breves,
856 3919 887 3962 ut
909 3912 938 3964 in
962 3913 1041 3971 urbe.

13 3989 93 4060 [Stint
110 3990 210 4052 edam,
233 3985 280 4054 qui
290 3986 430 4053 flamines
447 4001 464 4037 a
479 3983 632 4051 gestamme
657 3981 723 4052 pilei
740 3979 825 4031 dictos
850 3980 943 4046 nunt,
965 3983 1043 4051 qtiasi

783 4095 840 4152 32*
930 4089 938 4105 ¹
