2454 4500
136 335 142 342 .
229 220 440 355 tiriaca.
462 287 634 351 sauata.
658 260 738 391 tia.
761 287 817 365 tx,
840 292 974 358 t-ts
1058 293 1123 357 s07

80 477 167 530 unde
185 484 213 529 et
229 474 420 547 Sterquilinius
437 472 526 544 (codd.
548 476 735 541 sterculinus,
760 476 957 538 sterculinius;
982 474 1123 541 sterquili-
1144 455 1153 470 ⁵

85 552 163 608 nus)
188 547 275 598 dictus
300 557 355 610 est,
382 545 531 597 Pilumnus
554 561 618 596 vero
642 545 768 615 pinsendi
791 547 937 608 frumeuti,
961 544 1034 594 unde
1057 553 1084 594 et
1106 562 1123 595 a

110 615 244 666 istoribus
261 616 368 666 colitur.
411 614 452 664 Ab
476 614 534 682 ipso
559 614 645 665 etiam
668 615 759 679 pilum
782 613 887 663 dictum
910 620 957 662 est
993 612 1123 679 [Quidam
1196 658 1201 666 .

83 632 260 736 {Numnam
296 692 324 735 et
351 683 518 742 Pitumnum
558 682 702 734 Castorem
737 689 765 733 et
801 681 938 732 Pollucem
975 682 1122 751 accipiunt.

87 752 226 805 Nonnulli
242 753 354 804 laudum
372 752 542 818 (infantum3
568 749 829 813 cf.10,76.)deos.
864 751 951 801 Varro
968 749 1124 815 coniugales
1210 790 1214 795 .

80 823 159 873 deas
176 820 349 890 suspicatur]
388 820 504 870 Sacrata
522 820 609 879 valle,
633 820 696 870 ideo
715 829 842 879 sacrata,
859 819 937 885 quia,
962 825 992 867 ut
1008 816 1127 870 diximus

88 906 179 957 supra
196 895 238 957 (l,
255 890 327 951 441.)
335 927 343 954 ,
366 904 508 956 nunquam
533 896 575 940 est
589 887 665 937 lucus
688 888 746 939 sine
763 885 905 954 religione.
938 886 1068 951 Sedebam
1093 893 1124 937 ut
1174 898 1181 907 ·
1211 918 1213 925 ·

49 1004 58 1025 ,
87 960 181 1028 Asper
198 959 278 1023 dicit,
302 971 377 1022 crot5
402 974 472 1024 quae
490 956 608 1010 clausula
625 956 738 1024 antiqua
753 962 810 1018 est,
833 961 862 1006 et
878 956 912 1006 de
935 970 986 1005 usu
1006 964 1123 1007 remota.

86 1025 250 1079 Secundum
273 1028 400 1078 Plautum
423 1024 539 1093 [autem]
563 1026 669 1089 sedere,
698 1033 739 1075 est
763 1023 909 1074 consilium
929 1040 1047 1092 capere,
1075 1024 1125 1092 qui

86 1095 200 1148 inducit
216 1095 256 1162 [in
272 1093 453 1158 Mostellaria]
468 1111 578 1147 servum
594 1093 745 1145 dicentem:
766 1092 832 1142 Sine
851 1094 931 1143 iuxta
950 1112 1028 1143 cram
1047 1095 1122 1144 sede·
1177 1118 1180 1131 v

88 1184 149 1230 aru,
168 1177 193 1214 et
210 1165 281 1216 dabo
301 1165 416 1217 meliora
437 1165 567 1214 consilia.
603 1160 655 1214 Sed
671 1160 822 1213 secundum
839 1178 957 1230 augures
975 1164 1066 1213 sectere
1082 1169 1123 1214 est

88 1233 243 1303 augurium
268 1242 388 1301 captare.
422 1233 549 1300 Namque
572 1239 634 1298 post
651 1231 810 1298 designatas
834 1231 905 1282 coeli
927 1240 1018 1298 partes
1042 1248 1058 1283 a
1082 1248 1122 1283 ss-

89 1302 222 1353 dentibus
240 1302 420 1372 captabantur
438 1301 566 1369 auguria:
591 1301 664 1368 quod
682 1307 710 1351 et
725 1315 809 1367 supra
826 1297 884 1366 ipse
903 1301 1021 1352 ostendit
1036 1300 1121 1353 latea-

88 1378 151 1435 ter,
180 1371 312 1422 inducens
335 1372 429 1420 Picum
453 1372 542 1420 solum
566 1369 721 1432 sedentem,
747 1377 778 1419 ut
801 1372 832 1432 (7
841 1406 849 1434 ,
867 1369 954 1430 187.):
978 1368 1122 1436 Parvaque
1199 1412 1204 1419 .

89 1439 205 1490 sedebat
221 1439 386 1489 Succinctus
404 1440 516 1489 trahea:
541 1438 614 1506 quod
632 1446 673 1488 est
689 1451 843 1504 augurum,
870 1454 934 1487 cum
958 1438 1026 1490 alios
1049 1448 1122 1490 stau-

87 1517 134 1559 tes
150 1508 294 1559 induxerit.
328 1510 402 1574 Ergo
422 1510 547 1571 sedehat,
564 1514 612 1557 esst
628 1513 704 1570 erat,
721 1514 769 1556 aut
785 1505 898 1557 consilia
916 1507 1057 1575 capiebat,
1075 1515 1122 1557 aut

87 1570 296 1644 augsarabatur.'
322 1577 410 1695 (Unde
429 1585 456 1627 et
472 1577 517 1627 hie
535 1576 617 1625 lucus
633 1573 692 1626 vice
709 1575 784 1626 aedis
800 1583 923 1626 sacratae
941 1575 1027 1645 accipi
1039 1576 1123 1628 debet

88 1644 167 1714 quod
183 1643 288 1714 plenius
303 1643 323 1694 il
335 1660 351 1693 o
368 1644 428 1697 loco
445 1645 549 1694 dictum
567 1651 609 1695 est
624 1647 656 1708 (7
665 1680 673 1707 ,
690 1643 775 1703 174.):
798 1642 859 1694 Hoc
878 1645 939 1694 illis
957 1647 1038 1695 curia
1056 1657 1121 1696 tent·
1168 1677 1171 1681 -

89 1716 181 1785 plum.
214 1716 269 1763 Ant
282 1712 344 1780 quia
357 1713 385 1763 in
400 1713 466 1764 locis
479 1715 563 1764 sacris
576 1711 709 1774 sedentes,
720 1711 767 1779 qui
779 1712 893 1764 consilia
904 1712 1030 1765 habituri
1042 1722 1122 1766 eraut

88 1781 200 1834 curiam
216 1781 247 1832 in
263 1781 365 1850 templo
382 1782 528 1844 haberent,
545 1779 620 1848 qnod
636 1780 729 1830 Numa
746 1797 811 1831 cum
827 1781 917 1846 sciret,
934 1783 1122 1839 Vestaeaedi·

87 1852 185 1903 culam
207 1865 264 1901 nou
287 1850 423 1919 templum
446 1852 554 1915 statuit,
583 1866 619 1900 ne
641 1847 681 1900 ibi
705 1847 818 1911 Senatus
841 1850 940 1902 haberi
964 1859 1069 1919 posset,
1093 1850 1123 1904 et

85 1922 151 1991 ipsa
173 1917 335 1971 necessitate
357 1919 549 1970 virtiutroiret
570 1919 688 1968 locum..
713 1917 786 1968 Nam
815 1926 843 1970 et
872 1919 931 1986 ipsa
957 1922 1078 1972 consilia
1103 1938 1121 1972 a

88 1988 221 2052 sedendo,
237 1987 314 2054 quasi
332 1989 461 2039 considio
479 1988 551 2038 dicta
569 1993 639 2038 suut.
672 1984 831 2037 Sedeutium
848 1991 924 2039 enim
942 1989 1028 2040 suinai
1045 1995 1121 2041 tran·

88 2057 231 2128 quilliores
248 2053 379 2120 fiunt.]-
414 2065 438 2115 5.
457 2055 849 2118 Thaumantias;·secundum
866 2058 1013 2126 poiticam
1029 2058 1121 2126 ¹Rhatt-

86 2125 193 2191 mantis
209 2122 277 2195 iilia.x
314 2125 446 2176 Ceterum
463 2143 495 2177 ex
511 2123 695 2176 admiratione
712 2123 766 2174 hoc
783 2141 888 2176 nomen
905 2127 1026 2195 accepit,
1049 2143 1120 2194 quae
1172 2148 1178 2155 ·

86 2192 200 2276 (quial)
224 2192 371 2245 admiratio
396 2193 429 2244 de
456 2193 513 2246 eius
535 2191 673 2243 coloribus
696 2192 818 2244 nascitur
841 2196 884 2262 [et'
898 2194 1004 2247 Graece
1021 2192 1121 2264 θαῖμα

85 2258 210 2326 dreitur]
226 2288 261 2300 -—
294 2266 320 2318 6.
338 2260 446 2314 Diuum
470 2262 630 2328 promittere
655 2277 750 2326 nemo;
775 2278 854 2314 nemo
879 2279 931 2330 pro
957 2265 1055 2315 nullus
1072 2280 1121 2336 po·

86 2331 160 2393 suit;
176 2335 204 2381 et
220 2336 262 2381 est
273 2330 442 2398 Acyrologia.
476 2331 547 2382 Nem
567 2331 664 2382 divum
682 2346 771 2395 nemo,
787 2347 843 2383 non
860 2347 1004 2398 possumus
1021 2333 1122 2400 dicere,
1190 2356 1200 2365 ·

86 2415 157 2452 cum
178 2397 290 2468 proprie
313 2416 392 2448 nemo
418 2399 453 2448 sit
477 2415 525 2449 nec
549 2398 640 2452 homo.
663 2425 698 2439 ι-
744 2407 771 2456 7.
795 2400 929 2464 Ausara,-
960 2402 1041 2454 dooet
1069 2419 1121 2474 per

85 2467 236 2520 transitum
258 2467 346 2519 multa
375 2466 516 2518 interdum
545 2475 704 2536 temporum
727 2467 836 2520 ratione
860 2471 1021 2537 provenire,
1050 2487 1120 2538 quse

86 2535 205 2589 numina
221 2542 361 2602 praestare
378 2549 433 2586 nou
451 2544 576 2602 possunt:
600 2535 776 2603 quodetiam
798 2536 880 2607 paulo
898 2545 960 2607 post
974 2538 1004 2589 iu
1021 2539 1120 2591 Matris
1188 2546 1191 2551 '

86 2607 172 2658 deum
188 2603 320 2674 petitione
336 2603 459 2673 luppiter
476 2603 579 2670 probat
593 2603 783 2679 dicens'(97‚):
807 2604 862 2656 cot
884 2616 964 2656 tanta
983 2608 1033 2659 dcc
1057 2625 1119 2674 per-

88 2676 180 2725 missa
210 2684 339 2738 potestas.
391 2671 549 2734 Volvenda3
581 2688 633 2738 pro
663 2673 809 2723 volubilis.
851 2674 978 2740 [Aeneas
1003 2676 1070 2726 urbe
1094 2687 1120 2725 et

88 2743 194 2805 sociis,·
211 2740 247 2792 ab
266 2741 423 2802 occasione,
440 2747 469 2791 et
485 2740 604 2791 ostendit
620 2739 685 2808 quid
702 2739 743 2790 illi
759 2742 971 2810 expugnandum
988 2744 1037 2808 sit,
1054 2743 1119 2812 quia

87 2818 167 2864 carot
188 2809 339 2861 defensore.
377 2807 464 2874 Urhe3
491 2809 558 2858 urbs
581 2809 633 2858 ista
656 2823 727 2876 quae
751 2816 793 2859 est
814 2816 905 2861 tutam
928 2813 941 2842 *
965 2816 1053 2878 (quae
1078 2819 1120 2863 est

86 2881 163 2932 dicta
178 2877 279 2942 Troia,
295 2874 361 2936 uti)
379 2882 421 2942 (7,
439 2876 523 2936 157.)c
546 2876 608 2943 Ipse
625 2875 729 2927 humili
747 2877 876 2943 designat
894 2882 1004 2931 moenia
1016 2880 1119 2949 fossa:

86 2950 160 3023 nanc
179 2946 308 3005 Castrum
326 2943 457 2996 Laurens
481 2943 520 2994 ait
536 2944 591 2995 dici
609 2946 712 3010 Varro,
735 2959 769 3011 op
789 2945 867 2997 idum
884 2954 966 3001 tacet.
1001 2947 1053 3002 Sed
1070 2949 1119 3000 ubi

86 3012 333 3090 primum'lleueas
350 3028 474 3081 egressus
491 3011 540 3078 sit,
563 3028 628 3064 eum
650 3012 743 3064 locum
785 3014 876 3065 roiam
893 3018 1049 3084 nuncupari
1062 3025 1121 3071 tre·

88 3086 164 3137 ditur
189 3081 303 3151 (tradit).
320 3083 334 3114 *
350 3109 384 3120 -
419 3087 444 3138 9.
469 3079 597 3132 Palatini
603 3104 613 3145 ,-
635 3081 769 3151 prolepsis
792 3081 851 3148 est]
867 3111 903 3123 -
937 3091 980 3142 10.
997 3084 1055 3136 Nec
1073 3103 1120 3136 sa.

87 3156 144 3215 tis,·
170 3150 240 3219 quia
263 3149 440 3214 occurrebat,
472 3148 508 3201 ab
531 3149 661 3200 Euandro
685 3166 750 3201 eum
779 3152 860 3204 facile
883 3168 962 3223 posse
985 3171 1122 3208 remeare.
1218 3198 1225 3207 .

89 3218 200 3274 Corithi
215 3220 386 3285 penetrauit,·
403 3220 446 3286 [ut
459 3224 550 3268 totam
565 3216 708 3270 Etruriam
725 3234 887 3288 peragrasse
898 3213 1034 3274 'viseum
1070 3221 1121 3277 Coe
1182 3252 1201 3279 ·,

89 3287 160 3344 rititi
179 3285 282 3349 autern]
298 3286 400 3338 montis
418 3285 550 3351 Tusciae,
573 3286 635 3354 qui,
660 3294 691 3337 ut
707 3287 822 3339 diximus
839 3294 888 3356 (7,
904 3291 993 3356 209),
1015 3307 1120 3344 nomen

87 3357 196 3427 accepit
218 3374 235 3407 a
259 3355 374 3405 Coritho
398 3369 481 3419 rege,
510 3369 575 3404 cum
599 3355 676 3406 cuius
696 3371 792 3408 »uxore
816 3357 1122 3428 concubuit‘luppiter,

87 3426 162 3478 ualde
179 3430 323 3477 natusest
339 3422 491 3474 Dardanus.
528 3420 698 3487 [Penetravit
720 3432 814 3476 autem
837 3425 925 3491 bene,
949 3427 1014 3495 quia
1036 3446 1121 3499 supra

86 3495 194 3547 dixerat
218 3494 390 3558 penitus.·-
426 3496 468 3546 11.
492 3486 691 3559 Lydorumque
718 3510 848 3559 mouum;
875 3496 968 3549 omnia
991 3497 1060 3549 haec
1086 3497 1120 3550 ad
1209 3491 1213 3496 ’

49 3594 51 3604 .
87 3562 260 3614 occasionem
284 3559 403 3611 faciendi
427 3557 583 3625 pertinent,
606 3577 637 3612 ex
661 3562 877 3630 longinquitate,
903 3572 934 3614 ut
950 3565 1055 3617 dictum
1072 3574 1121 3630 est,

85 3629 218 3698 regionis.
231 3654 267 3665 -
302 3633 344 3682 12.
362 3625 446 3677 Nunc
464 3638 572 3693 tempus
578 3650 589 3692 ,-
606 3646 622 3680 a
639 3630 735 3696 metu]
770 3632 867 3683 Armet
884 3645 1022 3699 agrestem
1040 3653 1077 3686 ne
1094 3635 1121 3689 ei

85 3697 267 3755 formidinem
291 3693 413 3756 inliciat,
437 3704 557 3762 agrestes
575 3713 633 3750 esse
650 3708 859 3752 commemorat.
876 3727 911 3739 ·-
947 3708 990 3759 13.
1008 3703 1043 3753 Et
1059 3716 1120 3758 tur-

87 3769 153 3819 bata
172 3767 266 3831 arripe
285 3775 404 3825 castras
420 3771 467 3812 aut
494 3765 604 3830 arripe,
629 3779 655 3819 ct
680 3768 778 3817 turbas
803 3777 851 3820 aut
872 3771 985 3821 tartara
1009 3773 1121 3837 invade,

84 3852 137 3907 per
155 3833 310 3884 absentiam
328 3834 436 3882 Aeneae
454 3831 634 3899 (inordinata,
651 3844 705 3884 arat
728 3844 804 3888 certe
820 3836 905 3888 turba
922 3847 949 3888 et
966 3840 1023 3893 arri
1044 3859 1068 3895 e.
1085 3867 1121 3883 κ-
1155 3854 1169 3879 ⁸

86 3907 131 3961 14.
150 3901 271 3953 Paribus
291 3900 365 3962 alis,
383 3898 401 3948 i.
419 3916 441 3949 e.
459 3901 634 3967 aequalibus,
651 3910 680 3955 et
696 3905 816 3955 ostendit
831 3907 973 3972 aequalem
990 3860 1121 3961 volatum.

85 3997 123 4010 —
158 3976 200 4027 15.
218 3969 317 4034 Fuga,·
335 3982 387 4036 pro
404 3965 487 4017 veloci
504 3968 610 4034 reditu,
625 3987 716 4038 neque
733 3973 809 4024 enim
832 3973 924 4039 frigit]
956 3975 1050 4027 Sccuit
1067 3978 1119 4028 sub
1183 4013 1185 4017 -

88 4038 214 4092 nubitur
232 4052 346 4100 orcum5
363 4035 416 4087 hoc
427 4034 487 4102 est,
504 4035 593 4103 duxit,
609 4045 641 4093 ut
657 4043 700 4106 (6,
715 4042 801 4103 900.)=
825 4041 878 4094 lile
893 4045 972 4094 uiam
991 4057 1066 4095 secat
1082 4046 1120 4096 ad
1159 4062 1163 4076 ⁴
1216 4058 1223 4113 ἰ
