2454 4500
114 289 157 330 11
182 266 347 333 vinem
369 248 543 337 sunnio.
563 272 647 339 nio.
668 275 711 349 11.
732 280 929 348 su-osr.
987 286 1051 351 167

51 455 150 519 l30.):
169 456 276 525 lgneus
294 470 334 509 est
352 458 420 511 ollis
438 461 521 527 vigor
537 466 564 511 lt
581 458 708 511 coelestis
727 461 816 527 origo.
851 461 953 519 Anima
964 463 1050 529 enim,

51 526 68 579 i
94 542 171 594 pars
197 534 252 578 est:
273 528 385 599 [corpus
409 544 475 580 vero
500 526 620 595 aquiae3]
644 528 760 593 umbra,
783 529 947 583 inferorum.
981 534 1048 584 ldeo

56 595 250 661 adeo),ergo
272 611 330 647 non
353 597 444 666 posuit
466 598 595 666 generale
612 597 729 649 deorum
752 614 874 651 nornen:
897 609 926 651 et
942 601 1048 655 addidit

51 663 189 729 Leetibm,
213 682 250 716 ne
275 664 457 717 crederentur
477 666 580 719 iniemi
603 665 656 731 dii,
685 665 735 734 qni
759 666 869 719 datores
895 670 966 722 vitae
990 686 1047 722 non

51 740 72 783 t.
97 758 136 770 ·-
171 736 235 790 642.
258 732 335 785 Satis
357 751 512 801 superque;
542 736 578 787 nd
601 742 780 803 astgmentum
804 752 940 805 superque
964 739 1047 792 addit.

60 808 169 853 autem
187 802 294 855 Tmesis
312 802 401 870 (codd.
419 803 531 864 temes).
566 803 636 855 Sane
654 803 795 855 sciendum
813 814 862 869 est,
877 822 937 858 esse
953 808 1047 875 aliqua

51 886 74 923 e
103 878 292 938 augmentum
314 886 371 922 non
394 872 548 942 recipiunt,
570 890 606 925 ne
623 873 714 925 minus
729 872 896 941 significent:
919 882 951 927 ut
972 877 1046 928 sotis

51 938 158 991 fectus.
194 939 275 990 Num¹
293 939 450 1005 quaeritur,
474 949 571 992 utrum
593 940 743 1009 perfectior
772 943 857 1013 possit
878 945 987 998 i'ucere:
1010 962 1047 997 ne

51 1008 122 1078 piat
143 1007 222 1058 Satis
244 1008 383 1076 perfectus
407 1009 499 1061 minus
521 1009 686 1076 significare.
715 1036 747 1047 —
790 1014 851 1069 643.
881 1010 944 1063 Una
969 1015 1043 1063 exci-

53 1098 70 1141 ,1
105 1076 160 1128 sub
184 1076 375 1129 Laomedonte
423 1077 458 1129 ab
487 1078 605 1130 Hercule
635 1094 723 1129 unum
749 1080 885 1131 excidium
913 1080 1047 1147 viderat]

51 1144 151 1199 nelil.
176 1146 252 1212 quod
275 1146 314 1203 ait
332 1145 388 1199 sub
436 1163 523 1211 eom,
546 1154 576 1199 et
598 1146 635 1197 ab
657 1148 756 1209 Herc.;
779 1147 844 1209 sed)
870 1146 1045 1219 emphaticas

51 1214 213 1265 teacidia.
248 1213 477 1282 [superavimus,·
499 1213 716 1281 superviximus]
732 1244 768 1255 -
800 1220 862 1274 544.
873 1218 925 1269 -Sic
944 1238 959 1272 c
977 1226 1045 1283 ste,

51 1280 192 1339 nu'taus
208 1290 263 1335 est:
286 1291 425 1352 praestate
447 1300 494 1335 vos
518 1284 588 1335 mihi
610 1284 728 1337 funebre
751 1284 895 1339 solatium:
917 1287 971 1338 hoc
994 1294 1044 1353 cst,

51 1350 144 1405 amini
167 1368 230 1413 me;
260 1358 292 1403 ut
316 1352 372 1404 dici
403 1351 520 1403 mortuis
543 1353 612 1406 solet
644 1352 726 1419 Vale,
753 1355 832 1419 vale,
863 1356 939 1417 celei
968 1355 1043 1408 unda

60 1422 142 1484 ml:
166 1404 203 1470 El
219 1437 324 1489 magna
343 1438 503 1489 supremum
520 1438 585 1473 voce
604 1424 725 1485 ciemus;
748 1424 825 1490 [nam
839 1423 903 1476 ideo
921 1426 1043 1490 coposi-

51 1502 74 1553 2,
90 1496 122 1543 et
136 1506 241 1557 corpus
253 1487 342 1555 dixit]
374 1488 494 1542 Mortem
512 1498 606 1543 autem
623 1506 675 1558 ogo
692 1506 779 1541 manu
795 1492 880 1543 bostis
895 1492 1043 1547 inveniam.

51 1570 78 1609 u
94 1556 145 1609 hic
161 1558 232 1609 ordo
248 1566 303 1611 est:
326 1559 404 1627 [Ego
420 1558 560 1612 inveniam
575 1567 697 1612 mortem
713 1575 799 1610 niano
816 1560 913 1614 hostis:
927 1561 976 1613 ille
991 1560 1044 1613 mi-

51 1624 146 1681 ebitut
170 1634 202 1679 et
223 1634 300 1697 petet
325 1626 518 1693 1111111111-
561 1632 623 1687 545.
647 1626 831 1681 Miserebieur
867 1644 932 1682 vcro
968 1630 1045 1695 dixit,

51 1702 108 1747 em
125 1696 186 1749 eius
202 1695 251 1761 qui
267 1696 398 1767 cupiebat
412 1696 551 1749 interimi:
573 1704 605 1746 ut
621 1712 687 1750 etun
703 1695 787 1749 hostis
803 1696 880 1765 quasi
897 1698 1043 1753 miseratus

50 1760 154 1817 [deret.
195 1763 241 1817 Sic
264 1764 294 1815 in
317 1781 392 1816 nono
417 1766 501 1832 (495.)
525 1773 618 1817 mater
641 1766 766 1832 Euryali:
795 1765 850 1817 Aut
880 1778 911 1817 tu
935 1782 1044 1819 summe

51 1846 83 1883 er
106 1835 208 1885 divum
233 1835 378 1899 miserere,
400 1845 503 1901 tuoque
521 1834 651 1885 Invisum
674 1833 726 1887 boc
750 1835 864 1887 detrude
888 1847 972 1902 caput
990 1836 1043 1887 sab

51 1916 116 1953 'ara
141 1904 211 1968 telo,
234 1900 356 1969 Quando
382 1904 466 1955 aliter
490 1920 578 1970 neque
603 1903 741 1955 crudelem
765 1904 928 1969 abrumpere
946 1906 1045 1971 vitam,

56 1972 125 2039 (10,
141 1969 230 2033 effi:
254 1970 307 2021 Vos
331 1988 347 2022 o
373 1974 463 2038 potius
486 1971 656 2024 miserescite
679 1968 779 2034 venti]
815 1973 877 2039 (Alii
900 1990 939 2026 sic
963 1988 1044 2042 expo-

51 2044 88 2091 it:
111 2048 142 2092 et
158 2041 353 2104 miserebitur,
376 2040 394 2091 1.
415 2058 439 2093 1.
457 2040 531 2107 quod
547 2040 587 2093 illi
610 2040 703 2090 hostili
720 2040 814 2093 animo
831 2042 964 2107 fecerint,
988 2060 1003 2093 1
1023 2054 1041 2090 o

52 2107 215 2161 ericordiae
230 2108 292 2160 loeo
309 2108 429 2172 ducam.)
446 2135 481 2146 —
514 2113 576 2166 645.
593 2109 775 2177 Exuviaspue
793 2122 861 2175 petet
871 2130 880 2175 3
899 2109 977 2179 quasi
995 2124 1011 2159 o
1032 2136 1044 2151 -

51 2172 100 2230 do:
128 2176 183 2231 Sed
211 2176 360 2247 spoliatum
388 2177 496 2244 linquet
524 2177 654 2229 cadaver:
685 2185 714 2229 et
735 2179 886 2244 responsio.
934 2178 1044 2234 Facilis

51 2250 118 2295 tura
136 2247 262 2313 sepulcri
268 2263 277 2306 ;
292 2254 341 2298 aut
357 2246 510 2299 secundum
526 2246 692 2315 Epicureos,
708 2245 756 2313 qui
773 2248 876 2310 dicunt,
892 2246 934 2297 nil
949 2262 1045 2315 snper·

51 2326 63 2361 1
80 2322 304 2385 postmortem·
323 2316 387 2381 (Aut
395 2314 516 2383 facilis,
539 2314 773 2388 contemptibilis,
796 2322 824 2367 et
840 2315 906 2367 levis
924 2314 1044 2383 sepienti

51 2390 79 2447 t,
99 2390 132 2433 ut
145 2385 186 2435 sic
207 2384 316 2435 iactma
332 2383 537 2454 dispendium3)
570 2390 618 2435 sut
634 2383 687 2437 hoe
705 2384 784 2437 dicit:
806 2384 905 2435 Facilis
922 2384 1043 2451 sepultu-

70 2450 180 2505 iactura
197 2459 253 2511 est,
271 2467 356 2519 qstam
373 2459 463 2521 potest
478 2453 560 2509 ruina
577 2460 727 2521 praestare.
744 2478 779 2491 -·
812 2456 873 2511 647·
892 2452 1042 2519 (Inutilis,-

51 2528 85 2583 ὓ,
106 2520 174 2587 quia
191 2519 289 2573 debilis
311 2520 396 2572 fuisse
413 2520 513 2571 dicitur
530 2529 592 2590 poet
605 2521 740 2584 fiumen.)
775 2519 884 2572 Annos·
897 2523 1052 2585 demororp

51 2586 85 2639 ui
103 2588 267 2641 {mussites
291 2588 340 2640 diu
363 2589 476 2641 vivendo
501 2589 621 2645 detineo.
644 2615 678 2633 κ-
719 2593 781 2647 649.
804 2589 949 2641 Fulminis
974 2599 1044 2649 stoi

51 2657 305 2733 ssime-eulminum
321 2673 440 2725 genera:
467 2659 598 2725 estquod
614 2658 705 2724 efflat,
723 2658 796 2727 quod
812 2658 950 2725 incendit,
968 2657 1043 2726 quod

51 2718 93 2776 lat.
138 2726 184 2781 De
209 2727 264 2779 boc
287 2734 383 2785 atatem
405 2726 486 2778 siluit.
526 2726 697 2779 Fulminatus
721 2734 763 2783 est
787 2734 881 2783 autem
904 2728 1045 2791 Anchises,

51 2806 73 2845 ι
94 2809 123 2847 ss
145 2812 213 2847 casm
235 2796 344 2849 Venere
366 2795 544 2849 concubuisse
567 2796 699 2850 iactabat.
732 2794 820 2864 [Sane
845 2792 943 2865 offleii
961 2794 1044 2915 δορὰ.

51 2862 203 2931 afflatitiil
228 2865 358 2930 tectique
368 2864 497 2921 dicuntur
520 2864 595 2934 capti
611 2864 761 2927 membris3
784 2872 816 2917 ut
833 2866 961 2930 Cicero(
985 2862 1042 2921 atil.

53 2934 108 2995 811
129 2934 234 2987 Taotm
256 2932 343 2986 etiam
364 2932 425 2998 1111,
448 2933 497 3001 qui
520 2934 593 2987 banc
609 2932 712 2991 urbem
727 2933 864 2998 condidit,
887 2930 1044 3013 Romulum}

51 2992 127 3052 lasis
149 3002 258 3066 centies
285 3001 358 3054 bene
381 3002 462 3066 dixit,
488 3000 553 3069 qiua
575 3001 642 3067 scit,
671 3017 729 3057 non
751 3001 806 3057 iaci
828 3001 963 3067 fulmina,
987 3001 1044 3058 nin

51 3078 75 3119 n
89 3070 160 3123 flatu
174 3079 337 3135 ventorum,
353 3078 385 3120 ut
400 3070 430 3127 in
447 3071 514 3122 VIII.
532 3071 627 3137 (429.):
645 3070 712 3124 Tris
730 3071 831 3127 imbris
849 3072 917 3122 torti
936 3070 1044 3134 radios,

51 3148 61 3181 t
79 3142 162 3193 uubis
180 3156 304 3208 aquosae
318 3138 479 3195 Addiderat.
515 3134 595 3211 (Sane
607 3139 643 3198 de
658 3137 819 3191 fulminibus
836 3138 890 3195 hoc
907 3138 1044 3209 slniptum

51 3200 211 3267 Reconditis
226 3208 382 3265 invenitur:
405 3207 488 3274 Quod
513 3210 541 3259 si
564 3224 644 3273 quem
662 3209 816 3274 principem
835 3208 976 3270 civitatis,
999 3206 1046 3265 vel

51 3288 99 3327 'em
115 3278 232 3348 fulmen
255 3277 402 3346 afflaverit
426 3289 451 3332 et
475 3277 677 3342 supervixerit,
701 3288 827 3343 posteros
850 3278 914 3329 eius
933 3274 1043 3331 nobiles

51 3356 122 3405 beros
139 3360 165 3401 et
188 3359 318 3398 aeternae
342 3348 459 3413 gloriae.
493 3344 598 3401 Fabula
620 3361 687 3402 sane
709 3344 770 3401 talis
794 3351 847 3397 est:
871 3345 944 3396 Cum
967 3343 1043 3401 inter

51 3416 134 3479 [tales
149 3416 286 3471 exultaret
301 3416 440 3482 Anchises,
456 3414 588 3482 gloriatin
603 3413 721 3470 traditur
738 3414 772 3465 de
790 3412 938 3471 concubitu
955 3413 1044 3471 Vene-

51 3483 151 3554 s'qood
166 3502 234 3537 cum
249 3484 307 3536 Iovi
323 3486 414 3543 Venus
432 3490 528 3551 questa
545 3490 632 3548 esset,
649 3482 784 3547 emeruit,
801 3480 878 3537 utin
894 3480 1043 3539 Anchisem

51 3554 123 3610 mina
138 3556 334 3616 mitterentur3
357 3554 406 3605 sed
421 3554 512 3603 Venus
529 3568 595 3611 eum
611 3567 677 3609 cum
700 3552 817 3607 fulmine
834 3562 914 3619 posse¹
934 3550 1044 3603 uidisset

51 3624 145 3689 trimi,
168 3623 309 3681 muscata·
323 3620 452 3680 iuvenem
475 3621 607 3676 insiliam
628 3629 739 3691 partem
762 3617 890 3686 detorsit,
911 3618 1043 3676 Anchises

51 3704 99 3746 ren
117 3693 227 3745 afflatus
248 3693 316 3757 igne
339 3690 453 3745 coelesti
476 3705 586 3760 semper
609 3689 707 3747 debilis
730 3688 811 3749 viiio)
827 3712 863 3729 ‘⁹
896 3692 957 3745 osi.
981 3685 1043 3743 Nos

51 3774 121 3827 11ης
144 3759 364 3835 praepositiones
380 3760 424 3812 vel
438 3759 569 3815 adverbia
591 3759 622 3812 in
638 3777 656 3810 a
682 3757 808 3813 exeuntia
832 3756 915 3807 modo
939 3756 1042 3826 produ·

51 3830 219 3885 uiritimam
232 3829 359 3896 literam,
376 3835 488 3898 excepto
506 3841 589 3895 puta,
606 3828 646 3895 [et
663 3830 720 3881 itae
737 3824 815 3894 quia]
830 3825 903 3899 apud
918 3825 1043 3882 Ennium

51 3899 208 3957 Pecssvium
235 3897 330 3950 brevia
358 3904 428 3951 sunt.
469 3898 539 3953 Hinc
570 3904 612 3949 est
639 3895 713 3965 quod
744 3894 829 3949 etium
858 3909 1041 3947 numerorum

51 3972 118 4025 nina
140 3965 349 4023 indeclinabilia
367 3985 384 4017 a
401 3965 570 4037 producunt;
592 3972 626 4017 nt
648 3968 690 4030 (1,
713 3962 800 4025 269·):
823 3962 957 4029 Triginta
983 3980 1042 4011 mn-

52 4058 69 4096 e
87 4036 244 4096 volvendis
261 4037 407 4089 mensibus
425 4035 514 4088 orbes.
548 4035 591 4087 Ea
606 4047 672 4086 vero
688 4048 760 4101 quse
776 4030 962 4096 declinantem,
979 4030 1044 4082 bre·
