2454 4500
76 326 78 330 .
172 277 236 340 352
429 265 564 328 sautu
587 254 930 329 commutaremus
1046 300 1051 311 ·

171 450 305 522 corruptis
327 449 495 512 custodibus,
518 451 590 529 ,[rel,
613 438 649 502 ut'
665 450 778 520 quidam
799 443 924 514 tradunt,
947 449 985 500 ab
1010 447 1123 519 amisis]
1141 449 1188 501 'sub

170 520 289 572 &mendi
312 519 432 571 muneris
461 534 564 587 specie,
593 534 647 585 quo
677 517 821 570 simulabat
844 534 919 588 posse
950 533 1053 599 regern
1083 517 1186 587 placari,

170 603 263 639 ceram
286 589 325 655 [et
344 584 445 649 linum]
468 586 574 653 accepit
595 592 623 637 et
645 592 764 655 pennas,
786 585 857 637 unde
879 592 938 636 tam
960 586 1016 636 siai
1035 602 1121 653 qssam
1136 585 1184 636 filio

171 655 220 706 alis
235 654 368 725 impositis
384 654 510 716 evolavit,
533 656 600 722 [per
621 669 758 705 summam
781 653 856 705 aedis
879 660 1003 732 partem,
1027 669 1102 721 quae
1119 651 1184 719 apud

171 730 273 772 veteres
290 722 348 774 sine
364 728 437 773 tecto
455 727 528 785 erat,
550 737 614 770 cum
629 721 675 771 filo
691 723 704 753 *
721 721 816 772 volavit
833 718 905 784 (filio
922 721 1009 782 evol.)
1035 723 1096 788 ipse
1118 720 1182 770 iuxta

171 797 277 841 terram
301 785 413 852 volans]
445 789 535 840 Icarus
560 787 656 839 altiora
672 795 782 857 petens,
807 787 882 854 [dum
906 788 981 858 cupit
998 789 1072 841 coeli
1088 788 1182 857 portio·

93 878 95 887 ·
172 872 239 908 nem
261 853 456 923 cognoscere,]
479 855 575 933 pennis
598 852 661 906 solis
684 856 774 907 calore
796 855 935 919 resolutis,
963 857 1039 908 mari
1061 855 1092 906 in
1116 853 1181 922 quod

172 924 269 977 cecidit
284 936 386 974 nomen
413 921 551 988 [lcarrum]
575 922 712 991 imposuit.
746 922 878 974 Daedalus
901 938 966 973 vero
989 923 1084 993 primo
1100 921 1180 977 Sardi·

81 1030 88 1044 .
171 990 256 1054 niam,
272 997 303 1040 ut
318 990 384 1040 dicit
400 989 544 1055 Sallustius,
560 997 620 1059 post
635 988 737 1040 delatus
755 998 794 1040 est
810 990 923 1041 Cumas:
942 997 971 1041 et
986 989 1094 1061 templo
1108 989 1181 1057 Apol·

170 1058 221 1108 lini
237 1056 347 1107 condito
362 1057 537 1125 [sacratisque
553 1057 579 1107 ei
595 1054 663 1122 alisJ,
677 1057 707 1107 in
723 1056 826 1108 foribus
839 1057 907 1108 haec
919 1056 1047 1110 universa
1058 1056 1180 1127 depinxit·
1218 1052 1220 1137 ξ

171 1123 293 1176 Dicendo
310 1131 408 1175 autem·
420 1123 547 1191 Virgilius
564 1135 594 1173 ut
604 1122 689 1192 fama
707 1135 755 1190 ess,
768 1124 898 1189 ostendit,
913 1124 1114 1193 requirendam
1127 1139 1179 1175 esse
1218 1150 1220 1165 =

170 1193 321 1244 veritatem.
357 1191 429 1243 Nam
446 1192 551 1243 Taurus
572 1190 694 1242 notarius
719 1191 785 1258 [vel,
808 1198 839 1241 ut
860 1191 907 1242 alii
923 1192 1033 1257 dicunt,
1055 1191 1178 1259 magister

170 1256 302 1322 militum]
317 1258 418 1310 Minois
435 1258 501 1311 nsit:
524 1274 607 1326 quem
623 1258 752 1328 Pasiphae
768 1258 881 1321 amarit,
903 1274 967 1309 cmn
1024 1261 1088 1311 oin
1104 1261 1178 1311 domo
1218 1276 1220 1283 ·

170 1326 285 1395 Daedali
301 1324 461 1377 concubuit:
474 1334 505 1378 et
521 1325 585 1392 quia
601 1326 724 1393 geminos
739 1327 859 1396 peperit,
880 1341 966 1377 unum
1002 1344 1018 1378 e
1034 1327 1142 1390 Minoe,
1157 1332 1180 1377 et
1218 1356 1220 1363 ·

170 1393 255 1446 alium
278 1393 312 1444 de
330 1394 436 1458 Tasrrc,
459 1393 537 1444 enixa
560 1410 617 1444 esse
633 1392 821 1446 Minotaurum
844 1392 956 1457 dicitur:
979 1394 1054 1462 quod
1078 1401 1107 1447 et
1126 1394 1180 1461 ipse

169 1462 251 1528 paulo
277 1467 338 1527 post
361 1459 477 1513 ostendit
499 1461 605 1513 dicens:
635 1459 809 1527 Mietnmque
833 1462 929 1527 genas.
967 1459 1022 1512 Sed
1050 1460 1178 1513 inclusum

168 1527 320 1581 Daedalum
342 1529 439 1595 regina
462 1529 595 1595 corruptis
619 1529 747 1580 relaxavit
769 1528 937 1580 custodibus:
961 1528 1028 1597 quia
1048 1528 1130 1579 misso
1153 1528 1176 1579 iu
1211 1548 1216 1557 ·

169 1597 241 1648 mari
263 1593 334 1659 filio,
357 1592 420 1647 navi
442 1595 546 1648 delatus
569 1602 609 1648 est
626 1595 738 1647 Cumas:
762 1595 834 1663 qnod
855 1594 905 1663 [et]
926 1596 1018 1665 ipsum
1041 1596 1131 1664 tangit
1145 1596 1178 1647 di·

168 1680 246 1727 cens,
268 1662 428 1729 Remigium
446 1664 572 1727 alarum‚·
598 1664 660 1713 alae
677 1663 751 1715 enim
766 1663 950 1715 etsolucrurn
965 1671 1044 1728 sunt,
1069 1672 1098 1715 et
1113 1663 1178 1716 nasi·

168 1748 230 1783 um:
246 1737 277 1781 ut
292 1734 328 1794 (3,
345 1731 431 1790 520.):
452 1730 579 1782 Veiorum
597 1732 747 1797 pandimus
764 1731 834 1780 alas.
871 1730 1023 1797 [Panoticos
1035 1730 1177 1784 delinctm⁸

168 1797 340 1866 (Phinodicus
364 1796 455 1863 (Febr.
477 1798 632 1861 Panaetius)
655 1792 807 1859 Deliaca'in)
829 1797 981 1852 Daedalum
1004 1807 1120 1868 propter
1141 1815 1177 1849 su·
1218 1828 1220 1835 ·

168 1866 302 1937 pradictus
319 1878 412 1916 causas
428 1866 582 1934 fugientem
598 1880 695 1917 navem
711 1866 909 1930 conscendisse,
932 1873 1042 1916 etcum
1058 1867 1178 1919 immine·

167 1942 231 1986 rent
253 1933 300 2002 qui
324 1948 390 1984 eum
412 1933 608 2001 sequebantur,
636 1933 782 1985 intendisse
805 1933 917 2002 pallium
942 1931 978 1984 ad
1001 1934 1178 1987 adiuvandum

168 2009 274 2066 sentos,
305 2008 335 2051 et
357 2001 395 2052 sic
418 2002 540 2054 evasisse.
579 2000 642 2053 Illos
663 2014 728 2053 vero
750 1999 798 2068 qui
827 1999 1040 2070 insequebantur
1064 2017 1178 2057 reserare

166 2069 304 2122 nuntiasse
327 2068 417 2138 pinnis
445 2068 523 2121 illuni
549 2069 668 2121 emsisse.
714 2067 885 2121 Menecrates
912 2068 1067 2121 Daedalum
1098 2070 1177 2121 occiso

167 2136 289 2204 patruele
305 2136 392 2188 fratre
409 2136 521 2188 Cretam
538 2137 635 2205 petisse
654 2136 734 2199 dicit,
756 2137 863 2186 Icarum
886 2137 972 2188 filium
990 2136 1048 2189 eius
1066 2137 1103 2189 ab
1118 2138 1178 2190 Atti·

167 2205 205 2255 cis
228 2203 351 2269 pulsum,
380 2204 446 2254 dum
467 2213 574 2274 patrem
597 2205 667 2272 petit
688 2203 831 2271 naufragio
860 2205 984 2270 perisse,
1013 2205 1088 2257 unde
1115 2206 1179 2256 mari

167 2288 276 2324 nomen.
317 2272 435 2338 Quidam
456 2273 529 2324 hunc
550 2273 702 2324 Daedalum
724 2273 766 2321 Eu
786 2273 867 2322 alumi
896 2272 984 2322 lilium
1008 2279 1069 2324 arte
1094 2274 1179 2325 fabrili

166 2339 303 2403 nobilem,
327 2340 415 2390 occiso
433 2339 544 2392 Perdice
567 2340 666 2391 sororis
682 2355 747 2390 suae
766 2291 841 2404 lilio,
863 2356 945 2407 quem
968 2339 1058 2390 solum
1081 2341 1178 2393 habere

167 2405 308 2458 metuebat
329 2408 468 2458 aemulum
491 2408 558 2458 artis
582 2423 660 2470 suae;
685 2422 751 2458 nam
776 2407 810 2458 ab
835 2407 880 2458 illo
898 2414 926 2457 et
942 2422 1023 2456 usum
1040 2424 1132 2462 serrae
1148 2409 1178 2460 de

168 2490 226 2526 osse
242 2473 374 2526 interiore
391 2475 484 2541 piscis,
508 2483 536 2527 et
551 2475 685 2526 circinum
728 2483 822 2545 ropter
839 2491 941 2526 nomen
957 2490 1047 2526 suum.
1066 2478 1080 2509 *
1112 2477 1178 2529 Nam

166 2541 300 2610 aliquibus
317 2544 442 2593 circinus
459 2550 567 2614 putatus
585 2551 624 2595 est
640 2493 797 2613 appellatus,
814 2542 855 2593 vel
867 2551 902 2591 ut
919 2541 1032 2609 qssidam
1049 2559 1178 2612 organum

79 2624 82 2629 ·
167 2612 307 2662 inventum
323 2611 448 2673 tradunt;
472 2611 623 2678 lugientem
643 2611 772 2662 invidiam
790 2610 824 2662 ad
841 2610 963 2662 Minoem
980 2610 1103 2663 delatum
1120 2614 1179 2664 Cre·

166 2687 239 2741 tam,
267 2677 411 2744 Pasiphaes
441 2680 530 2730 aroris
557 2679 615 2731 cius
643 2678 754 2730 nefandi
783 2678 870 2743 stupri
896 2677 990 2728 dolum
1018 2678 1178 2745 fabricasse]

167 2746 281 2796 Minoia
300 2763 401 2812 regna,-
427 2746 540 2798 Cretam
557 2746 683 2863 sscificet’
706 2745 724 2796 i.
744 2764 766 2797 e.
792 2745 926 2798 eMiuois
948 2746 1062 2797 saevitia
1078 2750 1093 2780 *
1108 2749 1141 2815 (i.
1156 2767 1176 2800 e.

166 2815 235 2863 Min.
253 2814 409 2874 saevitiam).
428 2841 460 2850 -
497 2821 537 2873 15.
581 2815 735 2880 raepetibus
751 2816 868 2878 pennis,·
891 2812 943 2879 [vel
959 2814 1111 2880 velo'cibus,
1132 2813 1177 2878 vel]

166 2880 297 2931 felicibus.
331 2877 483 2946 [Prosperes
507 2890 601 2933 autem
625 2884 713 2933 dictae
736 2882 778 2932 vel
799 2881 871 2948 quod
897 2879 991 2948 priora
1013 2890 1123 2947 petant,
1142 2882 1176 2934 sel

167 2947 267 2998 summi
285 2948 401 3013 volatus,
425 2950 466 3001 vel
488 2951 536 3018 qui
559 2950 651 3020 (quae)
693 2949 810 3015 saepetit
833 2948 965 3010 volatum,
991 2950 1034 2999 vel
1060 2967 1176 3018 quaese

167 3017 288 3066 cundum
304 3018 453 3088 auspicium
471 3019 550 3078 facit,
574 3027 601 3070 et
618 2968 730 3086 quislirm
747 3029 884 3083 praepetes
901 3016 1030 3082 tradunt,
1055 3034 1110 3070 non
1125 3026 1175 3069 tan·

166 3091 226 3133 turn
243 3100 304 3135 aves
321 3085 374 3136 dici
391 3102 459 3152 quae
477 3087 633 3152 prosperius
650 3085 821 3154 praevolant,
845 3084 892 3134 sed
916 3084 1001 3133 etiam
1028 3085 1103 3137 locos
1118 3100 1174 3154 quos

167 3152 291 3220 capiunt,
308 3154 381 3222 quod
397 3154 487 3206 idonei
505 3154 649 3221 felicesque
667 3159 741 3217 ssust,
765 3153 836 3203 undo
853 3152 922 3202 bene
940 3151 1067 3203 Daedali
1083 3158 1174 3221 pinnas

167 3232 320 3286 praepetes,
344 3221 457 3289 quiade
481 3222 545 3273 locis
568 3220 711 3287 inquibus
734 3219 887 3288 periculum
903 3220 1061 3287 metuebat,
1084 3222 1174 3275 inlota

167 3288 269 3339 tutiora
286 3289 440 3357 pervenit,]
462 3298 603 3359 praepetes
626 3289 700 3339 enim
724 3295 785 3338 sunt
801 3303 861 3338 aves
885 3287 950 3337 boni
967 3291 1094 3355 augurii,
1114 3287 1173 3357 quod

166 3355 230 3406 huic
245 3357 298 3418 dat,
316 3357 380 3423 quia
395 3360 517 3424 pervenit
530 3360 555 3424 [*
568 3362 632 3422 (quo
645 3353 799 3423 cupiebat)].
824 3356 916 3404 Ausus
929 3372 955 3404 se
973 3358 1083 3408 credere
1097 3358 1171 3419 eoelo;
1210 3408 1214 3437 1

188 3423 244 3473 uasi
262 3424 356 3475 alienis
373 3426 490 3477 sedibus.
524 3425 650 3474 Horatius
675 3425 777 3488 (Carnu
798 3431 828 3487 1,
845 3422 894 3481 3.);
912 3423 1052 3491 Expertus
1071 3439 1171 3475 vacuum
1210 3454 1213 3477 .

199 3492 313 3541 ardalus
330 3498 396 3542 aiira
415 3495 514 3558 pennis
533 3510 589 3542 non
606 3491 715 3541 basuini
733 3493 814 3541 datis.
850 3487 1172 3554 {nsuetum5hominibus
1207 3488 1212 3537 l

168 3558 278 3609 scilicet.
294 3586 327 3595 -
362 3567 403 3616 16.
421 3562 524 3610 Erravit
541 3561 577 3608 ad
595 3572 701 3623 arctos3
720 3559 789 3610 bene
807 3564 952 3624 utrumque
971 3562 1078 3612 miscet.
1111 3560 1172 3613 Nare

169 3626 243 3677 enirn
260 3627 338 3679 etde
355 3630 467 3678 navibus
484 3628 611 3678 dicimus:
635 3635 665 3675 ut
682 3631 731 3691 (lt,
749 3626 838 3684 598.):
862 3625 949 3674 Natat
974 3626 1063 3678 uncta
1082 3633 1172 3679 carr'na.
1219 3646 1220 3653 ¹

167 3692 236 3742 Item
253 3699 295 3759 (4,
311 3698 395 3757 ὓ·13.);
418 3697 451 3745 Et
475 3698 556 3746 terris
580 3694 685 3743 adnare
709 3711 815 3743 necesse
840 3705 886 3742 est.
921 3694 956 3742 Et
981 3696 1015 3746 de
1034 3698 1132 3749 volatu:
1151 3701 1174 3743 ut

169 3759 213 3824 (G.
233 3765 266 3823 4,
283 3762 345 3822 59.):
372 3762 447 3814 Nare
464 3783 510 3830 per
528 3774 656 3811 aestatem
675 3763 811 3827 liquidam
828 3765 988 3826 suspexeris
1006 3781 1113 3830 agmen.
1142 3761 1174 3811 Al

169 3829 264 3878 Arctos
281 3837 387 3894 autem,
404 3833 426 3881 si
444 3834 478 3882 ad
494 3831 628 3894 fabulam,
645 3839 740 3881 contra
757 3829 992 3898 Septentrionem,
1016 3833 1061 3898 [ut
1077 3832 1175 3902 quidun

170 3895 263 3946 volunt
280 3906 391 3964 propter
407 3901 545 3950 servorem
561 3897 623 3947 solis
640 3906 667 3947 et
684 3906 789 3949 ceratas
806 3899 901 3967 pinnas
908 3895 926 3960 t]
943 3898 966 3947 si
984 3901 1020 3950 ad
1039 3903 1176 3961 veritatem,
1213 3934 1216 3943 ·

170 3961 227 4029 [ad]
243 3963 439 4031 Septentrionis
455 3965 668 4019 observationem
682 3966 768 4034 [cuius
782 3965 865 4018 ductu
875 3973 975 4018 nautae
985 3984 1070 4022 naves
1082 3974 1179 4038 regunt.
1212 3968 1219 4021 l
