2454 4500
158 273 194 314 n«
217 252 378 349 unare.
399 251 677 331 eruamur.
700 256 786 331 uu,
808 217 1005 325 roo-ars.
1047 260 1113 324 at
1161 272 1163 277 ·

67 443 145 493 siens
163 437 326 490 Deianiram
343 441 466 504 monuit,
490 448 521 492 ut
537 416 702 509 tangitiuem
718 455 800 493 utum
816 447 962 507 exceptum
978 447 1109 505 arraret,

70 519 101 562 et
117 510 140 559 si
158 509 268 576 quando
285 509 445 560 advertisset
454 510 603 563 Herculem
620 509 707 562 altera
723 509 829 566 femina
846 507 986 573 delectari,
1000 510 1109 577 sangui*

70 597 108 631 ne
124 579 183 646 ipsa
200 586 306 628 vestem
322 577 550 631 inlitammarito
568 580 660 644 daret,
683 595 736 647 per
760 594 844 647 quam
861 577 993 629 vindicari
1015 577 1108 646 possit.

67 647 122 698 Sed
144 645 278 698 Deianira
301 662 366 698 cum
395 647 514 700 audisset
541 647 677 700 maritum
699 647 775 698 Iolen
799 647 896 714 Euryti
917 646 1107 699 Oechaliensis

69 732 166 767 amare
185 715 287 779 liliam,
311 723 415 767 vestem
437 716 554 768 tinctam
571 716 637 768 Nesi
660 715 793 784 sanguiue
810 715 914 767 Lichae
940 716 985 779 (al.
1002 714 1107 783 Lyrae)

67 800 148 837 servo
165 783 242 835 dedit
257 784 294 835 ad
312 800 376 836 eum
394 785 604 854 perferendam,
628 785 676 854 qui
699 800 765 835 oum
782 784 894 835 Herculi
917 783 947 835 in
965 785 1037 837 (leta
1060 799 1107 835 oc·

67 853 216 929 currisset,
240 868 341 903 munus
360 853 450 903 uxoris
466 854 596 919 tradidit,
619 870 704 921 quam
721 868 787 903 cum
803 850 850 905 ille
867 852 924 905 lovi
939 853 1106 904 dactilioatu·

66 939 116 974 rus
133 920 272 982 induisset,
290 929 369 973 tanto
385 924 509 990 corporis
527 924 627 974 ardore
645 929 789 990 correptus
806 928 856 986 ert,
872 929 903 971 ut
919 938 976 974 nou
992 922 1104 975 invento

67 990 195 1050 remedio
213 1004 312 1058 pyram
329 991 451 1042 construi
474 991 599 1056 iuberet,
622 990 785 1058 donatisque
800 990 969 1043 Philoctetae
993 989 1120 1058 sagittis,-

64 1066 179 1134 peteret
195 1059 230 1109 ab
248 1075 281 1110 eo
299 1065 330 1110 ut
345 1069 533 1126 cremaretur,
549 1076 604 1128 quo
620 1052 694 1111 facto
711 1059 785 1110 iuter
802 1058 868 1111 deos
883 1050 987 1111 relatur
1004 1068 1051 1112 est.
1069 1085 1106 1098 ·-

65 1135 130 1188 301.
150 1127 248 1191 Salve,
269 1127 315 1197 hic
331 1128 404 1180 salve
420 1128 459 1180 sic
477 1129 582 1180 dictum
599 1130 689 1181 est'ut
704 1127 787 1192 alibi,
803 1126 843 1178 ste
859 1127 939 1190 selim
962 1128 1008 1180 hic
1027 1129 1103 1180 dirus

65 1197 148 1251 fidius
170 1196 242 1247 solus
265 1196 380 1260 dicitur,
406 1198 480 1265 quod
502 1198 575 1250 solus
598 1197 683 1275 apem
706 1195 775 1249 iecit
799 1213 829 1247 se
855 1199 925 1263 (esse
943 1195 1010 1259 sei)
1035 1196 1106 1247 lovis

65 1263 175 1329 filium]
213 1263 283 1321 Vera
302 1264 381 1315 Ionis
398 1268 490 1333 proles
497 1290 507 1331 ,-
530 1266 620 1319 nullus
644 1266 721 1319 enim
744 1263 867 1316 humano
889 1265 1024 1334 sanguine
1040 1279 1107 1337 pro«

66 1341 178 1386 creatus
202 1332 280 1386 tanta
304 1334 456 1402 perliceret·
472 1328 577 1403 ¹(Guelf.
594 1337 616 1387 l.
639 1347 659 1393 t.
675 1335 809 1404 prodigia
828 1333 956 1402 faceret).
974 1359 1008 1373 -
1043 1341 1105 1392 302·

65 1403 174 1455 Dexter
191 1403 258 1466 adi,·
281 1403 300 1453 i.
319 1420 343 1454 e.
361 1404 513 1474 propitius·
544 1401 612 1455 Pede
630 1405 770 1468 secundm·
794 1402 888 1455 omine
910 1410 1050 1473 prospero.
1068 1425 1105 1441 ·-

64 1479 129 1532 303.
148 1471 238 1537 Super
255 1475 352 1523 omnia
371 1471 456 1536 Caci,·
480 1473 498 1524 i.
516 1489 556 1537 e.,
577 1473 632 1524 hoc
658 1475 764 1526 tactum
779 1471 893 1523 laudant
909 1472 983 1524 ultra
1000 1471 1108 1524 omnis:

64 1540 104 1592 Et
120 1540 160 1591 sic
183 1547 226 1591 est
240 1539 361 1606 dictum,
384 1548 415 1591 ut
436 1540 501 1610 [est]
523 1544 575 1621 (9,¹
592 1542 678 1603 283.):
702 1540 736 1590 Ee
760 1541 808 1607 (V.
833 1539 926 1591 Gueli.
942 1541 963 1590 1.
987 1541 1053 1605 sed)
1073 1552 1104 1590 -te

64 1625 151 1677 super
169 1610 266 1660 amnia
284 1611 359 1661 dona
380 1608 474 1659 Unum
492 1628 550 1662 oro.
585 1608 623 1661 Et
644 1610 717 1662 bene
734 1615 870 1679 quarrttun
893 1608 929 1659 ad
951 1609 1024 1677 ipsos
1041 1624 1104 1679 per-

23 1688 26 1693 ·
63 1678 154 1743 tinet,
176 1693 240 1730 rem
263 1679 404 1731 maiorem
429 1679 469 1746 [et
491 1679 544 1730 sihi
568 1676 721 1743 utiliorem]
743 1692 886 1729 servarem
912 1677 956 1742 (ul.
977 1675 1104 1743 λἰἐνυὶινρ)

63 1754 128 1819 poet
145 1747 254 1798 omnia:
271 1748 348 1867 {pule
363 1747 404 1800 ita
421 1763 503 1818 saepe
517 1747 566 1814 lit,
582 1753 613 1796 ut
629 1763 663 1799 ea
680 1763 751 1816 qliae
766 1745 797 1797 in
814 1753 958 1814 praesente
975 1753 1104 1817 aguntur,
1131 1746 1135 1750 “

62 1815 165 1869 fabulis
193 1817 270 1867 omni
291 1833 322 1867 us
345 1825 441 1886 postea
464 1808 615 1880 addantur,
630 1823 674 1869 tet
697 1831 769 1883 quae
801 1815 971 1885 expetierant
988 1808 1104 1886 -poti'ore'

63 1884 210 1936 videantur
226 1885 342 1952 ignotis,
366 1893 395 1938 et
416 1885 485 1938 fides
507 1884 644 1937 habeatur
666 1883 718 1935 illis
735 1899 808 1954 quae
832 1883 992 1949 audierant,
1015 1883 1103 1937 ethis

63 1950 143 2021 quae
163 1951 315 2017 viderant]
331 1966 376 1993 '···
422 1960 487 2012 3⁰OE
509 1954 629 2007 otinas
643 1964 738 2018 ‘aevop
771 1957 862 2004 aetate
891 1951 1043 2015 involutus,
1069 1958 1105 2019 tat

63 2022 226 2092 [Terentius
242 2023 282 2074 ait
298 2023 382 2088 (Eun.
399 2032 434 2087 2,
451 2032 477 2087 2,
495 2021 557 2088 5.)]:
574 2023 667 2073 Anatis
685 2023 845 2089 pannisque
858 2021 981 2072 absitus.
1015 2020 1103 2088 [Nou-

62 2085 132 2143 a'ulli
151 2092 287 2161 obsitum,
310 2092 389 2159 quasi
410 2086 526 2142 insitum
539 2098 579 2144 ·et
590 2090 736 2143 obsessum
754 2098 956 2158 etpossessum·
969 2085 1104 2154 tradunt]

61 2184 98 2200 ··
132 2166 198 2216 3100
212 2159 378 2227 Facilesque
395 2160 494 2212 oculos
511 2168 577 2219 etc.;
595 2158 698 2230 physici
716 2159 827 2223 dicunt,
846 2173 878 2210 ex
894 2158 957 2212 vino
972 2156 1104 2213 ‚mobilius

61 2243 108 2282 res
129 2229 223 2279 oculos
246 2229 316 2281 fieri.
356 2228 481 2280 Plautus:
511 2229 623 2283 Faciles
650 2227 869 2294 oeulos-halet,
890 2225 960 2278 ite.
983 2225 1103 2279 mobiles

61 2297 135 2348 virro.
171 2298 241 2364 [Hoc
259 2298 345 2350 etiam
360 2298 510 2350 Maecenas
536 2298 567 2350 in
582 2296 742 2366 Symposio,
764 2295 813 2365 uhi
835 2294 903 2361 (cui)
921 2295 1054 2363 Virgilius
1074 2302 1104 2347 et
1136 2296 1139 2307 '

60 2365 192 2418 Horatius
214 2367 417 2434 interfuerunt,
445 2383 511 2417 cum
535 2382 567 2418 ex
583 2383 702 2436 persona
719 2365 854 2417 Messalae
869 2365 905 2416 de
921 2364 1103 2483 vinolotplrue'e·
1187 2358 1189 2365 ’

61 2442 141 2487 retur
165 2434 217 2500 ait,
240 2447 291 2485 aus
315 2436 388 2486 idem
412 2437 499 2487 uinor
515 2436 529 2469 ¹¹
546 2436 637 2502 (Febr.
655 2437 712 2487 ait:
742 2433 862 2499 Vinum;
887 2433 923 2485 al.
949 2433 1025 2484 Idem
1088 2458 1102 2472 ·

62 2521 141 2570 mor;
164 2502 255 2555 Bentl.
279 2503 313 2553 Id
331 2515 357 2554 et
375 2505 408 2555 in
431 2507 499 2555 uino
518 2503 578 2569 est,)
603 2506 749 2556 ministrat
766 2503 875 2571 faciles
899 2501 1102 2570 oculos,'pul-

61 2572 177 2622 ahriora
196 2574 287 2623 reddit
298 2576 411 2636 amnia,
429 2584 456 2624 et
471 2574 565 2624 dulcis
584 2575 714 2625 iuuentae
732 2574 843 2623 reducit
858 2570 952 2636 bonel
966 2596 1001 2609 -
1035 2574 1101 2629 3111

61 2642 235 2709 capiturque
259 2643 347 2705 locis,·
369 2641 521 2695 delectatur
545 2643 688 2712 [locorum
710 2639 929 2710 pulchritudine,
952 2640 970 2690 i.
995 2657 1020 2692 e.
1043 2642 1102 2690 tuso

59 2709 121 2762 loco
140 2709 241 2761 diutius
257 2710 414 2776 retinetur]
427 2737 463 2750 ···
497 2715 560 2768 313.
576 2709 723 2762 Romanae
741 2711 871 2760 conditor
888 2708 981 2769 arcis3
1005 2706 1104 2758 condi*

60 2786 106 2831 tor
123 2778 273 2844 Pallantei,
297 2779 347 2830 uhi
363 2795 437 2832 nunc
454 2773 590 2849 palatium
615 2784 669 2830 est:
693 2778 768 2847 quod
792 2793 849 2829 non
874 2783 915 2827 est
930 2791 1027 2828 revera
1043 2789 1101 2842 arr,

58 2847 109 2901 sed
125 2852 203 2899 tenet
217 2862 316 2901 rerum
332 2848 461 2900 omnium
478 2847 674 2917 principautm.
707 2847 756 2914 [Et
771 2845 817 2898 hic
839 2843 975 2895 subtiliter
992 2844 1102 2905 yidetur

59 2915 233 2985 significare,
254 2916 378 2968 Romam
393 2917 506 2969 initium
529 2916 566 2967 ab
583 2914 715 2967 Euandro
732 2911 854 2978 dooere]
870 2937 907 2951 ···
940 2920 1002 2971 314.
1020 2911 1117 2970 Heca,

61 3001 186 3052 memora
213 2987 366 3054 indigenae
390 2985 502 3051 Fauni;
526 2984 689 3052 indigenae,
711 2982 730 3035 i.
748 3001 772 3035 e.
795 2980 990 3048 indegeniti,
1014 2975 1101 3035 adri*

58 3056 168 3119 adores.
216 3054 254 3104 Et
269 3055 414 3107 sciendum
429 3053 583 3105 seeundum
606 3049 721 3105 Hesiodi
743 3051 924 3120 theogoniam
950 3052 998 3117 (V.
1021 3051 1098 3120 Lips.

58 3122 190 3191 theolog.)
214 3123 306 3189 primo
324 3123 391 3176 deos
407 3123 533 3193 genitos,
555 3121 620 3173 inde
644 3119 795 3185 emitheo's,
817 3127 879 3190 post
896 3120 1009 3184 heroas,
1031 3118 1100 3175 inde¹

58 3191 191 3246 homiues
208 3192 384 3258 innocentes,
405 3191 503 3242 ultimo
520 3190 677 3243 sceleratos:
700 3206 785 3258 quem
808 3196 838 3240 et
860 3188 906 3240 hic
929 3203 1004 3238 nunc
1027 3185 1102 3237 ordi·

59 3278 130 3315 uem
146 3267 244 3313 servat.
279 3259 361 3329 [Sane
377 3260 448 3313 sicut
463 3276 494 3309 su
513 3275 548 3309 ra
572 3264 615 3326 (7,
631 3257 686 3320 47.)
709 3258 815 3311 dictum
839 3264 894 3321 est,
916 3257 1026 3306 Faunus
1042 3253 1101 3306 Pici

58 3330 133 3384 lilius
156 3328 269 3394 dicitur,
298 3328 347 3398 qui
367 3347 388 3383 a
404 3277 516 3397 suntid:
544 3329 619 3396 quod
639 3330 733 3379 futura
761 3325 950 3393 praediceret,
979 3323 1101 3387 Faunus

59 3399 217 3469 appellatus
232 3405 288 3462 est,
312 3412 432 3464 quorum
457 3396 544 3449 etiam
566 3412 698 3464 responsa
714 3396 885 3448 ferebantur.
920 3393 972 3444 Hic
989 3392 1101 3443 Faunus

57 3467 190 3522 habuisse
205 3465 293 3519 filiam
310 3465 412 3517 dicitur
429 3481 523 3516 omem
541 3466 667 3519 castita*
684 3464 828 3530 (Faunum
845 3479 866 3514 s.
885 3462 996 3514 Bonum
1013 3463 1098 3513 casti·
1166 3488 1171 3499 ·

59 3549 133 3598 tate3
157 3553 178 3588 s.
203 3538 332 3588 omnium
350 3532 552 3595 castissimam)
576 3543 613 3587 et
626 3534 775 3603 disciplinis
800 3531 929 3583 omnihus
951 3529 1100 3599 eruditam,

59 3620 149 3675 quam
181 3605 297 3673 quidam
327 3604 401 3672 quod
430 3603 545 3655 nomina
575 3602 630 3655 dici
654 3603 827 3673 prohibitum
852 3601 959 3665 iuerat,
988 3599 1098 3651 Bonam

60 3677 150 3729 deam
157 3674 330 3744 appellatam,
338 3673 439 3724 volunt.
472 3673 528 3723 Hos
545 3671 661 3725 Faunos
679 3673 765 3724 ctiam
781 3669 888 3721 Fatuos
905 3668 1007 3732 dicunt,
1024 3665 1099 3736 quod

57 3762 112 3818 per
134 3751 277 3814 stuporem
300 3741 392 3794 divina
413 3740 607 3812 pronuntient:
637 3740 751 3809 quidam
774 3739 906 3790 Faunum
931 3737 1099 3805 appellatum

58 3813 170 3878 volunt,
196 3828 262 3864 euru
275 3827 364 3880 ¹quem
379 3826 430 3864 nos
446 3811 601 3878 propitium
617 3806 753 3874 dicimus]
769 3814 804 3846 -'-
838 3812 900 3865 315.
918 3807 1056 3877 Truncisfl,
1073 3815 1100 3856 et

61 3883 135 3934 duro
160 3882 259 3933 robore
283 3882 360 3942 nati3
383 3881 437 3931 hoc
459 3879 626 3948 figmentum
648 3876 840 3948 [Homericum
862 3881 918 3942 est,
941 3872 980 3939 et]
1004 3881 1098 3926 ortum

60 3959 105 4003 est
122 3965 154 4002 ex
172 3950 285 4018 antiqua
301 3948 448 4002 hominum
464 3946 651 4014 habitatione,
674 3946 722 4015 qui
739 3953 804 3997 aute
819 3946 906 3999 factas
923 3944 1034 4008 domos,
1050 3947 1099 3994 aut
1155 3999 1161 4008 ἱ

61 4018 95 4073 iu
113 4019 187 4074 cavis
204 4018 353 4079 arboribus
359 4054 368 4086 ,
392 4025 441 4070 aut
456 4015 485 4068 in
503 4015 640 4085 speluncis
656 4014 823 4077 metiebantt
845 4012 893 4083 qui
915 4027 982 4064 cum
1004 4008 1100 4064 exinde
