2454 4500
198 264 235 307 n
259 246 416 309 visan..
437 208 609 311 anuum
633 252 712 313 ms.
730 254 787 329 ω,
811 261 1005 325 sor-arr.
1060 268 1125 331 231

91 442 253 498 atramque,
269 429 287 482 i.
306 448 330 481 e.
346 446 432 501 quiam
455 441 484 486 et
499 441 531 485 tu
546 435 650 502 fecisti,
673 443 702 489 et
718 451 770 507 ego
786 437 908 490 facturus
924 456 1002 508 sum,
1024 439 1072 495 iun
1091 462 1120 498 a·

88 514 163 565 mus,
179 506 211 563 et
226 498 361 551 fananas
378 518 478 554 unam:
495 504 542 555 sed
560 507 681 571 animis,
696 506 750 563 hoc
767 516 809 559 est
822 508 937 561 loedere
954 517 983 562 et
998 512 1121 565 affectio·

87 585 134 621 ne:
158 568 295 637 quioniam
310 584 343 621 re
358 586 424 622 vere
444 588 490 623 eas
506 579 606 625 natura
625 589 681 626 non
697 574 764 626 sinit
785 576 870 644 iungi.
905 576 1045 646 [Quamvis
1061 582 1120 649 qui-

86 632 324 717 dam'flubitant,
349 646 444 689 utrum
466 656 586 708 genere,
616 658 651 693 an
673 642 727 694 loci
751 644 926 710 proximitate
949 648 1119 719 propinquos

84 702 206 770 dixerit]
239 704 311 757 Sene
326 706 460 775 quoniam
479 710 642 764 occurrebat
658 712 798 765 humanae
814 712 932 767 brevitas
948 714 1029 783 vitae',
1045 716 1118 771 bene

83 772 238 827 subiimxit:
263 772 380 826 Maneat
397 788 510 828 nostros
529 796 560 828 ea
579 796 647 830 cura
667 793 784 847 nepotes.
820 782 1052 850 Distinguendum
1069 802 1119 839 au-

82 850 153 896 tam:
169 859 206 910 pa
227 842 343 911 uiasque
360 847 534 913 propinquos
551 848 653 916 Epiro.-
677 856 706 901 et
720 850 896 919 sequentibus
913 852 1034 905 ostendit
1079 870 1118 905 ro-

84 910 169 963 modo
217 930 245 963 as
266 915 342 978 erla,
357 913 376 964 i.
394 932 433 981 e.,
461 914 558 984 quibus
576 917 684 987 populis
701 926 798 969 auctor
815 926 856 971 est
871 920 1024 973 Dardanus.
1094 920 1119 991 t]

84 978 225 1049 Hesperia
241 930 295 1033 doc
312 990 354 1035 est
368 978 552 1055 ‘Eaaspo'dem
577 1002 643 1037 nam
659 986 770 1039 Graece
786 987 867 1047 dixin
890 996 919 1041 et
941 996 982 1041 est
997 989 1032 1042 de
1065 1005 1115 1042 oco

85 1050 263 1114 adverbium,
286 1048 444 1103 Dardanus
467 1048 645 1121 ‘Eanspddan
685 1056 789 1125 Figura
817 1056 894 1107 euim
916 1073 1118 1127 nonnunquam

102 1118 201 1171 ulchra
215 1126 257 1171 est
277 1118 300 1169 si
314 1119 433 1172 elocutio
446 1121 611 1192 imperfecta
623 1122 671 1176 sit:
687 1132 719 1174 ut
732 1124 831 1177 Cicero
842 1124 873 1177 in
884 1126 1007 1177 Verrinis
1019 1131 1055 1193 (1,
1065 1126 1116 1190 8.);

67 1136 225 1255 Ιδιιίιιιιιηι
277 1205 363 1239 errem
386 1190 522 1242 Romulia
547 1193 597 1257 (ul.
621 1192 791 1257 Romulea),
820 1208 877 1245 non
899 1194 1006 1247 addidit
1028 1196 1114 1257 tribu.

86 1256 241 1326 [Cognatas
259 1272 322 1309 vero
342 1260 439 1325 urbes,
463 1260 577 1330 quidam
594 1260 777 1313 inhonorem
793 1262 907 1329 Augusti
924 1262 1029 1315 dictum
1046 1263 1118 1317 acci-

84 1326 168 1447 piunt
205 1325 231 1375 Is
249 1325 325 1378 enim
341 1344 408 1379 cum
429 1328 458 1379 in
476 1329 561 1399 Epiro
579 1330 735 1401 Nicopolim
751 1330 901 1398 conderet,
925 1332 997 1382 cavit
1012 1330 1116 1395 in'foe-

101 1410 147 1447 ere
159 1393 277 1446 civitatis
289 1394 381 1464 ipsius,
397 1404 429 1448 ut
441 1398 552 1465 cognati
567 1398 777 1451 observarentur
789 1416 807 1451 a
819 1396 972 1465 Romania]
982 1424 1017 1438 -
1052 1406 1116 1461 506.

86 1462 268 1517 &evehimur
284 1463 399 1532 pelago‚·
424 1465 442 1516 i.
460 1484 483 1518 c.
500 1466 645 1521 Buthrotio
663 1466 818 1532 (Buthroto)
835 1467 975 1533 derelicto.
1013 1466 1116 1521 Vicina

86 1532 227 1585 Ceraunia
247 1534 344 1596 iuxta;
364 1528 506 1585 Ceraunia
523 1543 587 1587 sunt
603 1544 710 1588 montes
727 1536 820 1606 Epiri,
835 1554 851 1588 a
869 1536 975 1588 crebris
991 1535 1115 1591 lumini·

86 1600 134 1653 bus
149 1608 267 1672 propter
289 1600 463 1654 altitudinem
486 1604 629 1656 nominati.
666 1604 743 1656 Unde
760 1604 888 1657 Horatius
905 1606 1009 1673 (Carm.
1027 1612 1059 1664 1.
1077 1606 1119 1671 3.)

83 1669 233 1742 expressius
256 1670 323 1723 dixit
346 1670 555 1723 Acroceraunia
579 1679 692 1742 propter
716 1672 890 1727 altitudinem
914 1681 942 1727 et
964 1674 1116 1727 fulminum

83 1740 175 1792 iacun
192 1764 229 1776 -
264 1746 324 1799 507.
350 1740 511 1809 cursusque
536 1743 735 1805 brevissimus,·
762 1742 831 1794 adeo
858 1750 889 1793 ut
911 1742 1003 1795 medio
1027 1742 1115 1795 nocua

111 1808 168 1861 atio
186 1809 468 1862 transfretaverit-
501 1816 561 1871 509.
582 1810 702 1876 Optatae
719 1811 846 1876 telluris;
866 1827 936 1880 quae
953 1828 970 1863 s
986 1811 1116 1891 navigan·

80 1825 151 1929 illus
176 1893 289 1947 semper
313 1885 432 1948 optatur.
449 1904 485 1916 -
519 1884 580 1937 510.
604 1879 707 1929 sortiri
732 1896 838 1944 remos5
864 1880 940 1948 [quia
963 1879 1115 1949 remigium

81 1946 237 2017 suppletum
253 1952 321 1999 erat
356 1947 393 1997 Et
410 1945 538 2011 sortiti‚]
561 1965 610 2015 per
633 1955 738 2000 sortem
762 1948 840 2000 divisi
863 1947 898 2001 ud
924 1946 1015 2000 officia
1030 1948 1115 2001 remi-

80 2016 180 2083 gandi,
204 2014 255 2083 qui
270 2021 341 2066 esset
364 2023 492 2082 proreta,
516 2016 576 2083 quis
601 2015 702 2083 pedem
725 2023 842 2069 teneret.
879 2015 989 2067 Passim
995 2040 1006 2083 ,·
1030 2022 1114 2087 prout

79 2087 140 2152 guis
155 2082 251 2135 voluit.
286 2081 381 2134 Litore
402 2088 492 2147 ricco‚·
517 2085 551 2135 ad
569 2084 764 2137 discretionem
781 2084 867 2149 illius,
890 2084 964 2154 quod
988 2099 1060 2155 aqua
1077 2084 1117 2137 al·

76 2152 161 2205 luitur
180 2150 285 2219 (Guelf.
297 2152 317 2203 1.
337 2153 391 2203 ahl.
409 2151 435 2201 R
462 2154 609 2205 alluditur.
625 2179 659 2190 -
694 2160 754 2212 511.
776 2152 932 2218 Curamus‚·
949 2153 967 2205 i.
985 2172 1009 2207 e.
1025 2150 1115 2206 relici-

76 2238 145 2274 mur.
163 2248 201 2258 -
237 2224 297 2279 512.
316 2218 406 2272 Haris
424 2232 505 2284 acta‚·
523 2240 573 2290 per
589 2222 672 2274 horas
688 2221 845 2274 decurrens.
879 2222 1024 2289 [Subitam
1042 2221 1115 2275 berra

79 2292 212 2353 subibam
239 2296 301 2358 post
321 2298 426 2341 sertam
449 2292 525 2343 enim
549 2290 650 2343 horum
666 2289 825 2355 descendit]
842 2316 874 2325 -
911 2295 970 2350 514.
988 2291 1115 2343 Auribus

79 2364 145 2411 a'e'ra
165 2369 280 2427 nuptm,-
303 2358 428 2410 naturale
447 2359 522 2411 enim
540 2367 642 2425 est‚·ut
658 2378 674 2412 a
692 2375 746 2428 qua
763 2367 842 2429 parte
861 2355 981 2410 flaturus
994 2366 1036 2412 est
1052 2376 1116 2412 ven·

76 2437 134 2493 tris,
159 2427 197 2479 ad
215 2442 279 2479 eam
302 2427 375 2477 auris
393 2427 506 2479 admota
528 2428 655 2496 frigidior
672 2427 727 2480 liat
744 2456 778 2467 -
814 2432 874 2488 515.
893 2428 991 2479 Sidera
1010 2440 1112 2479 cuncta

76 2486 174 2563 suitam
206 2495 270 2547 ideo
296 2509 413 2561 cuncta,
437 2497 502 2564 quia
527 2498 555 2547 in
579 2497 759 2566 prognosticis
782 2496 883 2565 legitur
905 2514 962 2548 nun
987 2496 1134 2555 sufficere,

76 2581 165 2617 unum
182 2565 295 2633 signum
319 2566 354 2616 ad
378 2565 574 2635 explorandam
598 2566 722 2619 futuram
739 2567 924 2617 serenitatem.
960 2564 1048 2618 Notat
1065 2582 1113 2629 aug

77 2640 149 2699 lem,
174 2640 206 2683 ut
230 2632 336 2683 Tullius
359 2634 456 2700 (catil.
476 2638 574 2697 1,1.):
599 2633 686 2685 Notat
711 2646 736 2684 at
760 2636 890 2701 designat
915 2635 1022 2700 oculis,
1046 2634 1064 2685 i.
1089 2653 1113 2687 e.

76 2703 226 2769 diligenter
247 2702 377 2753 intuetur.
414 2701 511 2753 Tacito
537 2703 629 2766 coelo;
652 2705 718 2770 [aut
742 2699 874 2765 sereno:]
899 2710 947 2752 aut
968 2708 1114 2768 nocturno,

143 2770 361 2840 quadraretur:
384 2779 431 2822 aut
447 2771 504 2841 ip=c
521 2772 629 2821 tacitus:
656 2778 704 2823 erit
719 2780 794 2823 certe
812 2771 847 2823 ad
863 2770 990 2823 turnines
1007 2772 1112 2825 retulit.

103 2856 151 2893 um
166 2838 235 2891 licet
250 2845 382 2911 aeternus
398 2839 434 2890 sit
451 2840 542 2891 axium
560 2855 655 2903 sonus,
677 2847 772 2893 tamen
789 2857 807 2891 a
823 2839 902 2890 nobis
919 2855 974 2891 non
993 2839 1111 2891 auditur.

78 2908 164 2978 [Ergo
181 2914 318 2977 quantum
341 2907 378 2959 ad
393 2923 459 2974 nos,
483 2911 598 2959 tacitum
616 2907 690 2959 dixit.
725 2906 882 2971 Leucatan,-
909 2923 991 2959 cursu
1007 2906 1114 2961 scilicet

80 2976 188 3041 nundi,
209 2975 401 3044 nequeenim
423 2978 510 3029 ventis
534 2978 676 3040 feruntur,
706 2977 776 3027 sicut
798 2977 833 3029 de
855 2976 973 3057 planetis
996 2975 1112 3029 dicitur:
1127 2966 1147 2983 '⁵

81 3044 153 3113 Ergo
173 3044 314 3110 labentia,
337 3051 471 3114 umquam
493 3045 629 3110 lubentia,
653 3060 805 3114 numquam
823 3063 899 3097 emm
921 3045 982 3095 loco
999 3059 1113 3097 moven-

80 3112 142 3179 tur.]
160 3140 195 3153 ··
230 3119 292 3173 516.
309 3114 477 3179 Arcturum3
501 3114 578 3166 stella
596 3121 636 3165 est
659 3120 720 3183 post
737 3114 835 3164 Ursam
859 3114 888 3165 in
905 3113 991 3165 Boote
1015 3112 1111 3180 signo:

82 3178 144 3251 [a'rrd
162 3178 213 3250 τῆς
229 3177 326 3249 av'gds,
352 3182 412 3237 ico.
429 3182 531 3247 cauda,
559 3191 588 3235 et
605 3176 719 3251 liparae,
745 3199 816 3234 ursa.
854 3180 1023 3246 Pluviasque
1041 3181 1111 3248 bya-

84 3252 148 3318 das,·
164 3254 182 3303 i.
202 3269 227 3303 e.
244 3252 386 3320 pluviosus.
420 3251 574 3303 Sallustius:
593 3251 724 3302 Consedit
743 3252 774 3300 in
792 3252 864 3302 valle
880 3251 1004 3316 uirgulta
1020 3265 1113 3300 nema-

85 3337 215 3388 raraque3
241 3322 367 3387 uirgulta
391 3335 441 3386 pro
466 3319 622 3388 virgrdtosa.
657 3319 775 3388 Quidam
792 3328 887 3372 autem
906 3330 1051 3369 arcturum
1071 3316 1111 3370 rel

85 3391 193 3457 pluuias
211 3386 322 3457 hyadas
340 3389 491 3456 accipiunt,
514 3389 561 3456 qui
585 3404 642 3439 non
664 3396 781 3456 utraque
804 3404 860 3439 uno
876 3396 1002 3456 ternpore
1018 3384 1113 3439 oriun-

86 3465 140 3525 tur,
159 3459 236 3528 quod
253 3459 275 3509 si
292 3458 331 3510 ita
348 3464 389 3510 est
395 3495 403 3524 ,
427 3458 481 3511 erit
498 3474 549 3524 que
566 3473 618 3527 pro
636 3474 675 3508 ve.
712 3457 847 3519 Triones;
865 3456 882 3508 i.
900 3475 922 3508 e.
942 3454 1111 3523 Septentrio·

87 3542 147 3581 nes.-
171 3526 325 3590 Geminos,¹
340 3527 416 3589 ,duos
433 3527 451 3576 i.
469 3544 493 3578 e.
511 3527 682 3591 Cynosuram
706 3534 734 3579 et
756 3527 879 3578 Helicen.
913 3526 1000 3576 Varro
1017 3530 1112 3576 autem

83 3596 133 3663 ait,
157 3596 241 3648 boves
262 3595 366 3648 triones
389 3595 460 3661 dici,
486 3601 513 3645 et
536 3595 606 3646 haec
628 3595 706 3662 signa
730 3595 813 3646 etiam
837 3594 957 3663 plaustra
974 3591 1112 3658 dicuntur,

88 3680 151 3734 quae
164 3682 182 3717 a
193 3665 284 3716 bobus
294 3665 448 3716 necessario
462 3664 534 3714 trahi
548 3663 644 3728 solent,
657 3672 689 3713 nt
701 3664 804 3716 Graeci
818 3658 925 3734 ἄρκτον,
939 3654 1109 3731 dindina]-

88 3739 140 3791 517.
164 3734 363 3801 Armatumque
388 3751 459 3784 auro
486 3733 677 3797 circumspicit
702 3733 829 3799 Oriona;
855 3732 943 3800 [bene
967 3741 1109 3783 armatum

89 3819 168 3870 auro,
180 3802 258 3871 quia
281 3810 309 3855 et
332 3801 438 3853 balteus
456 3801 513 3854 eius
538 3809 565 3853 et
582 3802 688 3870 gladius
705 3801 861 3854 clarissimis
877 3800 992 3870 lingitur
1009 3796 1112 3863 stellis]

89 3868 124 3922 Sic
140 3872 269 3923 Lucanus
293 3877 337 3936 (1,
353 3869 439 3933 665.):
465 3869 592 3939 Ensiferi
617 3873 737 3921 nimium
756 3871 853 3939 fulget
877 3872 953 3922 latus
978 3868 1108 3921 Orionis.

91 3932 120 3989 Et
134 3940 291 4005 sciendum,
307 3955 364 3991 non
381 3940 435 3990 hoc
452 3955 516 3989 eum
533 3939 649 4004 intueri,
666 3947 698 3989 ut
713 3947 810 3991 cernat
825 3940 918 4008 signa,
934 3953 1005 4006 quae
1022 3935 1110 3988 omni-

91 4004 134 4061 bus
148 4016 259 4083 patent:
284 4008 331 4061 sed
349 4008 492 4077 explorare
509 4008 650 4059 stellarum
666 4007 807 4078 vigorem,
830 4023 884 4081 quo
900 4009 992 4060 futura
1008 4005 1111 4058 indica-
