2454 4500
53 327 56 333 ,
98 256 143 325 rs
295 243 308 255 “
363 244 503 308 servu
526 242 894 360 couneurapius.

98 447 134 485 eo
149 430 226 485 enim
243 427 316 500 quod
332 428 500 499 esteQul‚
521 430 551 484 ln
567 432 622 486 lus
645 433 747 486 mritis.-
771 430 808 486 ab
826 442 860 501 eo
877 430 954 502 quod
971 424 1137 501 estoque-⁸

98 502 127 554 in
146 504 172 553 is
189 502 289 561 mittit3
312 499 359 552 sed
376 517 392 551 a
408 500 490 553 tertia
508 501 693 555 declinatione
710 504 740 554 iu
758 502 809 553 usu
825 511 890 554 sunt
906 501 1013 554 datium
1036 508 1064 553 et
1080 498 1118 551 'elr-

97 569 194 624 lativus
210 568 343 641 plurales,
359 567 423 621 licet
439 569 546 636 antiqui
564 571 691 622 omnibus
709 571 751 631 usi
768 572 822 623 sint
839 569 955 624 casibus.
987 562 1120 637 [Denique]

98 640 167 691 Cato
190 638 220 690 in
243 638 395 706 originibus
417 639 469 689 ait:
497 639 527 688 Si
546 656 612 706 ques
631 643 690 691 sina
706 641 814 708 pupuli.
850 640 887 691 Et
904 639 1052 692 declinavit
1068 640 1120 705 quel

97 712 211 778 quium:
228 714 259 756 ut
276 725 380 774 puppes
397 711 543 775 puppium.
580 709 733 761 Moenibus
752 709 837 772 ellis‚·
856 715 973 789 propter
989 708 1121 775 Pergam,

97 796 168 848 quae
185 774 317 829 altissima
339 776 465 828 fuerunt:
490 794 521 828 ex
539 778 637 844 quibus
655 778 748 831 omnis
772 776 828 829 alta
852 776 983 829 aedilicia*
1000 788 1122 844 pergame

96 855 242 910 vocantur,
272 845 511 912 sicutaeschylus
531 846 610 898 dicit.
623 873 667 897 .-
702 851 745 904 99.
772 846 922 913 Oppeter45
956 853 1123 897 oreterrm

96 925 209 988 petere,
225 914 243 965 i.
261 932 285 964 e.
302 913 391 978 mori,
408 915 571 984 [exspirare,
594 915 637 966 vel
655 913 842 983 occumbere]
875 916 1024 966 Possumus
1041 920 1122 965 autem

13 1022 17 1035 ι
96 987 135 1037 sic
153 985 194 1035 uti
210 983 264 1034 hoo
281 998 423 1047 sermone,
442 991 470 1034 et
486 992 517 1033 ut
533 1001 582 1052 per
600 1001 628 1035 se
645 985 743 1055 plenus
760 983 810 1049 sit,
828 991 857 1035 et
873 983 992 1054 recipiat
1005 980 1123 1035 adiectio·

96 1071 172 1107 uem.
205 1053 280 1120 Ergo
297 1050 414 1101 dicimus
431 1059 459 1102 et
476 1053 598 1121 oppetit,
623 1061 651 1104 et
673 1059 796 1120 mortem
814 1053 934 1122 oppetit:
957 1054 1032 1102 sicut
1049 1058 1123 1104 etex·

115 1122 184 1186 irat,
209 1128 236 1172 et
259 1119 384 1170 animam
407 1120 519 1190 expirat.
560 1120 732 1177 Fortissime,
750 1122 861 1188 gentis}
885 1119 963 1189 atqui
981 1119 1011 1171 in
1029 1118 1124 1171 artius

96 1141 213 1259 legimus
238 1189 434 1256 superlativum
458 1184 576 1256 graelum
593 1194 664 1242 'non
693 1189 747 1245 nisi
772 1190 892 1256 genitivo
917 1188 1036 1259 plurali.
1049 1184 1124 1255 iringi.

97 1262 217 1312 Constat
240 1256 366 1324 quidem:
398 1257 448 1310 sed
476 1275 545 1324 gens
576 1274 682 1310 nomen
705 1265 746 1309 est
771 1257 961 1325 epuntiatioue
986 1255 1125 1325 singulare.

96 1327 237 1384 intellectu
253 1326 369 1393 plurale.
403 1324 479 1379 Bene
496 1341 564 1392 ergo
582 1328 682 1380 iunxit:
706 1328 736 1378 in
752 1334 835 1422 §ente
853 1326 929 1378 enirn
952 1325 1047 1396 plures
1064 1328 1124 1389 siml.

96 1399 134 1449 Ut
157 1391 223 1448 nlilri
246 1396 306 1465 Ipse
334 1396 430 1460 (344,)τ
462 1394 624 1446 ditissimus
655 1398 722 1463 agri
748 1394 926 1447 llioenicum.
969 1394 1036 1445 Non
1060 1392 1124 1447 enim

92 1481 166 1522 -unus
184 1471 224 1515 est
241 1480 309 1531 ager
325 1463 503 1515 Phoenicum.
537 1466 608 1516 Item
625 1463 780 1516 Sallustius:
802 1464 929 1515 Romani
951 1465 1066 1530 generis
1090 1460 1124 1513 ll·

96 1535 280 1589 ¹certissimus.
315 1531 378 1599 (Aut
394 1532 557 1599 superlativo
575 1548 625 1603 pro
642 1533 832 1604 comparativo
849 1548 912 1584 usus
924 1531 1043 1599 videtur,
1059 1527 1133 1601 quad

71 1594 74 1603 ¹
95 1601 250 1660 {artissimis
263 1602 483 1673 ‘comperandus3
506 1617 579 1666 non,
603 1610 634 1652 ut
649 1603 729 1669 vulgo
755 1602 893 1668 ereditur,
916 1596 1140 1681 praeferendull'

95 1673 166 1725 Sane
185 1671 342 1739 quaeritur,
365 1687 431 1721 curn
447 1669 615 1722 Diomedem
637 1670 821 1724 fortissimum
845 1671 959 1735 direrrt,
984 1686 1052 1721 curu
1136 1708 1141 1721 .

95 1741 231 1795 Achillem
248 1747 276 1792 et
291 1739 405 1792 Aiacem
427 1740 486 1809 ipse
510 1741 546 1791 sit
568 1740 673 1791 tertius.
708 1740 786 1791 Unde
812 1738 897 1792 etiam
915 1737 1060 1791 Sallustius
1100 1737 1134 1799 lt,

96 1811 224 1864 Primum
250 1807 423 1859 Graecorum
446 1808 591 1860 Achillem.
627 1808 712 1860 Multi
735 1809 831 1859 dicunt
854 1807 916 1860 ideo
940 1807 1085 1862 fortissimi

96 1881 161 1952 quia
177 1878 250 1930 iuxta
267 1879 421 1930 Homerum
436 1885 466 1930 et
482 1879 621 1930 Venerem
638 1877 789 1930 vidnerovit
805 1885 834 1929 et
849 1877 980 1930 Martem.
1020 1876 1077 1929 Alii
1155 1926 1158 1931 ,

96 1956 210 2016 gentem
231 1946 374 2010 referunt,
397 1946 471 2015 quod
495 1947 613 1998 Achilles
636 1945 783 1999 Thessalus
813 1946 882 2011 fuit,
911 1945 979 1999 Aiax
1003 1944 1128 2007 Graecus

59 2062 62 2067 .
80 2015 245 2070 ⁴Diomedes
262 2013 382 2067 Danaus.
412 2013 500 2065 Multi
523 2016 558 2068 ad
582 2012 788 2068 excusationem
806 2016 915 2068 Aeneae
931 2013 1029 2067 volunt
1044 2012 1133 2087 sortil-⁸

95 2087 199 2143 nimum
215 2082 319 2134 dictum
337 2082 397 2148 (sub
413 2081 573 2147 Diomede)=
583 2093 587 2099 '
597 2102 614 2136 a
631 2101 686 2153 quo
705 2100 771 2136 eum
785 2084 815 2150 (i.
833 2103 859 2136 e.
875 2081 1010 2145 Aeneam)
1028 2084 1163 2137 constal':

95 2172 155 2209 esse
179 2160 339 2221 superatum
363 2152 405 2218 [ut
427 2153 561 2205 Iuvenalis
586 2158 645 2221 (15,
661 2153 729 2216 669:
753 2151 817 2220 [Vel
841 2170 895 2219 quo
922 2151 1050 2219 Tydides
1075 2168 1129 2222 per·
1157 2154 1163 2163 '

97 2225 187 2275 cussit
202 2221 322 2288 pondere
347 2236 447 2271 coeam
464 2221 592 2287 Aeneae]
608 2250 643 2260 -
678 2228 721 2279 97.
741 2221 866 2288 Tydide,·
890 2221 1030 2275 vocativus
1047 2219 1129 2275 Grac·

96 2309 143 2346 cus
161 2289 234 2360 (est):
251 2289 273 2342 si
291 2287 367 2344 enim
383 2289 469 2345 latine
487 2292 607 2347 diceret:
626 2310 640 2342 o
657 2291 769 2359 Tydida
779 2290 875 2344 debuit
902 2305 997 2342 onere.
1023 2287 1129 2343 'Omnia

97 2362 173 2417 enirn
195 2358 399 2428 patronymica,
424 2376 495 2427 quae
519 2360 548 2413 in
566 2361 626 2414 Des
650 2372 764 2423 exeruit,
788 2359 863 2429 apud
911 2359 1002 2409 atinus
1046 2357 1130 2409 rimae

96 2438 160 2482 sunt
182 2427 386 2491 declinationis,
415 2435 446 2480 ut
471 2429 576 2480 Saevus
602 2430 652 2484 ubi
675 2428 813 2481 Aeacidae
845 2428 897 2479 telo
924 2429 1004 2497 iacet¹
1052 2438 1128 2479 ector.

132 2498 240 2564 ydides,
256 2495 419 2561 Diomedes,
437 2497 523 2566 Tydei
541 2507 569 2550 et
585 2497 731 2568 Deiphyles
750 2497 819 2564 (cod.
837 2495 1010 2565 Deipseles),
1024 2490 1130 2549 Adrasti

108 2566 183 2632 iliae,
205 2563 291 2630 silius,
315 2565 363 2630 qui
380 2572 441 2634 post
456 2576 570 2638 captum
586 2567 669 2620 Ilium
687 2566 723 2621 ad
738 2566 848 2619 Italiam
864 2566 939 2617 venit
945 2587 965 2631 ,=
977 2564 1054 2632 quod
1078 2563 1130 2634 ple·

96 2636 159 2692 nius
188 2634 218 2690 in
241 2633 285 2685 XI.
308 2632 380 2684 libro
403 2633 496 2688 habes.
543 2638 585 2688 Eo
608 2643 735 2705 tempore
757 2642 847 2687 statua
872 2651 937 2687 cum
967 2633 999 2685 in
1028 2630 1130 2703 templo
1157 2660 1163 2703 ς

97 2704 229 2774 Apollinis
245 2701 371 2772 Delphici
387 2712 487 2770 staret,
510 2705 537 2757 vi
554 2704 675 2774 quiedam
691 2704 783 2756 divina
800 2705 835 2755 ad
852 2703 1007 2771 Corcyram
1025 2702 1132 2769 migra·
1155 2754 1158 2759 ,

97 2775 150 2834 vit,
173 2773 229 2824 visa
252 2777 295 2822 est
317 2786 414 2824 muros
431 2774 650 2840 Corcyraeorum
667 2773 833 2829 defendere:
857 2789 924 2827 nam
941 2771 1000 2823 eius
1018 2768 1137 2823 commi·

98 2841 209 2900 natione
225 2839 348 2892 hostibus
364 2841 475 2910 fugatis,
492 2844 613 2911 Corcyra
629 2841 702 2897 bello
721 2859 798 2895 exem
818 2849 847 2899 ta
861 2848 909 2893 est
922 2867 957 2876 —
991 2844 1037 2897 98.
1055 2838 1131 2908 [Noa

119 2912 240 2972 eruisse5
258 2907 335 2976 quasi
351 2925 462 2979 semper
478 2910 614 2975 voluerit]
648 2911 780 2963 Animam
799 2861 888 2974 llum
907 2909 985 2977 quasi
1003 2925 1070 2959 cum
1086 2908 1133 2958 do·

97 2929 157 3031 lore
175 2980 302 3029 animem
320 2977 392 3031 lianc
410 2978 513 3047 [dixit],
536 2998 569 3032 ac
593 2981 616 3030 si
634 2979 738 3033 diceret
754 2979 929 3047 (infelicem),
953 2993 1026 3046 quae
1043 2977 1080 3029 ad
1095 2975 1132 3028 la·
1155 2980 1161 2993 “

98 3047 198 3101 borem
214 3056 279 3099 nata
297 3055 345 3099 est.
375 3048 550 3118 'Effunrlere,·
574 3049 726 3107 secimduin
744 3065 807 3113 eos,
830 3049 877 3116 qui
895 3047 1005 3111 dicunt,
1022 3044 1133 3115 sangui·

98 3134 167 3171 uem
179 3133 237 3171 esse
254 3115 392 3168 animam:
410 3126 441 3168 ut
457 3117 515 3187 ipse
533 3116 620 3185 (alibi)
639 3121 674 3184 (9,
682 3116 959 3185 349.):,Purpureem
977 3117 1067 3169 vomit
1085 3114 1134 3166 illo

99 3190 235 3241 animam.
270 3185 344 3242 Nam
368 3185 421 3237 olio
445 3185 506 3237 loco
530 3186 608 3254 [licet
630 3186 707 3252 alias]
730 3187 849 3239 aliorum
866 3184 1028 3255 opinionem
1044 3181 1134 3252 sequi·

99 3263 159 3322 tur,
183 3255 231 3325 qui
247 3253 356 3320 dicunt,
378 3255 506 3326 spiritum
523 3272 581 3310 esse
599 3257 731 3310 animam.
765 3256 844 3308 Unde
862 3262 903 3307 est
919 3257 962 3320 (4,
977 3256 1066 3315 7059:
1088 3250 1134 3303 Aa·

120 3342 160 3385 ue¹
171 3327 202 3379 in
221 3337 317 3379 ventos
334 3325 393 3379 vita
413 3327 532 3377 recessit.
548 3352 583 3364 -
616 3330 659 3382 99.
678 3325 801 3389 Saevus‚·
819 3340 946 3392 magnus,
962 3329 992 3373 ut
1009 3320 1135 3392 superius

99 3342 232 3457 diximus,
249 3391 303 3460 [vel
318 3393 412 3458 fortis,
429 3395 473 3446 vel
490 3395 648 3459 bellicosus,
672 3401 703 3445 ut
720 3401 762 3445 est
777 3398 838 3460 (ll,
856 3390 940 3451 stul:
965 3390 1000 3440 Ee
1018 3404 1134 3443 roceum

100 3462 220 3512 Aeneam
239 3462 356 3528 agnovit
370 3460 487 3515 Turnus
506 3467 536 3519 in
550 3462 666 3529 ermis]
700 3462 750 3514 Vel
765 3463 891 3514 adversus
908 3461 1001 3512 hostes
1014 3474 1135 3523 saeuus,-

101 3538 131 3585 et
155 3536 196 3583 est
218 3548 233 3581 e
253 3530 362 3581 itheton
385 3531 421 3585 ed
444 3538 566 3601 tempus:
590 3549 657 3585 narn
677 3531 865 3599 incongruum
889 3535 964 3592 erat,
988 3527 1026 3580 ab
1043 3532 1137 3581 Aenea

103 3614 218 3656 saevum
265 3611 382 3653 errorem
405 3598 474 3651 dici:
497 3609 545 3652 aut
562 3619 679 3663 saevus,
703 3601 778 3671 quod
801 3601 947 3652 adversum
963 3597 1138 3653 Antenorem

101 3678 131 3724 et
146 3669 269 3725 Aeneam
286 3675 314 3720 et
330 3668 465 3720 Helenam
481 3671 615 3736 sentiens,
638 3670 774 3725 Helenam
797 3684 855 3723 non
871 3665 1032 3740 permiserit
1046 3665 1137 3719 reddi.

101 3739 167 3793 Ideo
185 3754 286 3791 saeuus
304 3734 421 3803 Hector,
444 3737 510 3806 quia
526 3740 632 3793 Aeneas
675 3740 724 3791 ius.
760 3737 840 3807 Quod
863 3745 960 3793 autem
983 3735 1023 3787 ait
1038 3734 1137 3787 Aeaci-

103 3810 155 3861 dee
173 3807 240 3872 telo,
261 3804 477 3861 videreuidere
492 3807 647 3861 feliciorem
689 3817 827 3872 ecloum,
850 3806 895 3858 cui
912 3804 1078 3872 contigerit,
1100 3804 1139 3859 ab

103 3874 208 3934 Achille
230 3874 338 3945 perire,
368 3877 442 3944 quod
464 3878 524 3948 ipae
547 3892 564 3926 o
612 3877 682 3931 verit
704 3876 732 3933 ei
755 3890 930 3945 congressis,
959 3872 1032 3926 sicut
1053 3872 1138 3935 inv.

103 3946 145 3999 Ne
165 3951 246 3999 tunue
269 3943 369 3997 Veneri
392 3943 534 4013 loquium]
591 3953 605 3999 t
626 3946 699 4000 bene
722 3946 807 4014 elegit
829 3944 898 4013 (eod.
915 3944 945 3996 F.
963 3942 1058 4012 legit),
1074 3958 1140 3995 oum

104 3962 204 4085 quilii·
226 4012 338 4084 periisse
355 4012 496 4079 debuerite
519 4015 579 4088 ipse
594 4016 681 4071 -enim
704 4022 734 4071 et
755 4013 836 4073 lortie
859 4020 917 4079 eet,
940 4018 969 4069 et
990 4014 1141 4067 numium
