2454 4500
86 262 90 267 ’
183 300 220 342 m
241 228 594 387 narnatino.
615 269 768 360 nant
790 246 986 395 aooss-rm.
1039 270 1104 357 sn
1188 277 1225 358 ’.

73 466 236 527 balantum
252 465 271 518 i.
288 466 326 531 a,
348 482 412 518 cum
429 464 522 520 multis
538 452 745 535 balantias-
774 456 844 527 v566.¹
855 461 981 521 Martius
998 471 1099 539 lupus3

73 540 127 585 aut
147 542 292 602 cruentus,
315 543 362 588 aut
383 536 471 587 Marti
495 536 639 591 dedicatus.
656 560 691 577 ι·-
724 542 785 595 567.
807 538 928 605 Aggere,
952 557 1037 606 agger
1059 547 1101 592 ost

72 602 222 654 cuiuslibet
231 604 280 655 'rei
297 605 480 668 coacervatio,
495 606 568 657 unde
583 606 686 671 fossae,
702 613 750 656 aut
765 604 845 658 valles
862 615 973 673 possunt
988 607 1102 677 repleri.¹

73 669 311 737 [subaudiendam
327 680 437 740 tamen,
453 672 531 739 Alii]
547 700 582 712 -
615 680 675 734 569.
692 676 803 741 Ingenti
813 673 961 742 fragmine
978 677 1098 741 montis,-

71 739 227 805 supradicti
248 741 304 792 saxi
325 742 500 810 exaggeratio
523 751 571 794 est
589 768 637 793 -.
665 749 725 800 570.
748 741 910 808 Lucetium
934 742 1023 794 solum
1044 745 1097 797 hoc

71 821 180 859 nomen
197 816 251 873 est,
274 810 348 877 quod
364 806 469 862 dictum
484 828 501 863 a
517 811 631 880 Virgilio
646 810 676 863 in
692 809 767 862 nullo
783 809 836 862 alio
852 811 989 882 reperitur
1006 820 1098 863 auoto-

71 891 117 927 re.
150 873 221 930 Sane
235 877 330 945 lingua
346 878 418 931 Osca
433 877 567 930 Lucetius
584 888 624 932 est
639 879 775 949 luppiter,
791 879 877 930 dietus
894 899 911 932 a
928 881 996 946 luce,
1012 896 1098 948 quam

66 952 217 1013 -praostare
235 946 334 998 dicitrn
349 947 514 1001 hominibus.
549 950 610 1017 lpse
627 955 666 999 est
682 947 866 1000 enimnostra
882 947 977 1016 lingua
994 950 1096 1016 diespi-

71 1024 133 1076 ter,
147 1013 165 1063 i.
183 1031 205 1066 e.
223 1015 282 1066 diei
302 1027 388 1083 pater.
421 1017 549 1068 Horatius
567 1018 669 1084 (Germ.
686 1023 720 1081 3,
736 1016 794 1080 3.):
818 1016 946 1084 Namque
964 1017 1096 1084 diespiter

70 1081 234 1150 plerumque
250 1101 298 1151 per
313 1101 417 1152 purum
435 1087 572 1154 [tonantes
589 1086 656 1154 Egit
672 1101 765 1151 equos.
779 1107 814 1122 -·
847 1091 908 1143 572.
925 1083 982 1136 His
1000 1086 1094 1138 iaculo

70 1149 184 1214 horsus,-
199 1153 302 1205 nescias
318 1153 353 1206 de
369 1169 424 1222 quo
440 1153 556 1219 dixerit]
572 1181 607 1196 -
634 1158 702 1212 ¹573.
720 1153 840 1218 Caenea,
865 1152 996 1203 Turinus
1022 1152 1095 1204 Tur·

71 1232 131 1266 rsus
148 1219 229 1285 Ityn5
252 1227 283 1271 ut
300 1222 338 1272 ait
354 1221 489 1274 Lucilius:
511 1223 620 1275 Bonum
637 1221 746 1273 schema
764 1233 820 1286 ert,
842 1224 970 1287 quotieas
994 1238 1093 1272 sensus

13 1348 17 1353 Ι
69 1287 205 1339 variatur
223 1290 255 1339 ia
272 1292 421 1342 iteratione
438 1292 601 1344 verborum.-
628 1290 674 1358 [Et
691 1292 723 1342 in
733 1288 796 1357 fine
813 1291 937 1356 positus,
953 1291 1093 1356 sequentis

62 1353 291 1424 jit.eaordium,
315 1360 366 1427 qui
387 1360 543 1427 appellatur
567 1357 691 1423 elimasa]
712 1385 748 1395 -
788 1364 848 1416 57⁵·
871 1356 923 1409 Pro
949 1359 1094 1423 attributi

67 1429 187 1495 atrtfflro
203 1418 364 1479 defensione
380 1429 507 1481 turrium.
541 1429 645 1480 Autsic
658 1427 762 1494 magni,
778 1432 809 1476 ut
825 1433 1044 1493 turresputares.
1058 1451 1094 1466 ···
1146 1450 1150 1479 ι,
1205 1456 1211 1474 n

69 1495 133 1548 576.
155 1490 259 1553 Hasta,
272 1494 441 1558 Themillae3
466 1497 634 1562 Themillae,
659 1494 828 1559 Themillae,
850 1503 881 1544 ut
897 1494 1018 1559 Aeneas,
1040 1495 1091 1545 Ae.

26 1586 29 1593 ·
68 1575 149 1610 neae.
181 1558 265 1614 Leuis
288 1572 382 1616 antem
404 1564 501 1632 hasta,
524 1581 576 1636 pro
598 1564 697 1618 'leuiter
714 1566 835 1613 veniens.
868 1562 905 1612 Ut
928 1567 956 1613 et
973 1563 1093 1613 strinss·
1121 1573 1124 1579 ’

10 1630 24 1643 “
68 1639 118 1678 rat
140 1627 220 1696 dixit,
241 1631 261 1683 i.
283 1649 308 1684 es
330 1633 444 1700 paulum
465 1635 660 1686 vulneraverat.
703 1631 739 1681 Ut
762 1632 828 1697 (10,
851 1629 943 1693 478·):
968 1629 1093 1681 Tandem
1170 1642 1175 1649 ·

66 1698 155 1746 etiam
179 1714 280 1767 magno
305 1704 421 1752 strinxit
439 1703 472 1754 de
489 1720 602 1770 corpore
620 1700 721 1753 Turni.
737 1723 771 1737 -·
805 1704 864 1756 577.
883 1696 1020 1763 Demens;
1065 1714 1098 1756 ua

65 1771 178 1815 scutum
201 1783 307 1837 quoae
335 1769 479 1837 tuebamr,
509 1771 617 1822 abiecit.
656 1770 736 1833 Alis,
760 1765 871 1837 'pennia
895 1790 930 1803 -
970 1771 1032 1824 579.
1081 1778 1113 1829 t¹

64 1834 149 1887 laevo
168 1835 260 1903 infixa
278 1848 318 1888 est
336 1839 418 1888 lateri
424 1861 433 1902 ,·
457 1840 575 1891 ostendit
590 1837 709 1890 vulneris
732 1836 825 1887 locum
841 1849 925 1901 quem
950 1841 1014 1886 ante
1030 1849 1094 1904 tup-

19 1966 21 1971 .
64 1910 212 1978 presserat
247 1903 290 1957 sic
306 1906 337 1958 in
353 1914 452 1975 quarto
469 1907 566 1976 (689.);
589 1905 717 1974 Infiaum
733 1904 829 1955 stridit
845 1901 891 1968 (al.
908 1900 1022 1964 stridet)
1038 1903 1091 1959 suls

57 1982 174 2038 ⁴pectore
198 1974 311 2026 vulnus.
328 2003 363 2013 -
406 1979 466 2035 580·
489 1976 666 2042 spiramenta
689 1974 816 2032 animae3
838 1969 960 2022 delinitio
985 1969 1093 2038 pulmo·
1181 1985 1202 2043 '-

66 2055 154 2106 num,
169 2040 227 2125 [qui
245 2042 372 2094 dicuntia
389 2061 407 2094 a
423 2045 566 2112 spirando,
583 2045 601 2095 i.
619 2050 643 2096 'a
660 2059 678 2095 a
689 2041 781 2109 pulsu,
797 2039 868 2090 sicut
884 2038 991 2091 Graeca
1008 2034 1091 2091 arsi-
1161 2054 1179 2097 ·.

65 2127 142 2178 μων,
166 2108 222 2163 απδ
245 2108 295 2164 roi
316 2116 415 2167 πνέειν.
433 2139 467 2152 -
502 2112 675 2172 582.,Piotus
692 2127 746 2160 acu
771 2108 957 2174 chlamydem
980 2107 1034 2158 hoo
1051 2114 1093 2159 att

64 2181 172 2234 liabens
183 2181 358 2250 chlamydem
369 2183 525 2252 Phrygiam.
560 2181 595 2231 Ut
606 2185 641 2246 (4,
651 2178 740 2242 484.);
756 2177 789 2227 Et
802 2176 953 2258 Phrygiam
968 2176 1090 2257 Ascanio
1163 2223 1166 2230 ,

64 2251 254 2319 chlamydem
282 2258 312 2303 et
333 2259 374 2302 est
400 2251 551 2320 figmeatum
579 2251 672 2318 pictus
697 2243 895 2325 chlamydem]
934 2243 1090 2311 Ferrugrne

65 2320 162 2370 clarus
178 2317 301 2383 Hibera5
319 2319 440 2388 ferrugo
466 2319 564 2372 coloris
587 2333 673 2386 genus
694 2322 750 2379 est,
774 2313 822 2383 qui
844 2329 946 2364 vicinus
962 2320 1005 2365 est
1047 2328 1093 2365 ur·

84 2403 153 2439 urae
170 2387 250 2438 subni
285 2405 326 2439 ae.
359 2388 467 2440 Hibera
485 2396 577 2440 autem
595 2386 694 2449 modo,
715 2399 772 2435 non
790 2381 937 2448 Hispana,
953 2381 1001 2433 sed
1028 2398 1090 2461 'on-

63 2406 132 2506 iioa.
165 2455 239 2507 Nam
285 2458 373 2509 iberia
390 2474 455 2527 pars
470 2456 614 2519 Ponti‘est,
629 2455 713 2524 [inter
724 2451 864 2504 Persidem
881 2457 909 2502 et
922 2449 1092 2529 Armentans,

64 2524 115 2591 ulii
131 2524 237 2592 optime
253 2525 358 2578 colores
380 2525 480 2580 diversi
500 2520 677 2592 flaganiam]
699 2528 730 2570 ut
752 2518 871 2571 ostendit
886 2519 1014 2568 Horatius
1030 2518 1091 2586 (Ep.

61 2593 108 2655 5.)
132 2592 238 2645 dicens:
261 2592 424 2663 Herhasque
449 2612 519 2661 quos
542 2591 589 2661 [et]
614 2588 730 2642 Colchos
755 2600 837 2654 atque
861 2584 979 2636 Hiberia
1004 2586 1091 2635 mittit

66 2661 243 2713 Veneriorum
253 2662 350 2731 feror.
366 2691 402 2702 -
437 2669 496 2721 583.
516 2661 633 2711 Genitor
650 2673 729 2726 quem
747 2658 862 2706 miserat
878 2653 981 2703 Arcens
987 2675 998 2717 ,-
1020 2652 1090 2703 ordo

63 2738 124 2797 est:-
143 2727 238 2782 Stabat
253 2732 377 2783 Arcentis
392 2731 464 2783 iilius
480 2731 581 2780 Arcens
604 2728 635 2778 in
651 2724 736 2777 armis
753 2721 880 2792 egregius
897 2721 938 2799 ll..
955 2721 1015 2771 Vos.
1032 2718 1091 2798 Gu-

62 2799 110 2851 eli.
125 2798 147 2851 1.
163 2798 196 2851 11;
221 2801 356 2865 egregiis,
377 2800 412 2850 R.
436 2795 597 2866 egrediens).
630 2794 704 2846 Nam
726 2807 783 2870 non
806 2796 934 2856 congruit
955 2787 1090 2867 utnhurus

62 2866 114 2918 filii
142 2866 336 2936 praetermisso
366 2864 493 2930 nomine,
528 2864 570 2914 his
591 2861 648 2913 -fiat
675 2867 761 2931 patris
789 2862 1026 2936 commemoratiot
1040 2879 1089 2933 '-

62 2937 125 2994 584.
142 2932 303 3004 Symaethia
321 2936 428 2986 circum
476 2935 589 2996 umina;
614 2927 776 2997 Symaethus
797 2927 899 3004 fluvius¹
918 2931 958 2976 est
975 2922 1091 3003 Siciliae,

63 3003 93 3070 [a
109 3019 176 3072 rege
193 3002 339 3070 Symaetho
356 2934 473 3069 dictusss
491 3000 566 3054 haud
588 2999 671 3067 longe
689 2998 726 3051 ab
748 2994 819 3047 urbe
835 2993 993 3073 Cannensi,
1015 3004 1090 3043 circa

61 3088 149 3141 quem
171 3078 236 3123 sunt
258 3069 350 3123 Palici
373 3071 482 3139 (Guelf.
497 3071 517 3121 I.
540 3069 638 3136 paysi,
661 3082 726 3118 mox
748 3061 863 3141 pellici)
886 3061 947 3125 do1,
969 3074 1091 3128 quorum

60 3141 125 3192 talis
142 3148 183 3192 est
197 3139 305 3191 fabula:
321 3140 438 3192 Aetnam
454 3139 620 3208 nympham,
637 3136 706 3203 [vel,
720 3142 753 3185 ut
768 3130 881 3201 qunlam
894 3129 1000 3208 uolunt,
1016 3127 1091 3209 Tlra·

59 3207 142 3274 liam]
158 3209 281 3278 Iuppiter
298 3224 363 3259 cum
380 3209 512 3271 vitiasset,
535 3214 564 3259 et
585 3204 694 3259 lecisset
715 3200 870 3272 gravidam,
893 3204 994 3248 timens
1005 3195 1090 3274 'Iuno-

37 3279 40 3283 ⁴
60 3293 147 3345 nem,
168 3276 319 3328 secundum
335 3277 416 3344 alios,
436 3278 525 3349 ipsam
541 3275 677 3346 puellam,
699 3273 805 3345 Terrae
821 3265 1039 3327 commendant,
1063 3270 1092 3313 et
1165 3308 1168 3312 .

59 3345 119 3397 illic
144 3346 222 3398 enixa
245 3352 294 3398 est.
334 3344 490 3398 Secundum
512 3345 593 3407 alios,
615 3348 728 3411 partum
750 3338 822 3402 eins,
850 3341 945 3414 pastea
967 3347 1032 3382 curn
1057 3329 1092 3412 da

60 3414 154 3479 Terra
170 3414 324 3481 erupissent
340 3415 394 3465 duo
411 3412 506 3484 pueri,
523 3412 614 3474 Palici
630 3409 697 3463 dicti
713 3414 776 3459 sunt
781 3442 790 3471 ,
806 3409 1002 3483 quasriterum
1018 3415 1093 3479 vena·

60 3491 149 3536 entes.
182 3482 256 3534 Nam
280 3479 367 3535 adim
390 3482 460 3537 ‘s‘ssrr
483 3488 523 3534 est
548 3485 647 3533 iterum
664 3467 1092 3552 venire.·H1pnmolrnmann

59 3550 159 3604 hostiis
182 3551 379 3620 placabantur,
407 3560 502 3622 postea
524 3549 688 3620 quibusdam
713 3556 798 3598 raons
819 3545 940 3620 mitigati
963 3543 1041 3600 sunt,
1062 3541 1093 3615 et

60 3635 163 3671 eorum
190 3620 337 3673 immutata
366 3618 508 3673 sacrificia.
552 3619 618 3671 lmle
647 3629 715 3685 ergo
743 3607 901 3690 ‚Plaeabrlrs
931 3621 997 3665 τινας
1026 3618 1092 3673 qma

59 3688 191 3754 mitigata
206 3697 270 3739 sunt
287 3704 385 3740 eorum
400 3688 523 3741 numina·
556 3686 683 3755 [Palieos
705 3688 829 3735 nauticos
852 3675 916 3726 deos
934 3673 1022 3753 {lamo
1043 3688 1091 3741 ap-

82 3756 170 3808 ellat·
191 3755 244 3806 Alii
260 3757 355 3808 dicunt
369 3756 463 3809 Iovem
478 3758 552 3809 huno
570 3754 697 3806 Palicum
721 3754 835 3820 propter
850 3745 968 3821 Iunonrs⁸
982 3754 1092 3792 iracun-

59 3775 140 3876 iiam
155 3821 186 3873 in
202 3823 329 3902 Aprilem
346 3833 541 3878 commutasses
561 3823 616 3875 Alii
630 3819 790 3896 Vulcaniet
805 3815 908 3864 Aetnae
930 3809 1019 3888 filiurn
1036 3815 1092 3885 tra·

61 3895 148 3954 dunt,
164 3891 213 3942 sed
228 3899 367 3945 incertum
384 3909 416 3946 ex
433 3910 488 3961 qua
504 3893 647 3944 recondita
661 3889 778 3940 historia
790 3883 936 3962 Arceatem
950 3884 1034 3956 istum
1049 3891 1091 3926 m·

62 3961 187 4024 duxerit,
203 3975 292 4027 neque
310 3962 388 4012 enim
404 3961 463 4014 sine
479 3959 586 4012 ratione
601 3959 644 4013 vel
661 3958 742 4011 lusus
760 3951 866 4006 Marus
883 3953 1022 4014 appositus
1039 3948 1091 3993 est:

63 4026 178 4103 etquid
199 4027 286 4079 homo
301 4026 406 4083 Siculus
428 4030 529 4083 innoc
551 4029 625 4083 bello
640 4025 722 4091 tacit,
743 4035 831 4094 quem
852 4027 989 4085 nusquam
1010 4026 1093 4079 supra
1164 4028 1170 4035 ·
