2454 4500
98 312 166 380 374
349 302 490 369 suurn
513 302 867 370 COMMENTARIUS

98 489 240 551 Siciliae):
254 488 332 542 citius
347 490 485 561 hodieque
501 476 580 543 ardet
595 504 744 555 cacumen,
760 491 836 543 iuxta
853 488 929 559 quod
945 498 1014 541 sunt
1028 490 1133 543 leones:

97 559 190 612 media
213 567 308 610 autem
331 576 430 627 pascua
454 569 531 623 sunt,
553 561 636 631 [quae
660 560 769 629 capreis
792 557 964 623 abuudant],
987 559 1051 610 ima
1074 574 1133 611 vcro

98 627 200 681 moniis
224 629 395 698 serpentibus
418 628 500 695 plena
522 626 614 697 [sunt].
647 629 727 679 Hunc
743 627 1134 697 Bellerophontes'habitabi·

96 695 155 746 lem
170 696 245 759 fecit,
261 697 335 749 unde
352 696 529 749 Chimaeram
545 697 644 747 dicitur
661 695 798 747 occidisse.
815 722 851 734 *-
883 700 949 752 289.
969 693 1133 763 Gorgones,-

97 764 163 832 [hao
178 763 326 832 Gorgones
341 766 420 817 Porci
436 763 520 831 filiae]
535 772 591 816 tres
607 765 734 826 fuerunt,
758 764 788 814 in
805 771 931 814 extrema
947 765 1048 817 Africa
1066 765 1134 817 circa

97 831 240 885 Atlantem
262 840 406 898 montem,
436 849 508 902 quae
530 847 626 883 omnes
649 848 736 883 unum
760 831 871 883 oculrun
895 830 1134 901 habebantsque

99 900 220 952 invicem
236 901 390 962 utebantur,
406 902 537 972 [quarum
552 900 668 951 nomina
683 901 752 952 haec
768 897 906 965 fuerimu:
925 898 1034 952 Stheno
1048 901 1133 968 (codd.

99 967 339 1032 &ennasthenno
346 992 356 1031 ‚·
370 970 404 1019 ul.
420 969 703 1035 Stheniasrnennio),
715 968 841 1035 Euryale,
857 967 989 1019 Medusa:
1008 970 1069 1038 [sed
1080 969 1135 1021 Me·

99 1036 167 1087 dina
183 1044 276 1089 erecta
291 1038 384 1090 favore
401 1037 537 1106 Neptuni,
558 1054 624 1088 ausa
641 1045 683 1088 est
700 1037 789 1088 crines
806 1052 868 1087 suos
884 1035 1037 1090 Minervae
1053 1037 1133 1104 espil-

98 1104 133 1156 lis
149 1106 306 1173 praeferre,
323 1120 378 1169 qua
394 1121 425 1159 re
441 1106 585 1172 indignata
600 1107 671 1170 dea,
687 1105 775 1156 crines
792 1104 891 1171 quibus
908 1106 1036 1156 amatori
1053 1105 1132 1158 mari·

99 1188 147 1224 me
163 1172 304 1241 placuerat
324 1172 354 1223 in
377 1181 517 1241 serpentes
540 1172 638 1238 vertit,
661 1189 779 1239 eamque
803 1172 890 1225 excidi
906 1189 925 1224 a
942 1173 1049 1226 Perseo
1071 1173 1131 1226 fecit

98 1239 248 1292 luminibus
271 1240 414 1303 orbatam,
441 1241 576 1307 fecitque,
607 1247 653 1308 ut,
681 1240 801 1308 quisquis
825 1247 909 1309 caput
934 1240 998 1292 eius
1020 1242 1132 1306 vidisset,

99 1314 251 1359 uerteretur
268 1306 297 1357 iu
315 1323 421 1367 sarum3
448 1308 496 1358 sed
512 1309 640 1373 Perseus,
657 1309 727 1360 Iovis
745 1317 773 1358 et
788 1308 899 1361 Danaes
915 1306 1004 1373 filius,
1021 1327 1086 1367 cum
1101 1310 1131 1362 ad

99 1390 165 1429 eam
188 1375 367 1427 occidendam
383 1375 486 1426 volaret
510 1392 579 1444 prae
602 1391 632 1427 se
652 1385 761 1426 scutum
777 1377 897 1430 fereuss
920 1376 997 1430 eculi
1016 1380 1129 1431 candore

96 1443 284 1513 perlucidum,
319 1443 389 1493 sicut
410 1443 537 1496 Minerva
560 1451 775 1507 monstraveret,
803 1444 834 1497 in
858 1461 907 1494 um
928 1460 972 1511 ra¹
987 1444 1049 1496 eius
1071 1446 1129 1497 vidit

97 1519 182 1579 caput
197 1511 354 1577 Gorgonae,
371 1511 454 1563 etita
471 1524 578 1563 aversus
596 1512 731 1564 accedens
748 1513 777 1564 id
793 1514 961 1580 amputavit,
979 1514 1128 1582 quodcum

98 1579 134 1631 sd
150 1579 310 1647 Polyelioten
328 1578 481 1647 (Polydect.)
497 1596 594 1648 regem
611 1580 782 1645 pertulisset,
797 1580 876 1648 isque
892 1588 1015 1648 negaret
1031 1582 1061 1634 id
1077 1583 1126 1634 eius

97 1647 197 1701 virtute
214 1647 387 1711 confectum,
409 1649 587 1718 conspicuum
604 1648 632 1698 id
648 1648 710 1715 regi
726 1648 806 1712 fecit,
827 1651 904 1700 cuius
921 1660 1075 1719 conspectu
1088 1649 1128 1704 ille

96 1716 128 1771 in
143 1731 237 1769 surim
253 1721 372 1765 mutatus
390 1724 437 1780 est,
453 1717 526 1785 quod
542 1717 571 1768 in
586 1714 677 1767 Seriso
694 1716 784 1767 insula
799 1715 939 1786 hodieque
957 1714 1127 1782 ostenduam]

97 1784 215 1836 Serenus
231 1790 326 1846 tamen
341 1782 447 1850 [Poeta]
468 1785 536 1837 dicit
551 1781 721 1850 [Gorgonas]
737 1784 840 1854 puellas
862 1786 948 1836 fuisse
971 1786 1054 1839 unius
1076 1785 1127 1857 pul·

97 1852 272 1914 chritudinis,
296 1867 363 1921 quas
379 1868 445 1904 cum
461 1853 589 1905 vidissent
606 1852 809 1921 adolescentes,
830 1859 944 1924 stupore
971 1855 1124 1924 torpebant:

97 1921 170 1973 unde
186 1919 313 1988 tingitur,
336 1920 424 1988 quod,
447 1921 470 1971 si
487 1921 549 1990 quis
565 1937 612 1981 eas
628 1921 750 1987 vidisset,
774 1920 934 1974 vertebatur
958 1920 990 1973 in
1006 1922 1124 1992 lapidem.

97 1989 179 2058 [Sane
195 1988 308 2057 quidam
325 1988 433 2053 (haunt,
455 2005 545 2040 versus
563 1990 631 2040 alios
645 1989 697 2041 hos
720 1989 837 2043 aPoeta
859 1989 994 2044 hocloco
1012 1991 1123 2055 relictos·

97 2057 146 2131 qui
161 2056 198 2109 ab
214 2056 273 2112 eius
291 2056 512 2108 emendatoribus
528 2057 630 2109 sublati
648 2064 727 2112 sunt:

226 2122 381 2190 ,Gorgonis
394 2127 425 2174 in
445 2127 533 2177 medio
552 2136 709 2193 portentum
729 2127 851 2177 immune
868 2125 1018 2192 Medusae,

236 2191 366 2257 Viperecre
384 2195 490 2244 circum
508 2208 558 2243 ora
578 2210 687 2257 cernae,
702 2197 753 2251 cni
771 2195 856 2244 sibila
876 2207 1019 2263 torquent,

230 2260 407 2327 Insamesque
426 2263 517 2327 rigent
535 2263 627 2326 oculi,
645 2274 788 2325 mentoque
806 2265 858 2335 sub
879 2265 936 2314 imo

230 2327 391 2393 Serpentum
410 2332 540 2379 extremis
558 2331 702 2383 nodantur
720 2332 835 2383 vincula
855 2329 977 2395 saridim]

96 2393 309 2463 Harpyiaeque3
334 2396 454 2449 antium
472 2399 574 2452 occisas
592 2398 634 2464 (al.
655 2399 789 2459 mortuas)
807 2399 946 2465 intellige:
971 2406 1021 2448 aut
1036 2414 1122 2450 secun-

96 2466 162 2516 dum
184 2463 326 2515 Platonem
351 2473 379 2520 et
401 2465 481 2531 alios,
511 2466 672 2530 simulacra,
701 2467 768 2519 licet
791 2466 929 2529 vivarum,
960 2467 1018 2517 illic
1041 2469 1121 2518 fuisse.

95 2533 169 2585 Nam
185 2531 292 2596 dicunt,
315 2548 372 2583 esse
391 2535 517 2587 omnium
533 2551 630 2589 rerum
646 2535 721 2586 ideas
738 2534 887 2602 quasdam,
910 2535 929 2586 i.
948 2552 971 2586 e.
989 2535 1122 2609 imagines,

96 2601 131 2653 sd
148 2615 267 2667 quarum
290 2600 500 2655 similitudinem
523 2611 705 2673 procreantur
729 2603 861 2655 universa.
897 2603 970 2653 Hinc
996 2611 1037 2655 est
1060 2600 1120 2670 quod

96 2670 125 2723 in
141 2666 225 2719 Statio
241 2669 425 2734 Amphiaraus
443 2671 531 2738 (codd.
549 2671 696 2735 Damnas,
713 2669 840 2737 Damas,
864 2669 1021 2737 Dammae,
1045 2671 1121 2723 Theo·

96 2739 208 2797 dumus,
231 2734 265 2785 al.
289 2736 466 2804 Amfieraus,
492 2739 700 2806 Amphipraus,
720 2739 813 2791 Guelf.
838 2740 859 2789 Ι.
883 2741 915 2790 11.
945 2736 1120 2801 Thiodomas)

94 2803 200 2861 Plutoni
221 2802 288 2855 dicit
311 2805 417 2870 (Theb.
435 2808 553 2871 8,91.):
584 2809 727 2860 Omnibus
750 2807 856 2877 yiniter
889 2825 984 2859 rerum
1017 2810 1120 2870 videris,

95 2871 166 2928 mihi
182 2888 247 2921 vero
265 2884 290 2926 et
306 2885 391 2927 sator.
425 2875 532 2929 Harum
555 2885 650 2928 autem
671 2876 819 2929 simulacra
837 2876 911 2928 bene
928 2877 1004 2946 apud
1026 2878 1119 2932 inieras

94 2949 168 2996 sunt:
193 2955 264 3005 quae
288 2940 331 3008 (al.
349 2940 428 3007 quia)
453 2959 510 2994 esse
527 2945 655 2995 dicuntur
680 2952 707 2995 et
731 2944 828 2998 furiae.
866 2944 1051 3011 Tricorporis
1070 2961 1122 2997 um·

96 3013 174 3069 brue3
198 3006 291 3073 Heryli
315 3009 365 3074 (al.
390 3009 465 3060 Erili
488 3028 508 3062 s.
532 3010 631 3078 Eryli)
657 3019 685 3063 et
702 3010 837 3078 Geryonis
860 3010 1075 3080 (Geryonce?).
1091 3037 1119 3051 -

95 3083 154 3139 291.
180 3072 286 3141 Offem
320 3092 374 3127 non
399 3078 435 3128 'ad
455 3079 626 3142 feriendum,
658 3080 706 3131 sed
739 3082 774 3131 ad
803 3080 976 3149 repellendas
1008 3084 1120 3136 umbras.

94 3143 170 3198 Unde
193 3151 222 3193 et
246 3141 326 3209 offert
350 3145 427 3195 dixit:
451 3148 576 3200 sacerdos
600 3155 693 3200 autem
717 3148 803 3200 ferire
827 3149 965 3216 prohibet.
989 3178 1025 3188 -
1066 3156 1117 3209 295.

96 3212 224 3278 Tartarei
241 3220 309 3273 etc.;
334 3214 456 3280 sequitur
479 3215 546 3267 illud
562 3215 776 3282 Pythagoricum
798 3216 908 3280 dicens,
935 3222 1057 3271 tenuisse
1082 3234 1120 3270 eos

95 3284 165 3335 eism
187 3287 247 3344 post
269 3297 396 3333 errorem
418 3280 564 3347 silvarum,
587 3301 657 3351 quae
682 3283 725 3335 vel
748 3283 782 3335 ad
805 3283 871 3337 vitia
888 3284 931 3335 vel
953 3287 989 3338 ad
1008 3288 1120 3350 virtutes,

95 3360 125 3405 nt
146 3347 261 3399 diximus
285 3349 378 3414 (156.)
401 3350 484 3402 ducit.
525 3351 656 3403 Tartarei
679 3352 861 3413 Acherontis,
892 3353 1052 3407 Acheronta
1074 3354 1121 3405 vult

94 3416 169 3505 tyrtaei
186 3415 219 3465 de
234 3416 292 3466 imo
309 3418 385 3468 nasci
403 3419 535 3472 Tartaro:
558 3419 640 3471 huius
662 3420 799 3473 aestuaria
816 3420 928 3487 Stygem
945 3439 1053 3477 creare.
1084 3423 1120 3475 De

95 3496 175 3556 styge
192 3491 285 3533 autern
302 3485 378 3535 nasci
395 3486 533 3553 Coeyton:
557 3497 585 3540 ct
608 3489 676 3540 haec
696 3496 736 3540 est
753 3488 923 3556 mythologie
941 3491 1033 3554 (codd.
1051 3510 1120 3563 pree·

94 3568 136 3613 ω
152 3554 211 3602 Vos.
224 3550 354 3605 Ethirnol.
374 3562 402 3606 et
415 3555 551 3620 Eminet).
585 3555 659 3608 Nam
675 3557 847 3624 Physiologia
864 3557 918 3607 hoo
935 3558 1039 3612 hahet:
1057 3560 1120 3628 Quia

94 3622 140 3697 qui
163 3626 238 3670 caret
260 3621 376 3686 gaudio,
399 3623 458 3684 sine
480 3623 565 3675 dubio
589 3625 673 3676 tristis
695 3633 742 3677 est.
778 3625 901 3678 Tristitia
925 3634 1024 3677 evitem
1041 3630 1121 3679 vicina

94 3688 176 3753 luctui
193 3693 247 3749 est,
270 3690 318 3756 qui
334 3698 496 3755 procreatur
519 3707 551 3743 er
568 3701 666 3745 morte.
701 3692 779 3745 Unde
795 3693 865 3745 haec
889 3709 948 3747 esse
965 3697 1042 3765 apud
1059 3696 1120 3749 infe·

95 3776 139 3819 gos
155 3756 228 3808 dicit.
245 3780 280 3792 -
313 3765 375 3814 297.
394 3759 495 3826 Cocyto
514 3772 621 3811 eructat
646 3778 778 3824 arenam‚·
802 3761 832 3813 in
850 3762 1001 3828 Cocytum:
1026 3765 1122 3818 scilicet

96 3844 144 3907 μιν
159 3824 277 3892 Stygem.
296 3848 331 3864 -·
364 3830 426 3883 298.
444 3824 506 3879 Hcs
524 3827 682 3881 horrendus
701 3846 805 3896 aquas;
830 3837 945 3897 propter
962 3833 1019 3887 tria
1036 3833 1121 3886 ssiuni-

97 3916 139 3959 ῃ,
179 3893 315 3954 Portitor,
345 3895 458 3965 proprie
483 3897 531 3964 qui
554 3906 660 3967 portat:
682 3898 792 3950 abusive
816 3899 901 3953 etiam
925 3901 974 3967 qui
999 3911 1121 3970 portatur

145 3963 209 4015 titor
230 3960 344 4023 dicitur,
367 3963 438 4015 sicut
460 3977 567 4029 vector,
591 3968 656 4034 [qui
679 3965 815 4035 significat
837 3964 1001 4032 vehentem,
1029 3979 1057 4022 et
1078 3968 1121 4038 qui

98 4033 206 4091 vehitur.
241 4027 368 4079 Lucanus
386 4035 429 4098 (5,
446 4032 533 4096 550.):
555 4032 643 4087 Venia
654 4046 701 4084 ’est
718 4034 785 4085 haec
804 4036 865 4085 sola
884 4037 1014 4103 timoris,
1036 4040 1122 4091 Vecto-
