2454 4500
79 272 99 304 ”
190 298 226 340 ru
247 276 408 340 ‘VIRGIL
428 274 1012 351 ssNtm.LIB.vt1,422-461.
1054 284 1120 351 427
1214 307 1217 323 ¹

85 460 204 516 retibus.
216 489 252 503 -
284 458 348 523 422.
367 462 550 527 Transcribi5
567 462 664 517 tradi.¹
680 461 778 517 Sermo
795 471 889 517 autern
905 462 951 517 hic
967 471 1122 519 naereses

85 532 123 582 de
147 532 274 599 pecunia
314 531 388 584 Nans
412 534 501 583 scribi
525 539 566 582 est
589 531 664 592 daris
687 532 815 585 Horatius
833 532 938 600 (Serra.
954 542 987 600 2,
1005 541 1040 598 3,
1054 535 1121 595 69.):

84 599 183 661 Scribe
208 601 298 651 decem
323 618 340 650 a
365 601 468 666 Nerio,
493 617 550 651 non
576 613 616 650 est
639 603 725 664 satis,
748 602 816 651 add:
842 603 958 654 cicutae.
991 601 1121 656 Rescribe·

83 683 153 719 vero
170 669 258 721 reddi.
292 668 419 720 Horatius
444 668 522 736 (76.):
546 666 690 719 Distentis
708 671 782 735 quod
805 680 836 719 tu
854 686 999 736 nunquam
1020 674 1119 723 rescri-

84 735 275 803 oerapossis:
303 737 447 789 Terentius
465 737 587 804 (Phorrn.
600 745 626 802 5,
640 746 666 804 7,
683 736 752 799 29.):
768 737 919 805 Argentum
939 739 1010 790 iliud
1028 741 1119 795 denua

85 807 206 856 rescribi
220 806 308 867 -iabe,
340 805 480 858 Phormio.
504 831 539 844 ·-
578 809 640 862 424·
666 803 823 872 Quaeritur
849 805 963 870 haerese
993 807 1029 859 de
1059 808 1120 863 iure

82 874 182 939 traxit,
205 882 237 924 ut
258 889 315 926 nan
332 891 465 941 generum
488 874 537 928 sed
561 874 685 924 heredem
710 873 823 927 diceret
856 875 930 926 Nam
953 892 1004 948 per
1027 882 1119 931 coim-

102 942 212 993 tionem
236 944 309 995 iacto
332 943 514 994 matrimonio
537 943 590 994 sibi
612 941 732 994 invicem
754 942 944 997 succedebant,
976 968 1011 981 -
1056 949 1119 1008 426.

106 1010 250 1077 yrrhenas
268 1013 280 1061 i
298 1022 387 1062 sterne
405 1014 498 1076 acies,-
516 1009 739 1078 ut(4,381.):1
754 1028 866 1078 sequere
883 1012 998 1062 Italiam
1015 1018 1117 1067 centis.

75 1076 156 1131 'Sane
179 1087 286 1131 notum·
308 1087 366 1145 est,
396 1079 468 1132 bello
492 1080 613 1133 multum
642 1079 762 1147 potuisse
785 1078 957 1148 Tyrrhenos:
986 1088 1014 1132 et
1036 1083 1118 1138 fuisse

81 1147 234 1217 praecipue
251 1147 363 1199 infestos
379 1148 494 1200 Latinis.
528 1149 566 1199 Ut
588 1151 632 1213 (8,
649 1146 718 1207 55.):
741 1147 784 1200 Hi
807 1149 911 1200 beilum
935 1150 1050 1201 assidue
1067 1152 1119 1203 du-

84 1228 234 1265 centrum
257 1228 336 1283 gente
353 1215 468 1267 Latina.
485 1243 520 1257 -··
554 1219 617 1273 427.
636 1213 715 1265 Haec
738 1218 806 1269 adea
830 1218 885 1268 tihi
908 1234 967 1282 mc‚·
991 1219 1119 1287 addidit

82 1283 293 1351 arroteritatem,
316 1286 382 1353 quia
399 1285 554 1357 scitkanui
572 1283 648 1347 credi
663 1283 781 1337 difficile.
815 1285 888 1336 Adeo
906 1294 1017 1352 autem,
1039 1290 1118 1343 valde

79 1351 186 1423 scilicet
202 1353 292 1405 iussit:
309 1368 339 1402 ut
355 1354 513 1421 [Terentius
531 1354 613 1423 (Eun.
630 1356 654 1418 1,
667 1361 693 1418 2,
709 1351 809 1418 124)]:
826 1354 1030 1406 Adolescentem
1046 1358 1115 1412 adea

81 1423 215 1473 nobilem.
240 1448 276 1458 —
314 1425 377 1478 430.
402 1421 524 1487 Laetus5
546 1422 652 1485 alacer,
674 1422 798 1473 festinus.
837 1422 911 1475 Nam
934 1424 1036 1477 laetari
1059 1442 1117 1479 non

97 1497 207 1554 oterat,
231 1490 279 1556 qui
301 1491 439 1557 perdebat
462 1507 585 1543 uxorem.
629 1487 703 1540 Sicut
726 1506 807 1559 supra
831 1490 878 1558 [in
920 1491 943 1543 ri
978 1511 993 1544 o
1015 1493 1117 1560 '‘(35.)]=

76 1503 153 1609 i'ela
170 1559 277 1609 dabant
294 1559 377 1609 laeti.x
402 1559 533 1630 Flumine
550 1555 687 1626 pulchra,-
705 1565 736 1608 ut
752 1573 834 1628 supra
851 1507 929 1624 (308³
969 1563 1046 1613 lavia
1066 1562 1116 1616 Ti.

72 1626 200 1677 barinus
218 1642 342 1677 amoeno.
362 1652 395 1664 -
429 1631 492 1684 432.
511 1627 666 1679 Caelestum
683 1627 729 1678 vis
746 1643 850 1693 magna
877 1629 967 1696 iubet,
994 1637 1043 1681 aut
1065 1647 1118 1699 per

71 1694 272 1748 definitionem
288 1695 348 1764 ipsa
364 1696 431 1746 Iuno
450 1704 493 1747 est
508 1696 547 1746 vis
564 1696 700 1749 deorum:
716 1702 764 1746 aut
780 1710 833 1762 per
849 1704 1040 1764 esrgmenturn,
1055 1715 1116 1751 sua-

69 1765 112 1814 sit
139 1763 233 1830 primo
257 1780 306 1833 per
331 1778 374 1828 se,
396 1763 495 1816 deinde
518 1781 569 1834 per
585 1765 738 1815 Iunonem:
761 1770 902 1834 postremo
919 1782 971 1836 per
987 1767 1127 1819 omnium·
1175 1818 1177 1825 ,

67 1834 136 1885 vim
154 1831 279 1883 deorum.
298 1858 333 1868 -
360 1832 428 1888 ’434
445 1833 554 1883 Sentiat
570 1840 639 1890 etc.;
661 1830 748 1900 [ie]
773 1830 873 1889 sentiat
895 1842 992 1887 contre
1015 1851 1046 1888 se
1083 1853 1114 1888 u·

67 1907 232 1971 guentam,
258 1915 341 1968 quem
358 1915 409 1969 pro
426 1917 455 1953 se
471 1900 648 1954 laborantem
670 1917 728 1953 non
751 1899 885 1981 probavit.
905 1926 939 1939 -
954 1928 958 1935 ·
971 1909 1034 1961 435.
1087 1907 1115 1956 ia

67 1970 196 2022 iuvenis
213 1980 301 2018 vatam
321 1969 460 2034 irridens,-
478 1969 575 2035 caluit,
592 1971 657 2037 quia
672 1970 786 2021 iuvenis.
819 1969 947 2022 Horatius
965 1971 1070 2035 (Germ.
1087 1981 1115 2040 3,

67 2035 239 2100 27.):·Nan
265 2054 313 2104 ego
339 2036 390 2088 hoc
408 2037 515 2106 ferrem
540 2039 652 2089 calidus
674 2040 791 2089 iuventa
815 2039 929 2089 consuis
948 2036 1060 2094 Planco.
1077 2067 1113 2080 ·-

67 2110 141 2165 440.
162 2105 241 2155 Victa
260 2108 474 2167 situtseneccas,¹
490 2105 625 2174 temporis
640 2105 857 2175 longinquitate,
873 2121 906 2159 ex
922 2123 976 2174 qua
992 2109 1114 2162 nascitur

67 2176 154 2226 eitua
192 2173 309 2240 Verique
327 2173 442 2243 effoeta,
460 2191 536 2227 cassa
553 2175 734 2228 veritatis.-
766 2174 829 2229 441.
849 2174 994 2241 omaus,-
1009 2170 1114 2228 irrisio·

67 2242 119 2295 nia
146 2249 202 2306 est,
225 2258 280 2294 non
303 2243 423 2295 honoris.
447 2268 481 2280 —
515 2245 577 2300 442.
600 2243 687 2296 Falsa
711 2250 821 2306 aecem,
837 2243 999 2312 formidine
1023 2246 1113 2312 ludit,
1219 2286 1225 2295 .

67 2311 153 2365 bene
171 2310 271 2378 falsa,
294 2310 358 2379 quia
375 2324 472 2363 vatem.
507 2312 581 2362 Nam
598 2330 662 2365 eant
679 2309 848 2366 defendebat
863 2311 990 2379 abellis,
1014 2313 1037 2365 si
1054 2328 1111 2367 noa

67 2387 169 2443 aetas,
193 2378 290 2430 saltem
308 2379 406 2446 religio
423 2380 576 2433 sacerdotii.
593 2407 627 2420 ·—
660 2385 723 2441 445.
740 2380 862 2433 Exarsit
885 2381 918 2431 in
936 2383 1011 2446 iras3
1035 2397 1112 2434 com·

67 2447 172 2500 munis
188 2462 281 2500 sermo
298 2446 397 2512 hebet,
415 2451 497 2501 ardeo
517 2450 568 2500 iila
588 2468 633 2515 re,
650 2451 697 2502 sed
712 2448 859 2516 iigsrratius
877 2448 1012 2503 ardea'in
1029 2451 1110 2504 iliam

71 2533 138 2570 rem
154 2512 285 2567 dicimust
310 2523 338 2568 et
354 2523 395 2568 est
417 2517 538 2588 specialis
556 2518 678 2571 Cornelii
695 2517 790 2585 (Corn.
811 2514 988 2570 Frontonis?
994 2521 1005 2581 )
1021 2519 1111 2573 elaeu-

67 2587 126 2637 tio.
144 2609 180 2622 -
218 2589 280 2642 446.
307 2585 413 2636 Oranti
416 2609 427 2650 ‚-
451 2586 583 2654 loquenti.
623 2586 701 2638 Unde
724 2587 808 2640 etiarn
836 2598 961 2637 oratores
984 2587 1109 2642 dicimus.

71 2652 197 2722 Tremor
222 2666 336 2720 occupat
360 2666 456 2717 artus,
485 2653 623 2706 vicinitate
645 2654 749 2706 scilicet
769 2654 870 2707 iuriae.
911 2654 985 2705 Nam
1008 2667 1110 2709 tremas·

67 2722 181 2776 furoris
194 2714 253 2773 'est=
273 2749 308 2759 -
347 2724 410 2780 448.
434 2723 580 2789 Tantaque
603 2739 633 2773 se
642 2721 746 2842 {acies
771 2724 878 2842 aperite
908 2731 1015 2776 semoto
1040 2724 1107 2778 anili

69 2791 153 2841 vultu
176 2805 259 2857 quem
281 2789 410 2856 tinxerat,
433 2799 466 2844 et·
481 2806 536 2859 quo
559 2807 588 2843 se
611 2790 640 2842 in
661 2797 747 2842 uerat
795 2793 826 2842 'ic
848 2805 934 2856 supra
950 2792 986 2844 de
1002 2792 1110 2846 Venere

71 2867 119 2925 (1,
135 2856 225 2918 405.):
245 2858 280 2908 Et
296 2876 361 2909 vcra
380 2861 492 2910 incessu
515 2860 608 2925 patuit
631 2859 691 2909 dea.
708 2880 744 2895 -
776 2864 839 2918 450.
858 2856 1010 2926 Geminos3
1032 2860 1108 2913 simi-

70 2928 125 2978 les.
158 2926 231 2977 Nam
255 2943 350 2978 omnes
368 2944 431 2979 earn
447 2927 514 2980 dicit
536 2926 665 2991 erexisse,
687 2942 744 2979 non
761 2928 837 2980 duos.
854 2954 893 2966 ·-
925 2932 988 2988 451.
1009 2928 1107 2982 Verbe-

73 3011 174 3114 {crispi
197 2996 610 3116 ins⁰nuif³bi³⁰1i⁶trhribu⁸
633 2997 797 3118 tinsonuit,e
816 2996 893 3120 {ister
908 2999 1105 3125 perigearbefia.

104 3080 278 3114 asoore·
321 3079 428 3115 asum
463 3078 816 3118 uuraeoraonrsosn
889 3092 928 3106 -
1022 3086 1106 3119 ‚e-

74 3134 170 3199 spicee
187 3102 328 3182 multi'hic
344 3131 527 3199 distinguunt,
544 3139 571 3183 et
586 3131 772 3200 superioribus
788 3134 922 3203 iungeret,
946 3143 978 3187 ut
992 3135 1028 3188 sit
1044 3153 1105 3190 sen-

71 3215 135 3252 sus:
156 3198 274 3268 Respice
296 3215 374 3265 eam,
396 3216 480 3269 quam
496 3199 563 3252 dieis
584 3199 651 3253 falsa
666 3192 761 3257 deludi
782 3204 944 3261 formidine.
976 3205 1021 3255 Ad
1037 3203 1107 3257 haec

73 3269 195 3333 adsum3
213 3269 231 3319 i.
249 3285 272 3319 e.
291 3268 326 3319 ad
342 3283 442 3347 regum
459 3283 555 3332 arma,
570 3276 600 3321 et
614 3269 650 3335 ad
665 3268 746 3321 bello.
780 3270 926 3339 Quomodo
944 3287 1013 3340 ergo
1025 3273 1106 3339 dicis,

95 3336 152 3387 uod
168 3335 307 3402 superfluo
324 3337 366 3388 his
382 3337 485 3389 raserat
500 3336 597 3403 rebus,
622 3336 657 3389 ad
674 3354 740 3406 quas
757 3339 839 3391 veni?
866 3341 919 3394 Alii
943 3342 1050 3408 respice
1067 3342 1106 3395 asi

72 3355 145 3457 iaec
161 3403 270 3473 legunt,
287 3412 318 3455 ut
334 3405 368 3455 sit
385 3406 462 3474 quasi
478 3405 706 3458 demonstrantis:
728 3407 860 3475 Respice,
884 3412 957 3463 heila
976 3421 1004 3461 et
1021 3410 1106 3462 letam

73 3491 151 3557 gera.
175 3498 210 3510 -—
243 3475 305 3531 455.
329 3473 427 3524 Facem
453 3476 551 3525 iuveni
574 3477 707 3541 coniecic;
730 3478 795 3529 satis
817 3479 992 3533 considerate
1012 3479 1106 3534 facem

71 3540 168 3595 ruteni
189 3540 296 3600 iniecit,
327 3558 397 3611 quae
421 3542 476 3594 cito
499 3551 528 3595 et
549 3544 701 3596 exardescit
721 3552 751 3599 et
772 3546 878 3600 desinit
926 3546 1017 3618 Supra
1038 3563 1104 3602 vero

71 3609 173 3679 (344.):
201 3610 316 3660 Amarae
338 3624 488 3677 serpentem
514 3613 626 3663 iniecit.-
655 3614 729 3680 qrsod
756 3613 785 3666 in
809 3616 971 3670 mulieribus
991 3633 1104 3689 serrrper
1184 3644 1186 3649 ·

72 3680 149 3747 viget
170 3693 314 3745 venenum.
330 3703 368 3737 ·-,
398 3685 460 3738 457.
478 3679 544 3732 Acro
563 3688 632 3744 etc.;
655 3682 709 3733 atri
730 3683 843 3735 luminis
865 3685 966 3739 taedas.
1009 3686 1050 3751 Ut
1063 3688 1111 3755 (t,¹

72 3746 143 3809 75.):
165 3745 334 3813 Erpulchra
351 3747 448 3867 ¹{aciat
465 3762 489 3799 te
512 3750 590 3816 prole
606 3762 756 3815 parentem.
790 3753 856 3805 Atro
874 3762 969 3808 autern
985 3755 1104 3822 Iuntina,

70 3813 182 3880 furiali,
197 3814 322 3879 biferno,
339 3817 405 3868 aias
420 3817 528 3871 ratione
545 3825 630 3871 caret.
662 3818 719 3871 Sub
736 3834 859 3890 peccares
876 3822 925 3876 ubi
939 3822 1010 3879 sellis
1025 3825 1104 3878 loeus

72 3891 128 3948 est,
151 3882 170 3934 i.
193 3899 217 3935 e.
239 3883 405 3938 iracundiae.
429 3914 465 3924 -
504 3884 566 3946 460.
589 3886 711 3954 Fremit,
733 3906 799 3941 cum
822 3891 944 3946 clamore
967 3892 1001 3946 de
1022 3893 1122 3946 escit·

71 3951 148 4005 Bene
172 3959 266 4006 autern
284 3971 393 4020 amens,
416 3954 480 4024 quia
502 3955 531 4008 ia
553 3955 635 4009 thoro
657 3957 819 4027 reqrdrebat
834 3961 935 4026 (Guelf.
953 3963 973 4015 Ι.
992 3981 1024 4014 aa
1040 3974 1100 4015 car·

71 4037 139 4088 pars
163 4021 330 4088 quieverat).
353 4049 387 4067 -ψ
421 4027 490 4084 464.
514 4024 651 4079 Seritam
676 4028 795 4081 insania
820 4029 904 4098 taust
927 4030 998 4085 nihil
1013 4033 1105 4097 ,enim
