2454 4500
85 201 144 303 'ss'
186 278 188 289 .
266 240 269 245 ·
349 227 502 333 ²snum
525 192 879 301 connis-nnis

96 411 287 467 vocabitura-
306 415 366 470 291.
376 411 497 481 Aspera,-
515 414 532 466 l.
541 435 564 468 e.
580 415 683 483 iniqua.
702 414 775 467 Turis
789 417 806 475 i.
816 435 840 470 e.
855 408 981 473 Caesare
995 433 1126 472 cosm

97 492 143 548 to,
160 499 246 552 quum
263 485 396 549 Augustus
411 474 531 553 r'eg‘nare
548 484 679 552 coeperit.
695 485 786 537 clauso
803 486 864 538 Iuni
881 486 1000 557 templo,
1015 504 1071 557 pax
1087 484 1126 545 esi

98 570 150 623 per
173 545 288 615 orbem,
311 549 370 618 [qui
392 551 523 618 quoniam
540 554 553 584 ²*
570 552 768 618 claudebatur]
810 556 924 609 Constet
948 562 1048 609 alitem
1070 561 1126 609 lem

117 621 175 673 lum
191 620 247 672 hoc'
261 629 304 670 ter
321 635 377 669 esse
394 618 524 671 clausum.
558 620 684 674 Primum
701 631 834 689 regnanto
851 622 960 678 Numa:
978 624 1063 688 item,
1078 626 1126 693 ped

12 748 15 754 ἕ
97 640 203 743 Bellum
220 688 354 740 Punicum
369 689 534 740 seeundum:
558 688 641 740 tertio
659 698 720 760 post
742 691 815 745 belle
830 693 959 758 Actiaca,
985 707 1059 761 quae
1074 706 1126 743 con

97 759 164 810 fecit
180 761 329 825 Augustus,
353 771 411 823 qno
426 765 553 826 tempore
571 774 623 827 pax
639 760 753 827 quidem
769 761 837 823 fuit,
875 768 1001 823 uantum,
1013 761 1050 813 ad
1067 768 1126 813 esto

96 844 142 882 ras
168 826 220 893 (ul.
238 824 385 885 externus)
411 827 531 891 pertinet
555 833 666 892 gentes:
690 828 738 881 sed
761 828 831 945 bei?
856 778 1015 898 ilagravere
1040 826 1126 893 civffis,

97 896 172 966 quod
189 902 216 947 et
232 895 289 964 ipse
308 910 360 960 per
375 895 524 945 transitum
540 894 643 961 tangit,
667 895 775 960 dicem,
826 915 893 949 uror
919 900 1031 964 impius
1050 894 1126 948 intus.

96 965 183 1016 Huius
201 972 294 1015 autern
318 962 461 1029 aperiendi
480 963 520 1014 vel
537 962 680 1015 claudendi
705 965 802 1035 templi
825 967 898 1017 rotio
916 968 995 1019 vario
1013 973 1068 1018 est:
1088 960 1126 1017 dii

97 1033 209 1098 dicunt,
232 1031 352 1083 Romulo
371 1040 469 1082 contre
487 1031 602 1085 Sabinos
620 1041 775 1100 pugnante,
792 1050 879 1101 quum
895 1036 925 1087 in
944 1051 980 1088 eo
998 1042 1084 1098 esset,
1102 1036 1126 1083 ol

97 1101 267 1164 vinceretur,
283 1099 403 1153 calidam
419 1117 521 1167 aquam
539 1117 571 1152 ex
589 1101 688 1152 eodem
705 1102 766 1153 loco
785 1103 923 1170 erupisse,
941 1121 1016 1172 quae
1023 1098 1126 1171 *iugavil

97 1169 248 1220 exercitum
265 1166 439 1221 Sabinorum.
474 1169 544 1220 Hinc
563 1185 629 1236 ergo
648 1178 770 1221 tractum
786 1187 913 1237 morem,
937 1181 971 1222 ut
987 1166 1126 1241 pugnandi

97 1237 242 1304 aperirent
264 1237 416 1303 templum,
441 1237 514 1304 quod
538 1237 568 1288 in
593 1253 626 1290 eo
650 1238 711 1289 loco
729 1240 822 1293 suerat
838 1240 1038 1307 constitutum,
1061 1234 1126 1309 qiud

97 1307 134 1361 ud
157 1305 245 1372 (codd.
264 1322 348 1372 quam
391 1321 423 1355 ro
442 1322 486 1373 qu.
507 1305 562 1369 uel)
586 1323 664 1373 spem
688 1307 781 1361 auxilii
805 1308 921 1374 pristini.
956 1308 1011 1360 Alii
1036 1309 1126 1371 dicim&

97 1375 219 1449 'latium¹
235 1382 263 1425 et
284 1325 450 1438 Romulum,
474 1375 548 1425 facto
572 1375 700 1441 foedere,
730 1375 784 1427 hoc
808 1377 945 1446 templum
972 1378 1126 1437 aedificasse,

96 1443 170 1498 unde
188 1450 216 1494 et
232 1445 312 1493 lanus
328 1443 387 1509 ipse
405 1443 472 1493 duas
489 1443 573 1494 iacies
597 1444 696 1509 habet,
721 1445 799 1515 quasi
824 1453 854 1498 ut
872 1444 1002 1498 ostendat
1018 1447 1126 1498 duorum

96 1528 197 1580 regum
214 1511 376 1566 coitionem:
393 1510 435 1562 vel
451 1512 525 1579 quod
543 1512 578 1564 ud
596 1513 699 1565 bellum
716 1513 782 1564 ituri
800 1513 903 1565 debent
919 1514 954 1565 de
973 1531 1046 1581 pace
1063 1510 1126 1581 cogi·

97 1589 164 1633 tare.
200 1581 257 1643 (Et)
276 1588 316 1631 est
339 1579 394 1633 ulia
418 1581 518 1631 melior
541 1581 630 1646 ratio,
654 1582 727 1649 quod
745 1581 780 1632 sd
798 1583 936 1649 praelium
953 1582 1023 1637 ituri
1040 1582 1126 1653 optent

96 1649 290 1703 reversionem.
308 1675 342 1684 -
377 1653 438 1705 292.
458 1648 536 1700 Cana
556 1649 632 1718 fides
658 1662 683 1700 et
705 1649 802 1714 Vesta;
827 1650 958 1706 subaudis
984 1654 1048 1703 erit.
1082 1648 1126 1701 Co«

98 1735 165 1773 nam
183 1722 277 1770 autern
288 1717 378 1787 fldem
396 1717 479 1782 dixit,
503 1719 545 1770 vel
562 1719 635 1786 quod
658 1718 688 1769 in
706 1719 781 1772 canis
798 1718 958 1770 hominibus
983 1718 1126 1773 invenitur

96 1786 141 1839 vel
158 1785 231 1852 quod
250 1786 275 1838 ei
292 1786 356 1837 elbo
375 1801 469 1855 panno
487 1786 608 1841 involuta
625 1803 711 1841 manu
729 1786 976 1908 sacrificsffbahur,
994 1804 1048 1858 per
1064 1780 1126 1859 quod

96 1855 270 1920 ostenditur,
300 1854 385 1906 fidem
417 1853 520 1907 debere
550 1873 608 1907 esse
638 1863 783 1909 secretam.
807 1914 811 1920 ,
862 1856 917 1910 nde
948 1864 979 1911 et
1007 1853 1126 1909 Horatii!

97 1925 203 1993 (Germ.
222 1928 251 1986 l,
269 1922 337 1985 35.):
359 1922 395 1972 Et
419 1923 482 1978 albo
509 1942 575 1975 rara
594 1923 670 1993 fides
689 1926 757 1977 coiit
774 1926 865 1978 velato
883 1941 990 1993 panna.
1026 1926 1126 1977 Veron

97 2007 161 2044 vero
179 1992 368 2059 Religionem:
392 1991 457 2058 quia
474 1992 581 2045 nullum
598 1992 763 2046 sucrificium
779 1994 838 2045 sine
854 1993 919 2062 igne
938 2001 995 2060 est,
1017 1993 1126 2050 undeol

96 2062 156 2129 ipsa
180 2068 209 2111 et
230 2061 310 2109 Ianus
340 2060 370 2109 in
396 2060 523 2112 omnibus
547 2061 687 2112 sacrificiis
711 2061 880 2114 invocantur.
926 2061 1010 2114 Vesta
1043 2068 1126 2117 sutem

97 2129 170 2180 dicto
188 2127 230 2184 vel
247 2123 301 2179 α’πό
318 2122 367 2193 τῆς
384 2128 486 2183 iscius:
503 2136 534 2178 ut
551 2130 704 2197 digemmos
722 2129 757 2183 sit
773 2130 888 2183 adiecta.
923 2128 1000 2181 Sicut
1017 2128 1059 2198 ἔρ,
1075 2143 1126 2195 vers

91 2193 218 2259 Ἥκω,
243 2200 369 2254 Venetus.
413 2198 462 2248 Vel
479 2198 552 2265 quod
577 2198 658 2250 variis
682 2198 778 2249 vestita
801 2198 837 2249 sit
853 2198 947 2253 rebus.
980 2200 1045 2269 Ipsa
1062 2196 1126 2261 euin

98 2285 155 2324 esse
173 2266 274 2322 dicitur
290 2273 381 2328 terra,
405 2282 489 2332 quam
515 2266 611 2330 ignem
634 2265 739 2319 hebere
761 2264 816 2319 non
836 2267 952 2319 dubium
971 2275 1027 2323 est:
1050 2275 1082 2319 ut
1101 2278 1126 2317 e!

97 2338 199 2399 Aetna,
228 2334 404 2400 vulcanoque
435 2339 481 2400 (et
511 2335 569 2384 eliis
600 2335 666 2386 locis
698 2335 874 2397 ardentibus)
905 2335 988 2388 datur
1010 2332 1126 2401 intelligi·

98 2405 184 2455 Remo
203 2419 265 2462 cum
278 2402 372 2470 fratre
387 2400 529 2466 Quirinus
550 2405 614 2458 iura
635 2404 758 2466 dab-unt,·
776 2404 832 2470 [hic
850 2403 1005 2455 dissimulat
1021 2404 1056 2456 de
1074 2416 1126 2471 per·

97 2473 196 2533 ricidio
214 2472 288 2539 quod
312 2479 341 2522 et
364 2472 453 2538 iungit
470 2486 529 2535 eos,
554 2479 582 2524 et
598 2471 665 2539 quia
681 2488 738 2523 non
754 2471 906 2527 Romulum
922 2472 972 2524 sed
988 2472 1126 2543 Quirinum

99 2541 259 2611 appellavit,
283 2547 311 2592 et
334 2548 427 2595 cetera
449 2548 480 2590 ut
503 2539 627 2606 superius
652 2540 766 2592 dictum.
781 2539 832 2604 est]
856 2545 904 2608 (ut
928 2556 988 2597 non
1013 2536 1126 2611 potuerit

99 2610 281 2681 parricidium
298 2609 405 2674 facere,
423 2609 487 2676 quia
512 2608 616 2665 meruit
632 2608 706 2663 Deus
722 2609 792 2660 lieri.
826 2610 883 2673 An,
899 2606 981 2670 sicut)
999 2608 1080 2663 multi
1094 2606 1126 2663 sio

98 2677 254 2745 intelligere
272 2677 380 2742 volunt,
398 2685 427 2727 ut
444 2677 568 2747 superius
585 2677 716 2728 diximus:
734 2677 798 2743 qiua
816 2685 879 2745 post
895 2677 1083 2748 pestilentium
1097 2670 1126 2729 od

118 2747 247 2803 locandos
276 2746 371 2797 fratris
401 2762 496 2805 nsanos
528 2745 646 2812 geminis
671 2746 800 2796 omnibus
826 2762 888 2799 usus
922 2755 964 2798 est
994 2743 1126 2798 Romulo.

100 2767 178 2869 ilnde
203 2823 256 2866 est:
291 2814 387 2868 Viden·
415 2828 445 2865 ut
470 2816 599 2881 geminae
625 2825 696 2863 stent
721 2818 821 2865 vertice
847 2814 971 2870 cristae?
1008 2813 1061 2867 Sed
1082 2812 1126 2865 hoo

101 2902 159 2941 esso
184 2900 240 2939 nou
264 2891 367 2953 potest,
392 2884 457 2952 quio
482 2891 529 2934 aut
552 2883 662 2937 iteratio
688 2889 728 2932 est
751 2883 972 2951 antedictorum,
995 2891 1045 2935 erit
1068 2878 1126 2937 ord!

101 2960 309 3024 praeposterus,
326 2951 349 3002 si
366 2959 427 3019 post
443 2952 548 3005 dictum
566 2953 728 3018 Caesarem,
751 2951 903 3006 Romulum
919 2951 1030 3022 repetit.
1063 2950 1126 3005 Coo·

101 3030 155 3081 stat
180 3028 323 3093 praeterea
347 3021 406 3072 Iani
432 3021 567 3089 templum
590 3020 636 3087 [sit
659 3035 716 3071 non
740 3021 808 3083 fuit,
824 3018 854 3083 *]
879 3020 950 3084 (cod.
967 3021 998 3075 F.
1022 3018 1057 3070 sit
1079 3028 1126 3069 non

101 3093 170 3155 fuit,
192 3090 214 3140 si
230 3098 326 3144 tamen
342 3089 406 3151 suit)
430 3091 547 3158 patuisse
564 3089 614 3139 suh
632 3087 767 3142 Romulo:
792 3088 868 3209 gruis
892 3088 970 3140 hellis
994 3098 1126 3155 nunquam

102 3157 224 3223 vucavit]
258 3158 313 3211 Alii
325 3157 419 3209 volunt
435 3175 485 3228 per
499 3159 561 3222 lios,
577 3157 718 3209 Romanos
734 3158 790 3211 inte
812 3157 858 3225 igi.
882 3159 955 3210 Vera
971 3164 1068 3209 tamen
1082 3154 1126 3206 hoo

103 3229 190 3289 habet
205 3227 292 3283 ratio:
318 3225 474 3291 Quirinum
492 3229 644 3292 Augustum
661 3243 731 3288 esse,
748 3225 871 3278 Remum
888 3241 953 3279 vero
970 3242 1024 3295 pro
1040 3221 1126 3296 Agrip

103 3316 140 3369 pa
157 3297 292 3368 positum,
317 3295 365 3363 qui
388 3295 474 3349 liliam
492 3296 580 3362 (codd.
599 3303 625 3345 et
642 3294 675 3346 al.
693 3294 827 3355 sororem)
845 3293 958 3361 Augusti
983 3294 1059 3346 duxit
1074 3304 1126 3341 uxo·

102 3382 182 3419 rems
205 3373 232 3418 et
254 3381 319 3415 cum
343 3379 375 3414 eo
401 3365 505 3431 pariter
530 3363 759 3417 benetractans.
802 3362 880 3419 Unde
905 3370 946 3415 est
976 3367 1028 3429 (8,
1043 3358 1126 3425 682.)ε

104 3432 186 3486 Forte
212 3434 271 3484 alia
297 3433 354 3485 diis
379 3445 405 3482 et
428 3436 518 3487 ventis
536 3433 659 3500 Agrippa
678 3433 819 3483 secundis.
856 3431 929 3482 Nom
952 3430 1067 3485 adulans
1088 3440 1126 3499 po·

125 3502 184 3552 ulus
201 3500 341 3557 Romanus
359 3499 546 3569 Octaviano,
570 3504 623 3555 tria
641 3498 689 3569 [ei]
707 3501 808 3551 obtulit
824 3499 951 3554 nomino:
974 3506 1071 3553 utrum
1085 3492 1126 3549 tel

104 3521 144 3627 let.
169 3566 326 3634 Quirinus,
349 3587 385 3623 nn
412 3569 530 3634 Caesar,
560 3589 597 3622 nn
620 3571 766 3634 Augustus
788 3568 887 3619 vocari.
920 3567 969 3620 Ille
992 3585 1030 3620 ne
1053 3576 1126 3619 rmum

106 3638 233 3705 eligendo
258 3647 366 3709 partem
387 3637 526 3699 laederet,
551 3656 622 3707 quae
644 3639 718 3693 aliud
742 3640 843 3690 offerre
866 3637 1013 3704 cupiebat,
1036 3635 1126 3689 diver«

105 3717 234 3775 tempore
259 3707 386 3763 omnibus
410 3723 473 3759 usus
490 3714 536 3760 est.
571 3708 607 3759 Et
630 3707 720 3777 primo
739 3706 868 3774 Quirinus
885 3706 974 3761 dietus
999 3712 1055 3770 est,
1076 3700 1126 3761 indi

108 3777 227 3839 Caesar,
263 3783 352 3840 ostes,
368 3775 443 3843 quod
457 3783 485 3828 et
502 3774 634 3839 obtinuit,
657 3777 805 3844 Augustus,
828 3773 898 3827 sicut
915 3772 1061 3828 Suetonius
1077 3786 1126 3849 ρῳ

109 3844 172 3907 bat,
196 3852 224 3896 et
247 3863 276 3896 m
293 3844 436 3908 Georgicis
460 3843 578 3894 ostendit
594 3843 731 3912 Virgilius.
763 3843 836 3901 Nam
859 3859 924 3897 cum
947 3842 982 3899 de
1003 3838 1126 3911 ,Geumi

110 3913 177 3964 dum
195 3913 308 3965 victorie
324 3911 442 3978 diceret,
459 3911 506 3980 qui
522 3912 596 3965 iuxta
613 3912 730 3982 Gangen
748 3920 825 3978 sunt,
848 3911 950 3981 quique
967 3910 1004 3967 ob
1022 3912 1126 3981 August

110 3981 174 4039 victi
191 3990 265 4033 sunt:
282 3981 322 4034 sit
338 3980 382 4047 (G.
400 3989 432 4047 3,
448 3982 518 4044 27.):
540 3979 714 4049 Victorisque
732 3999 812 4034 arma
832 3979 958 4048 Quirini.
995 3980 1034 4034 Ut
1050 3987 1126 4036 ordeo
