2454 4500
164 302 203 346 ru
226 278 383 345 VIRGIL.
406 277 579 341 AENEID.
602 275 681 339 LIB.
703 274 759 353 111,
782 279 976 347 ist—174.
1024 280 1089 345 201

42 482 150 527 autem
166 468 386 523 Samothraciam
404 468 492 536 cepit,
511 475 538 519 et
555 467 592 518 ibi
610 466 730 517 liherrnn
747 461 840 513 locum
857 459 976 527 imperio
993 460 1090 512 mnnit-

44 543 103 595 Alii
122 540 223 594 dicunt
245 544 394 606 utrumque
419 554 450 588 ex
468 537 589 603 Corytho
606 534 674 587 lovis
698 532 755 582 filio
780 538 954 600 procreatos,
979 535 1006 581 et
1023 527 1101 580 sicut'

44 611 161 663 dictum
194 615 237 661 est
264 606 361 658 relicta
385 605 463 657 Italia
494 606 647 674 profectos,
677 601 724 652 sed
746 600 848 655 Iasium
871 597 1094 651 Samothraciam

47 678 176 746 imperio
193 675 322 739 tenuisse,
339 674 501 737 Dardanum
519 688 583 724 vero
600 673 630 723 in
646 669 795 737 Phrygiam
813 667 981 737 pervenisse,
998 667 1095 735 ibique

47 743 156 798 auxilio
178 738 262 797 sinae
281 742 389 793 Teucro
407 740 567 793 Scamandri
591 740 660 802 filio,
685 739 732 804 qui
756 745 817 786 tum
840 735 972 787 smitimas
996 743 1094 804 gentes

48 815 128 866 bello
147 811 307 881 subigebat,
329 810 470 878 filiamque
489 810 546 861 eius
564 807 668 858 druisse
684 807 713 857 iu
732 805 960 868 matrimonitun,
987 812 1015 856 et
1031 811 1095 871 post

50 891 179 935 mortem
195 879 285 932 soceri
300 894 420 945 regnum
438 879 569 948 adeptrun
585 874 756 928 Dardaniam
774 874 927 924 Troianam
944 875 1092 941 regionem

50 952 90 1004 ab
106 964 160 1002 suo
176 940 291 1001 nomine
308 948 465 1016 appellasse.
501 944 603 996 Graeci
627 952 655 997 et
672 946 758 994 Varro
782 942 970 994 humanarum
993 955 1093 993 rerum

51 1020 220 1071 Dardanum
237 1030 296 1068 non
313 1030 346 1067 ex
362 1016 456 1080 Italia,
480 1015 529 1066 sed
546 1013 579 1064 de
596 1012 712 1064 Arcadia
732 1010 800 1062 urbe
816 1011 927 1064 Pheneo
945 1010 1118 1065 oriundum..

52 1089 168 1141 dicunt:
185 1085 234 1138 alii
252 1085 429 1136 Cretensem:
454 1083 501 1135 alii
518 1083 591 1133 circa
608 1081 724 1132 Troiam
742 1087 770 1131 et
785 1080 865 1131 Idam
882 1078 998 1133 natum.'
1022 1078 1093 1131 Saue

52 1173 107 1225 per
132 1150 223 1223 patris
245 1152 461 1222 appellationem
485 1150 689 1218 cognationem.
707 1188 713 1201 .
734 1187 740 1201 .
758 1186 765 1200 .
783 1147 815 1212 *]
839 1176 873 1187 -
908 1155 968 1208 168.
991 1148 1015 1198 A
1038 1164 1093 1216 quo

53 1227 186 1294 principa
216 1234 360 1285 nostrum,-
390 1239 406 1272 a
430 1221 576 1284 Dardan0,
603 1234 660 1269 non
690 1218 726 1271 ab
749 1216 833 1269 Iasio:
863 1235 930 1270 riam
960 1216 1114 1270 anteriori.

53 1292 209 1364 respondit.
249 1286 329 1358 Quod
353 1297 447 1342 autem
471 1288 551 1352 dicit,
575 1288 596 1335 A
621 1302 675 1353 quo
699 1288 827 1355 principa
851 1306 942 1356 genos
966 1298 1095 1339 nostrum

55 1373 123 1426 est,¹
138 1367 231 1431 potest
246 1357 364 1427 [tamen]
382 1366 410 1409 et
426 1357 595 1426 generaliter
611 1356 744 1425 intelligi,
764 1356 792 1423 [i.
810 1355 847 1421 e.]
864 1358 938 1408 unde
955 1356 1095 1424 originem

54 1429 242 1494 ducimus,.ut
259 1427 335 1478 Deos
352 1439 474 1493 penates,
491 1425 568 1494 quasi
586 1425 721 1477 Troianos
737 1424 890 1491 intelligas:
909 1433 938 1476 et
955 1425 991 1477 ad
1007 1424 1095 1476 ritum

37 1498 170 1564 'reterri
186 1496 221 1549 de
237 1512 292 1563 quo
308 1494 377 1546 tlicit
392 1495 488 1547 Labeo
506 1494 535 1545 in
552 1494 629 1545 libris
647 1494 694 1562 qui
712 1493 886 1563 appellantur
903 1493 946 1545 De
967 1493 1018 1544 diis
1037 1493 1096 1544 ani-
1160 1522 1165 1533 ·

54 1567 193 1620 malibus:
208 1562 352 1633 inqmbus
368 1563 420 1615 ait:
438 1580 496 1615 esse
514 1563 650 1630 quaedam
667 1579 745 1613 sacra
759 1563 857 1629 quibus
871 1563 980 1615 animae
997 1562 1097 1619 harma·

54 1654 113 1688 rrae
129 1640 272 1687 vertanmr
289 1633 319 1684 in
336 1633 417 1697 deos,
433 1632 481 1701 qui
498 1631 671 1699 appellantur
689 1632 837 1697 animales,
854 1630 928 1698 quod
945 1633 979 1684 de
997 1631 1097 1684 animis

55 1705 137 1756 frana
176 1703 213 1752 Hi
237 1708 330 1752 autem
354 1708 417 1750 sturt
441 1702 484 1750 dii
506 1711 619 1765 penates
644 1707 672 1750 et
695 1701 793 1750 violes.
809 1728 844 1737 —
879 1704 938 1757 169.
965 1698 1097 1768 [Laetum

56 1773 79 1824 i.
96 1791 122 1826 e.
143 1770 243 1821 omissa
268 1767 380 1820 tristitia
397 1760 481 1837 quim
499 1769 532 1819 de
551 1768 630 1819 sociis
647 1768 770 1821 hahebat
787 1768 914 1832 amissis,;!
930 1769 973 1822 vel
990 1768 1055 1837 quia
1072 1767 1099 1822 ei

57 1838 386 1909 designabis¹evidenter
411 1840 503 1889 fuerat
526 1837 616 1904 locus,
640 1837 675 1887 ad
692 1834 777 1905 'quem
801 1839 859 1889 sine
877 1853 972 1889 errore
991 1845 1019 1889 et
1034 1854 1099 1906 per·

58 1926 147 1981 gere,
168 1915 198 1958 et
219 1907 363 1975 pervenire
388 1903 526 1969 deberet]
550 1932 585 1941 -
626 1911 687 1962 170.
712 1904 800 1955 Haud
825 1908 990 1957 dubitanda·
1008 1906 1098 1987 refer,

10 2032 15 2041 ¹
59 1972 139 2050 [ideo
161 1975 272 2039 dicunt,
295 1975 319 2024 si
341 1976 414 2026 sorte
437 1988 496 2025 non
519 1974 661 2039 crederet,
684 1974 758 2056 quod
782 1992 832 2044 per
855 1975 996 2026 somnium
1012 1975 1107 2042 ndrt.],

60 2049 118 2100 Aut
135 2044 202 2113 quia
217 2043 411 2095 dubitaverant
427 2044 461 2094 de
480 2042 593 2094 consilio
611 2042 760 2095 Anchisae:
787 2051 834 2095 aut
857 2062 894 2100 ne
917 2051 1033 2113 propter
1057 2059 1101 2095 so-

60 2115 175 2168 mnium
191 2126 248 2163 non
265 2112 425 2163 crederent:
442 2113 501 2178 [aut
518 2112 583 2179 quia
598 2127 655 2163 uon
672 2112 763 2178 dubie,
781 2121 812 2162 ut
823 2112 930 2179 Apollo,
945 2111 1101 2178 noverunt]

64 2180 248 2251 comiatum
266 2177 435 2247 designa[n]t
451 2179 600 2247 [civitatem
617 2199 652 2232 ne
671 2189 792 2246 erraret,
809 2180 847 2246 et]
863 2189 974 2250 partem
991 2183 1100 2248 provin·

63 2254 143 2317 ciae,
165 2258 203 2303 rie
221 2249 291 2301 alter
314 2265 393 2300 error
411 2264 442 2298 ex
465 2249 657 2317 magnitudine
674 2257 835 2319 procreetur
852 2251 987 2301 locorum
1023 2249 1102 2319 [Qui-

63 2322 134 2373 dam
150 2325 245 2372 autem
268 2317 302 2368 de
321 2315 441 2385 Corytho
466 2317 537 2368 hanc
560 2317 685 2369 tabidam
708 2319 834 2370 tradunt:
866 2319 1012 2370 Dardanus
1037 2334 1102 2369 cum

64 2387 190 2458 aquaem
203 2385 309 2458 praelio
323 2383 359 2436 ab
372 2384 567 2454 Aboriginibus
579 2386 670 2453 pulsus
684 2388 794 2456 galeam
806 2387 975 2458 perdidisset,
988 2396 1103 2458 propter

62 2474 154 2528 qrram
168 2457 313 2520 resistens,
337 2463 364 2506 et
387 2455 416 2505 in
433 2455 578 2506 audaciam
595 2470 658 2505 suos
674 2456 808 2509 reducens
826 2457 972 2508 victoriam
988 2457 1102 2527 adeptus

64 2535 125 2593 est,
140 2532 203 2576 urm
220 2523 256 2575 ob
273 2538 335 2575 rem
352 2522 469 2575 feliciter
486 2531 609 2592 gestam,
627 2520 760 2594 oppidum
779 2526 827 2577 ubi
843 2526 953 2594 galeam
971 2526 1103 2585 amiserat
1129 2565 1134 2575 .

63 2592 200 2659 condidit,
215 2591 260 2642 cui
277 2590 397 2658 Corytho
415 2607 518 2643 nornen
535 2591 642 2658 indidit,
659 2609 692 2644 eo
711 2595 785 2662 quod
798 2594 906 2648 Graece
926 2591 1006 2665 κόρυς
1022 2593 1103 2663 galea

62 2664 184 2728 dicitur,
206 2660 250 2713 vel
273 2660 425 2728 Corythum
450 2669 590 2725 mentem,
614 2661 642 2712 iu
668 2679 722 2730 quo
748 2656 1032 2734 Corythus'sepultus
1056 2670 1105 2714 est.

64 2732 121 2788 Alii
136 2729 289 2799 Corythum
303 2748 319 2781 a
335 2728 454 2797 Corytho
469 2728 573 2781 Paridis
587 2737 615 2781 et
626 2728 754 2784 Oenones
773 2732 830 2783 filio
843 2733 983 2784 conditam
1002 2732 1103 2783 iertmt.

65 2817 104 2845 .·-
148 2805 213 2858 171.-
242 2800 409 2862 Ausonias3
441 2796 577 2864 appellata
600 2798 729 2850 Ausonio
754 2799 789 2851 ab
813 2801 932 2852 Ausonio
956 2799 1104 2868 (Ausone)

18 2905 21 2909 .
66 2870 155 2922 Ulixis
168 2874 201 2923 'et
216 2868 346 2937 Calypsus
362 2866 434 2932 filio,
451 2873 479 2917 et
495 2867 588 2932 primo
606 2884 684 2937 pars,
701 2877 796 2938 postea
814 2870 903 2921 omnis
918 2870 997 2923 Italia
1014 2870 1104 2921 nomi·

66 2936 163 3003 mm]
214 2934 351 3001 Dictum
389 2934 526 2985 Dicturus
556 2951 636 2985 mons
669 2936 770 2989 Cretae
800 2945 863 3003 est,
901 2938 968 3006 [ubi
1011 2938 1103 2992 herba

69 3008 234 3060 Dictauiuos
249 3004 385 3066 nascitur,
409 3019 479 3070 quae
496 3003 609 3055 admota
625 3004 800 3071 vulneribus,
823 3007 931 3058 ferrum
955 3008 1104 3061 inhaerens

69 3076 142 3129 ,olet
163 3073 316 3143 expellere,
336 3071 385 3140 qui
407 3069 499 3135 mons]
522 3073 610 3124 dictus
633 3071 697 3140 [est]
721 3092 738 3126 a
761 3073 842 3127 Dicte
864 3076 1008 3147 Nympha,
1032 3093 1104 3144 quae

69 3144 129 3199 illic
144 3141 259 3208 collau,
282 3144 379 3210 [quam
401 3155 467 3190 ctnn
490 3141 582 3192 minus
599 3142 613 3174 *
630 3140 750 3207 (Minos)
774 3159 822 3196 rer
846 3154 955 3198 amaret
983 3154 1012 3199 et
1034 3147 1106 3197 inse-

143 3217 206 3265 etur
229 3226 280 3278 per
294 3210 357 3262 loca
373 3207 448 3279 avia,
470 3207 518 3260 illa
541 3226 569 3260 se
591 3225 689 3262 amore
712 3212 842 3264 castitatis
859 3215 1044 3282 praecipitem
1060 3214 1107 3265 de·

72 3228 181 3347 {Deflet
203 3286 315 3398 excepta
335 3278 505 3350 piscatorum
529 3277 634 3329 retibus
657 3278 686 3329 in
704 3280 760 3332 vita
783 3282 896 3333 reducta
915 3282 1041 3349 (retento)
1059 3289 1110 3347 est,

75 3366 94 3403 a
147 3363 232 3413 area
249 3365 265 3399 a
285 3347 395 3412 stinrdt,
412 3354 440 3398 et
456 3346 570 3398 nomine
588 3345 645 3397 eius
662 3345 777 3402 Dictaea
792 3349 854 3401 loca
870 3352 1005 3421 appellari
1020 3350 1108 3416 hesit,

76 3417 105 3471 in
143 3433 176 3468 oc
192 3415 301 3481 monte]
324 3416 374 3482 (in
389 3414 463 3483 quo)
486 3414 586 3465 dicitur
609 3416 679 3467 altres
702 3419 837 3490 Iuppiter:
862 3428 894 3470 ut
910 3420 954 3487 (G.
971 3424 1004 3485 4,
1020 3421 1109 3482 159.)ε

10 3516 13 3553 3
76 3484 196 3538 Dictaeo
221 3486 293 3536 caeli
307 3501 407 3564 'regem
432 3501 531 3551 pavere
556 3484 607 3534 sub
640 3498 730 3539 antro.
778 3487 872 3555 Negat
907 3491 960 3551 riht
984 3491 1110 3561 Iuppiter

10 3570 12 3579 ·
79 3573 163 3621 orvo;
183 3570 214 3608 ex
230 3553 352 3606 definito.
386 3553 423 3604 Et
439 3553 512 3605 hene
530 3551 670 3620 Iuppiter:
696 3557 774 3624 qrrasi
791 3557 850 3625 ipse
868 3558 915 3626 qui
934 3560 1110 3613 Cretensibus

79 3631 196 3695 praeeat.
208 3649 243 3660 -
278 3628 338 3679 172.
358 3617 479 3672 Talibus
497 3625 637 3674 attonitus
655 3627 726 3675 visis
735 3648 744 3689 ,·
763 3625 816 3676 hoc
831 3635 871 3678 est
881 3628 981 3679 talibus
993 3629 1111 3681 deorum

16 3704 25 3735 ·.
79 3692 209 3756 vultibus,
231 3692 356 3760 [propter
378 3689 442 3741 Visi
460 3703 523 3740 onte
542 3693 638 3743 oculos
657 3691 804 3758 adstarer]
828 3695 901 3748 unde
918 3700 1055 3765 sequitur,
1076 3696 1113 3750 Et

15 4148 24 4213 i

80 3769 142 3813 ooct
161 3761 285 3811 deorum.
320 3757 394 3811 Nam
412 3757 448 3811 'et
464 3774 528 3811 voce
552 3776 581 3812 se
605 3758 672 3812 dicit
689 3762 836 3814 attonitum
853 3771 882 3815 et
898 3764 967 3817 visis.
1004 3765 1112 3818 Attoni-

31 3848 33 3857 ·
79 3840 126 3881 tur
149 3843 216 3881 vero
241 3833 282 3879 est
308 3830 482 3898 surpesactus.
521 3827 593 3878 Nam
618 3830 732 3899 proprie
758 3834 896 3887 attonitus
920 3834 1036 3899 dicitur,
1067 3835 1112 3887 cui

80 3914 155 3950 casus
187 3895 269 3954 vicini
299 3895 422 3946 fulminis
454 3901 482 3947 et
504 3897 606 3947 sortitus
637 3898 790 3949 tonitruum
815 3901 882 3952 dant
904 3910 1054 3969 stuporem.
1078 3931 1114 3942 -—

80 3972 138 4024 171.
162 3964 224 4017 Nec
248 3981 332 4029 sopor
364 3966 436 4015 illud
469 3977 543 4027 erat,-
573 3965 660 4016 soluta
690 3967 817 4019 elocutio.
839 3996 874 4007 -
915 3974 975 4028 171.
1003 3971 1115 4023 Velatas

69 4033 341 4107 samon-vittatam
366 4042 396 4085 ut
420 4037 461 4099 (5,
485 4034 568 4095 366.):
598 4032 720 4086 Victoris
746 4037 867 4089 velatum
893 4056 963 4091 auro
983 4042 1116 4110 vittisque
