2454 4500
719 140 731 164 x
809 162 819 174 1

10 232 35 269 =·
86 250 96 270 κ
132 271 167 312 m
190 249 346 347 vmbri.
369 248 541 319 aarum.
564 245 644 309 us.
667 196 969 331 mittut-oto:
995 254 1060 320 433

18 436 108 489 'Tullo
132 434 248 487 Hostilio
271 434 386 516 pristina
409 433 497 485 studia
518 431 714 504 repetiverunt.
752 431 825 484 Hinc
848 440 902 500 est,
920 433 1005 504 ,quod
1029 441 1058 488 et
1127 421 1130 430 ¹

22 504 84 574 ipse
103 503 231 572 Virgilius
255 512 307 555 art:
330 502 430 570 Longa
448 501 578 567 placidos
602 503 634 551 in
651 518 718 571 pace
737 504 861 568 regebat:
885 520 942 554 non
954 522 1057 574 perpe·

22 580 81 624 tta.
115 573 186 623 Item
203 570 299 636 (693.):
317 568 493 638 Desuetoque
511 571 581 621 bello
594 569 715 636 Agmina
735 569 766 619 iu
784 589 863 622 orma
881 584 962 621 vocat
979 575 1058 623 suhi·

22 651 69 704 to,
94 639 261 709 ferrumque
286 652 423 690 retractat.
472 639 545 690 Nem
571 650 735 703 retractare,
766 647 807 689 est
828 648 955 706 repetere
1001 639 1056 693 uod

24 709 158 760 omiseras
183 709 232 774 (al.
257 708 411 769 omiserat).
441 706 520 767 ,Tale
544 704 647 775 aliquid
670 706 738 757 dicit
760 706 794 758 de
818 723 920 775 genere
944 659 1055 760 Sullano

22 775 173 828 Sallustius.
207 778 280 827 Nam
296 778 387 827 volens
405 773 548 827 dsteudere
565 775 692 842 antiquos
715 775 834 827 maiores
857 777 913 826 eius
931 778 1056 830 comula·

13 861 68 897 eres
91 846 187 909 fuisse,
212 845 313 899 viciuos
337 860 400 896 vero
425 843 627 911 ignavissimos,
651 842 753 894 Sullam
777 852 871 895 autem
895 844 1056 897 florentissi-

23 928 121 978 mum,
145 914 267 981 ait(1ug.
285 912 354 976 95.):
379 913 473 979 Igitur
490 912 569 963 Sulla
587 909 724 978 patriciae
742 915 835 978 gentis
845 913 924 981 fuit,
934 913 1056 981 sn'mt'lt'a

22 983 84 1031 iam
102 984 223 1031 extincto
243 984 382 1032 maiorum
402 983 527 1048 ignavia.
562 979 650 1045 Quem
668 982 817 1047 protinus,
841 981 958 1048 iugiter,
979 983 1056 1035 dein-

22 1049 66 1101 de.
99 1050 173 1100 Nam
190 1064 263 1100 riunc
279 1049 412 1117 temporis
430 1059 471 1101 est
487 1049 656 1100 bdverbium.
690 1049 762 1099 Alibi
778 1049 846 1101 loci:
865 1057 895 1099 ut
911 1054 954 1115 (3,
969 1053 1055 1112 4166:
1107 1086 1110 1091 -
1161 1069 1165 1079 ¹

23 1117 95 1173 Cum
112 1121 243 1184 protinus
260 1131 376 1184 utroque
394 1119 477 1168 tellus
495 1117 558 1166 Una
569 1117 655 1185 foret.
668 1142 703 1152 -
737 1122 798 1173 602.
816 1117 945 1169 Maximo
961 1137 1055 1170 rerum

20 1184 412 1255 Romo,·imperiipotita.-
446 1193 508 1244 603.
524 1185 639 1243 Movent
657 1187 688 1235 in
705 1187 816 1251 proelia
833 1186 968 1252 Martem5
986 1205 1054 1240 nem
1123 1193 1128 1203 ¹

22 1255 110 1306 itioris
126 1257 219 1307 fuerat
234 1254 337 1307 indicto
354 1229 427 1307 bellu
451 1255 482 1305 in
498 1255 597 1323 Martis
613 1255 732 1305 sacrario
750 1254 850 1306 ancilia
866 1264 1054 1312 commovere.

21 1322 103 1374 Unde
128 1331 169 1375 est
189 1324 220 1393 in
244 1324 415 1391 octavo'(3.):
442 1322 529 1389 thue
554 1323 668 1389 impulit
692 1340 780 1374 orma.
799 1349 834 1360 —-
867 1328 929 1381 604.
946 1320 1054 1395 Locry.

22 1393 126 1441 mobile
151 1388 270 1454 helluini
295 1391 445 1443 Getarum¹
461 1394 518 1444 fera
545 1407 611 1458 gens
636 1391 720 1443 etiam
743 1391 817 1461 apud
845 1393 965 1446 maiores
993 1396 1055 1450 fuit.

20 1458 95 1511 Nam
111 1459 163 1529 ipsi
180 1467 243 1510 sunt
259 1460 354 1536 Mysi,
378 1475 445 1528 quos
462 1459 600 1519 Sallustius
618 1477 633 1510 a
651 1459 764 1510 Lucullo
783 1461 851 1511 dicit
867 1479 925 1512 esse
942 1458 1055 1534 supera-

19 1533 71 1579 tos.
89 1557 123 1568 -
153 1533 225 1585 605.
248 1526 442 1594 Hyrcanisve,
466 1544 533 1595 gens
551 1535 592 1578 est
614 1526 687 1579 dictu
711 1545 728 1578 a
750 1527 815 1578 silva
831 1530 981 1598 Hyrcania,
1005 1533 1054 1591 ubi
1103 1584 1107 1592 ,

19 1603 85 1648 suut
98 1597 193 1665 tigres.
228 1597 362 1647 Arabisve
368 1622 378 1661 ,·
395 1597 441 1648 hic
458 1597 561 1647 dativus
579 1596 652 1647 venit
668 1595 703 1645 ub
722 1611 754 1647 eo
772 1597 846 1664 quod
863 1608 903 1649 est
920 1598 966 1648 hic
980 1600 1052 1652 Ara.

21 1664 83 1715 ltus.
119 1665 191 1715 Nem
215 1665 250 1714 alt
274 1665 397 1733 eoquod
421 1673 462 1716 est
483 1664 529 1715 hic
546 1664 651 1728 Arabs,
676 1664 709 1714 ab
735 1663 787 1715 hoc
804 1667 895 1716 Arabe
912 1667 1053 1723 Arabibus

19 1732 101 1784 fecit:
126 1726 196 1783 sidut
218 1731 341 1784 Hiberis.
383 1734 461 1785 Unde
484 1741 526 1784 est
548 1733 577 1782 in
596 1731 714 1783 Lucano
740 1734 880 1798 (2,.54.):
912 1735 1053 1791 Occurrat

19 1798 138 1852 Hiberis
156 1803 226 1852 alter
253 1803 286 1861 at
306 1806 428 1853 occurrit
438 1800 592 1853 Hiberibus
606 1802 684 1851 alter.
699 1801 730 1850 V.
743 1801 861 1852 alternis
877 1821 942 1853 nom
956 1802 1052 1873 Hom),

20 1878 48 1922 et
65 1868 157 1920 Hiber
174 1871 219 1936 (al.
267 1870 387 1934 theras)‚·
412 1879 442 1919 ut
458 1870 586 1927 Horatius
604 1869 670 1920 dicit
687 1869 791 1936 (Germ.
811 1880 844 1936 2,
861 1871 929 1935 26.):
957 1873 992 1924 Ut
1009 1877 1052 1926 eii.
1080 1910 1083 1916 ,
1123 1858 1147 1881 '¹

18 1951 78 1989 tcet
101 1937 205 2004 Hiber,
233 1939 419 2005 Rhodanique
445 1950 532 2005 potor.
581 1938 650 1987 Item
676 1937 782 1988 lectum
806 1946 846 1990 est
869 1938 999 2008 Aethiops
1022 1952 1053 1997 et

17 2006 191 2072 aethiopica
217 2008 265 2059 sed
286 2009 369 2057 modo
394 2013 502 2057 tantum
520 2004 650 2070 Aethiops
674 2005 798 2056 dicimus.
815 2032 850 2043 —
882 2014 943 2066 606.
960 2012 1050 2065 Auro.
1095 2025 1096 2029 ¹
1154 1992 1157 2003 ἱ

17 2093 136 2144 tamque
154 2078 249 2143 sequi3
271 2075 377 2143 ingenti
400 2074 507 2126 ambitu
524 2074 591 2125 dixit
606 2073 698 2140 ipsum
715 2070 808 2124 ortum
826 2074 880 2127 diei
896 2094 947 2146 pro
965 2095 1052 2153 popu.

13 2142 58 2197 lis.
96 2143 267 2210 Parthosque
285 2161 424 2210 reposcere
442 2145 543 2210 signa,·
560 2142 614 2194 hoc
626 2144 655 2192 in
667 2143 803 2195 honorem
817 2144 930 2211 Augusti
966 2150 1063 2201 osuit:
1140 2168 1143 2175 ·

12 2228 76 2295 {tto
91 2221 227 2281 regnante
243 2231 260 2264 e
276 2212 382 2264 Parthis
398 2212 516 2280 repetita
532 2220 595 2261 sunt
610 2209 702 2278 signa,
725 2227 796 2279 quae
812 2210 925 2263 crassus
942 2166 1052 2334 Qrium·

12 2280 73 2347 vir]
95 2281 259 2351 perdiderat.
294 2281 348 2348 Qui
371 2296 437 2330 cum
461 2280 588 2331 aviditate
609 2295 658 2329 suo
682 2287 779 2330 contra
802 2280 923 2348 auspicia
967 2286 1051 2338 ellum

10 2351 193 2417 suscepisset,
205 2349 447 2418 [interdicentibus
464 2348 582 2399 tribunis
599 2346 710 2417 plebis]
727 2356 822 2415 captus
838 2364 904 2398 cum
920 2348 976 2404 filio
994 2363 1051 2410 est:

10 2427 43 2472 et
61 2424 177 2470 necatus
193 2419 283 2470 infuso
300 2418 330 2468 in
348 2433 376 2466 os
393 2432 477 2481 aur-o,
494 2416 580 2484 [arius
599 2432 694 2467 amore
711 2416 902 2484 pugnaverat]
918 2447 952 2459 -
986 2429 1049 2480 507,

10 2486 91 2539 Sunt
107 2488 235 2554 geminae
253 2487 319 2537 belli
335 2498 448 2552 portae3
466 2485 619 2536 sacrarium
635 2484 689 2534 hoc
703 2484 794 2537 Numa
812 2485 959 2552 Pompilius
976 2491 1051 2543 lece·

10 2564 61 2609 rat
79 2557 154 2607 circa
177 2556 265 2626 {mum
282 2555 450 2621 Argiletum,
475 2553 549 2605 iuxta
574 2554 715 2604 theatrum
732 2553 873 2605 Marcelli:
900 2556 974 2623 quod
997 2560 1052 2610 fuit

10 2624 43 2678 ln
72 2623 178 2676 duobus
197 2624 368 2674 'brevissimis
391 2620 508 2689 templis.
549 2621 671 2672 Duobus
693 2629 786 2677 alitem
808 2631 924 2690 propter
950 2626 1050 2678 Ianum

10 2690 178 2749 bifro'ntem.
211 2692 307 2743 Postea
329 2691 414 2760 captis
437 2690 559 2740 Phalaris
582 2689 715 2755 (Faliscis)
739 2689 846 2740 civitate
872 2690 987 2746 Tusciae
1007 2692 1051 2746 iu'-

10 2756 129 2814 uelitum
154 2769 194 2813 est
215 2759 392 2811 simulacrum
415 2758 475 2809 lani
499 2774 563 2807 cum
587 2757 723 2808 frontibus
747 2765 886 2825 quattuor.
919 2758 985 2812 'Pro
1005 2770 1050 2825 ter

10 2830 91 2901 quod
119 2830 149 2880 in
171 2831 233 2880 soro
262 2827 420 2888 transitorio
449 2827 626 2877 constitutum
657 2833 699 2876 est
722 2824 762 2876 illi
784 2825 936 2879 sacrarium
965 2779 1039 2882 aliud

31 2898 92 2950 uod
114 2897 245 2950 novimus·
261 2896 403 2963 hodieque
415 2900 542 2962 quattuor
566 2902 659 2960 portas
681 2892 786 2945 habere
811 2895 854 2960 (al.
873 2895 951 2949 Unde
974 2867 1050 2967 quod

10 2918 112 3019 {inme
143 2967 312 3030 instituerat,
342 2964 507 3015 translatum
538 2971 578 3013 est
600 2962 635 3013 ed
658 2961 762 3013 Forum
785 2964 1002 3032 transitorium,
1021 2974 1051 3020 et

10 3043 147 3107 quattuor
164 3042 309 3101 portarum
333 3049 420 3083 unum
436 3041 493 3082 tcm
513 3030 571 3082 lum
595 3037 635 3081 est
656 3030 832 3095 institutum).
866 3033 966 3085 Ianum
981 3052 1048 3089 saue

10 3100 98 3175 apud
115 3103 218 3171 aliquus
243 3101 413 3165 bifrontem,
439 3051 512 3170 spui
535 3099 639 3166 aliquos
664 3098 886 3168 quadrifrontem
908 3120 967 3156 esse
989 3118 1048 3156 nou

10 3176 122 3225 mirum
140 3179 187 3223 est.
220 3169 294 3221 Nem
316 3170 363 3221 alii
387 3185 451 3221 eum
466 3168 521 3220 diei
538 3169 682 3220 dominum
708 3166 759 3234 [vel
776 3168 937 3234 auctorem}
946 3168 1070 3239 volunt,'

10 3246 43 3295 in
63 3255 120 3309 quo
137 3248 211 3291 ortus
235 3245 275 3290 est
299 3246 327 3289 et
351 3253 468 3288 occasus.
502 3237 630 3288 Horatius
647 3236 743 3302 (Serui.
761 3240 793 3302 2,
810 3243 843 3301 6,
860 3238 928 3299 20.):
950 3239 1055 3303 Motu·x

10 3313 73 3362 tine
89 3321 183 3376 pater,
205 3325 255 3356 seu
273 3306 341 3356 Iane
359 3308 494 3357 libentius
512 3307 604 3355 audis.
638 3302 691 3355 Alii
714 3304 780 3357 antri
796 3305 894 3369 totius,
915 3322 998 3374 quem
1013 3307 1045 3360 in

69 3387 145 3429 ttuor
168 3378 297 3445 tempore
313 3383 419 3426 constat
436 3391 492 3426 esse
509 3375 631 3425 divisum.
666 3372 738 3424 Anni
762 3381 855 3424 autem
879 3389 936 3426 esse
960 3377 1045 3428 deum

10 3396 123 3501 illium
140 3444 254 3515 probat,
279 3444 352 3510 quod
370 3443 404 3494 ab
423 3459 455 3494 eo
498 3442 570 3495 rima
594 3456 659 3508 pars
676 3441 741 3492 enni
757 3443 925 3495 nominetur.
959 3444 1045 3512 [Nam

10 3516 49 3571 ab
66 3517 136 3567 Iano
153 3515 310 3563 Ianuarius
329 3511 414 3562 dictus
432 3461 542 3576 estl—
584 3515 646 3568 668.
665 3510 826 3579 Relligione
849 3527 963 3578 socrum·
988 3520 1045 3568 tre·

10 3583 151 3647 mendae,
183 3580 356 3651 execrabiles.
395 3580 469 3630 Nam
491 3587 519 3631 et
542 3578 621 3648 paulo
644 3585 705 3648 post
727 3576 821 3644 (617.)
845 3579 965 3634 dicturus
988 3590 1045 3637 est:

11 3652 185 3719 Tristesque
195 3651 334 3700 recludere
351 3661 454 3716 portas.
470 3674 504 3684 -
539 3652 599 3705 609.
615 3645 697 3698 'Ferri
716 3647 833 3714 robora;
852 3648 923 3702 bene
940 3649 1045 3704 eddidit

10 3723 92 3793 ferri.
128 3722 201 3772 Nam
219 3736 302 3769 omne
321 3718 393 3785 quod
410 3720 481 3768 sorte
499 3725 552 3780 est,
577 3717 663 3766 robur
686 3730 821 3766 vocamus.
839 3743 872 3754 -
897 3724 966 3776 610.
984 3719 1042 3788 [Ia.

13 3809 88 3855 nus,-
119 3788 233 3857 quidam
257 3787 359 3835 lanum
383 3784 494 3835 Eanum
519 3785 614 3836 dicunt
639 3783 675 3835 ab
698 3784 804 3849 eundo,
834 3774 953 3855 eumlpue
970 3805 1043 3842 esse

11 3860 154 3922 Martem,
170 3865 198 3908 et
214 3855 288 3924 quod
304 3853 377 3921 apud
394 3855 533 3904 Romanos
550 3852 701 3922 plurimum
719 3859 822 3919 potest,
837 3854 900 3906 ideo
917 3854 1043 3926 primum

10 3930 45 3993 in,
65 3925 242 3980 veneratione
265 3923 411 3975 nominari.
452 3922 505 3973 Alii
529 3921 631 3971 lanum
656 3927 750 3973 aerem
774 3921 902 3988 credunt,
927 3931 955 3975 et
1016 3925 1043 3977 ie
1090 3960 1091 3965 =

10 3997 85 4057 ‚vocis
102 3995 212 4066 genitor
228 3993 373 4060 habeatur,
389 3990 492 4047 idcirco
509 3989 680 4045 mandari'ei
697 4006 792 4059 preces
809 3998 913 4043 nostras
930 3991 966 4044 ad
977 3940 1042 4044 dios
1092 3996 1096 4003 '

61 4117 96 4191 J·
751 4123 755 4130 '
804 4110 840 4165 28
