2454 4500
25 196 64 339 's
153 273 187 315 n
212 246 368 316 vincit.
392 254 563 340 nauem.
585 255 664 317 aut.
685 257 725 334 x,
751 264 940 328 mit-res
1002 232 1098 328 sti
1163 222 1205 322 .’

10 434 64 501 'eft
81 438 159 490 Cata.
177 464 212 477 -·
247 445 307 497 188.
327 439 439 491 Crimen
457 457 537 492 amar
556 441 889 505 uestrum5Phe'e’toi1tcm
906 451 1030 494 amatum
1048 459 1065 494 a

12 505 136 575 ljcycuO,
152 514 201 559 aut
217 508 271 577 pie,
287 516 335 559 aut
350 509 483 577 turpiter,
499 509 667 576 accipiamus
684 527 795 561 necesse
813 519 861 561 est.
894 511 920 561 Si
937 514 1065 582 turpiter,

10 575 96 626 Malis
114 583 154 626 est
169 591 275 627 sensus:
300 577 414 627 Crimen
431 585 551 628 vestrum
568 585 621 642 est,
645 593 661 626 o
680 577 770 644 Cycne
788 587 816 631 et
830 579 968 643 Phaiton,
989 584 1072 648 quod
1121 596 1124 600 ·
1193 622 1198 629 ,

10 642 72 694 :stc
89 638 215 703 amastis3
233 632 261 696 iet
275 644 329 695 hoc
347 645 421 694 vobis
440 654 547 696 tantum
564 653 656 712 potest
670 645 765 697 obiicit
795 647 848 696 Alii
864 659 995 710 vestrum,
1030 662 1064 700 so

16 718 116 771 *tuum
134 713 285 779 accipiunt:
304 719 333 764 et
348 713 384 764 ad
400 714 488 765 solum
502 715 625 782 Cycnum
640 716 780 766 referunt:
797 722 828 764 ut
844 719 880 779 (9,
895 717 979 776 525·):
1023 736 1064 783 os,
1140 772 1146 783 Ι

10 787 51 849 lc
76 770 350 847 Callt'opbprecar:
383 780 410 833 Si
434 782 479 851 pie
502 784 617 845 unierit,
640 784 791 834 secundum
814 786 932 850 Asprum
956 787 1064 837 crimen

10 847 88 903 sent
110 864 206 913 causa,
231 856 260 898 ut
283 843 350 900 alibi
374 844 423 915 (2,
440 849 506 911 fvnd:
530 850 564 899 Et
588 852 705 901 crimine
724 852 758 900 ab
778 869 834 902 una
855 848 942 901 Disc'e
959 870 1080 921 omnes„

10 923 69 968 eut·
80 914 122 966 slt'
132 932 239 969 sensus:
256 931 272 965 o
289 917 499 968 Phaetontiedes
515 933 630 981 sorores,
649 927 677 970 et
693 934 709 966 o
727 917 819 984 Cycne
835 935 916 970 causa
933 929 1063 990 vestrum,
1072 956 1079 990 ·.

10 982 49 1037 ti.
67 1002 93 1037 e.
111 993 215 1037 vestrae
233 984 400 1050 mutationis,
418 1001 497 1036 amor
515 993 569 1039 est:
584 985 662 1054 [quia
679 986 717 1036 sic
735 986 934 1055 Phaethon-tem
951 992 1063 1041 amastis
1090 998 1098 1010 ““

10 1050 277 1122 1'utperiretis.]-
312 1058 371 1111 189.
391 1052 520 1120 Namque
537 1061 601 1115 etc.;
627 1053 765 1119 Pheison,
788 1056 934 1122 Clymenes
951 1065 978 1108 et
993 1056 1062 1110 Solis

10 1117 102 1184 lidius
119 1120 179 1185 luit,
197 1120 244 1190 qui
260 1137 325 1172 cum
342 1122 448 1181 doleret
460 1123 599 1174 obiectum
614 1123 666 1174 sibi
680 1123 715 1174 ab
730 1124 844 1192 Epapho
858 1140 925 1191 rege
939 1125 1063 1196 Aegypti,
1087 1124 1099 1163 ί

10 1188 107 1259 quod
124 1197 193 1240 esset
209 1205 266 1241 non
282 1189 317 1242 de
333 1190 390 1242 sole
399 1227 407 1255 ,
423 1190 472 1242 sed
489 1191 523 1242 de
540 1191 675 1243 adulterio
691 1199 866 1260 procreatus:
883 1194 952 1244 duce
969 1203 1075 1247 matra·

10 1257 107 1310 ‘venit
123 1257 158 1308 ad
175 1256 280 1324 Solem‘,
303 1267 332 1311 et
348 1258 486 1328 poposcit,
507 1266 539 1309 ut
554 1259 577 1310 si
593 1276 657 1310 vere
674 1266 743 1310 esset
760 1261 818 1310 eius
829 1252 919 1324 filius,
942 1258 1076 1330 petenda*

10 1338 18 1359 ⁸
44 1333 192 1378 raestaret.
226 1325 306 1394 Quod
329 1343 393 1378 cum
410 1326 455 1377 Sol
476 1327 592 1378 iurasset
608 1343 659 1395 per
675 1327 788 1396 Stygem
809 1326 939 1396 paludem
954 1346 984 1381 se
1001 1347 1061 1383 essa

17 1338 187 1459 litaturum,
207 1394 278 1462 petit
299 1395 361 1461 ille,
383 1403 415 1446 ut
437 1395 497 1446 eius
518 1411 614 1446 curnis
629 1396 760 1464 agitaret„
789 1395 834 1447 Sol
850 1406 911 1464 post
925 1397 1062 1450 iusiuran-

13 1464 99 1516 dum
117 1476 222 1530 negare
239 1477 296 1513 non
313 1463 410 1533 potuit.
443 1464 569 1533 Acceptis
585 1463 822 1534 itaque.curribus
839 1465 977 1529 Phaeton,
994 1483 1069 1523 crim:

10 1531 151 1600 prbitam
173 1529 242 1581 Solis
268 1531 365 1583 exisset
388 1531 432 1597 (al.
455 1532 644 1597 excessisset),
667 1540 696 1584 et
718 1533 852 1602 coepisset
872 1533 991 1584 muudus
1016 1532 1083 1587 ar·xv

10 1600 115 1666 dere,
129 1617 149 1651 a
165 1599 227 1650 iove
242 1599 418 1664 fulminatus,
442 1600 473 1650 in
489 1600 648 1650 Eridanum
672 1599 785 1664 cecidit,
800 1593 856 1668 'qui
875 1600 966 1652 Padus
982 1618 1062 1655 voca·

10 1675 86 1721 tur.
121 1666 206 1718 Huius
223 1666 368 1720 interitmn
384 1669 481 1723 flentes
497 1683 606 1719 sorores
622 1669 756 1720 Phaetusa
774 1669 861 1734 (codd.
871 1670 950 1738 flet.,·
968 1667 1059 1724 Guell.

10 1730 41 1791 l!
63 1734 191 1804 fetltusa)
208 1743 237 1787 et
248 1735 415 1806 Lampetusa
432 1736 548 1787 deorum
565 1737 742 1788 miseratione
759 1737 788 1787 in
807 1737 920 1791 arbores
937 1754 1062 1790 commu·
1119 1744 1125 1753 ‘

10 1812 104 1858 tatae
127 1813 203 1853 sunt:
226 1811 259 1853 ut
280 1803 326 1854 hic
350 1805 417 1864 dicit
439 1805 469 1855 in
492 1804 621 1872 populas:
642 1813 674 1854 ut
697 1806 727 1854 in
750 1805 900 1871 Bucolicis,
922 1802 952 1856 iu
975 1807 1062 1861 alnos.
1093 1808 1097 1815 '

10 1873 93 1927 ruit
108 1871 192 1922 etiam
208 1870 344 1939 [quidam]
359 1872 459 1940 Ligus,
483 1876 589 1940 Cycnus
605 1873 718 1924 nomine
736 1873 891 1939 [dulcedine
913 1881 1007 1924 cantus
1024 1877 1061 1928 ab

10 1939 154 2011 Apolline
177 1939 323 2005 donatusg]
346 1949 453 1992 amator
477 1941 649 2005 Phaetontis,
671 1940 719 2008 qui
742 1954 808 1990 cum
832 1958 896 1992 enm
919 1941 1063 2009 [delileret

10 2009 194 2072 extinctum,
219 2008 301 2075 longo
323 2009 399 2059 luctu
415 2007 446 2058 in
463 2024 541 2060 avem
565 2008 743 2074 sinuaminis
760 2025 904 2079 conversus
927 2018 979 2070 est;
1001 2012 1061 2080 [qui
1086 2058 1091 2069 ,

37 2085 124 2129 osten
140 2076 175 2129 ah
189 2076 314 2145 Apolline
330 2076 403 2128 inter
420 2076 510 2130 sidera
523 2077 668 2128 collocatus
686 2075 745 2139 est]
778 2079 864 2127 Huius
881 2095 954 2143 nunc
970 2077 1061 2134 tilium

10 2096 207 2214 gupavonem
223 2145 290 2196 dicit
305 2145 411 2197 habere
430 2146 630 2214 cycni'pennas
644 2145 674 2195 in
692 2145 770 2212 galea
787 2143 823 2213 ad
842 2147 951 2198 formae
968 2155 1062 2222 puter*

10 2230 82 2283 grae
98 2211 206 2280 insigne
223 2215 441 2266 monstrandum.
457 2239 491 2251 -
527 2219 587 2270 190.
607 2213 792 2277 Umbra‘mque
809 2231 936 2273 sororum
946 2215 1061 2277 gambi-

10 2284 97 2336 tiose
115 2280 230 2346 dictum,
265 2297 297 2332 ro
314 2281 387 2337 inter
405 2282 518 2333 arbores
534 2282 568 2332 de
586 2282 726 2338 sororibus
743 2283 837 2333 factas.
871 2283 907 2332 Et
921 2291 961 2334 est
972 2299 1060 2336 unum

10 2350 59 2406 de
86 2348 130 2400 his
154 2367 225 2416 quae
246 2300 333 2402 iubet
349 2351 397 2401 Vir
417 2351 478 2420 ilius
501 2349 680 2402 inimitabilia
706 2359 733 2400 et
751 2356 805 2401 'ssia
828 2351 950 2416 propria.
986 2352 1061 2407 'Tele

10 2429 66 2476 gat
88 2416 191 2487 [illud]
214 2418 264 2484 (G.
282 2427 314 2482 3,
338 2366 430 2482 1925:
452 2418 608 2483 Sinuatque
628 2420 739 2499 *alterna
765 2419 1061 2477 voluminacrurum.

10 2492 97 2545 Item
115 2488 158 2551 (l,
176 2486 262 2550 113.):
280 2486 349 2538 Cum
365 2491 490 2555 primum
507 2488 603 2539 sulcas
620 2498 743 2554 aequant
759 2500 829 2537 sata.
846 2514 882 2523 —
918 2493 977 2544 191.
994 2490 1070 2541 Mus
1087 2532 1093 2541 ,

10 2572 78 2616 ,ηις
100 2555 240 2620 carmine,
263 2555 383 2619 cithara,
407 2557 552 2608 cantilena.
569 2580 604 2592 -
646 2562 706 2612 192.
733 2555 880 2605 Canentem
906 2560 1061 2624 senectam,-

10 2618 125 2697 quila
144 2635 286 2673 canentem
304 2637 442 2675 senectam
467 2640 518 2692 pro
536 2624 601 2674 albo
617 2625 711 2674 colore
733 2623 872 2674 neoterica
890 2621 995 2673 dictum
1010 2642 1061 2694 pu-
1108 2638 1112 2651 “
1154 2644 1157 2651 “

10 2689 119 2755 unm]
143 2703 287 2742 canentem
305 2706 441 2744 senectam
460 2692 587 2743 mollibus
604 2691 738 2758 transegit
753 2691 783 2742 in
800 2689 910 2757 plumis.
926 2716 962 2748 -,
977 2692 981 2699 “
997 2699 1059 2751 193.

10 2761 127 2817 Sidera
144 2777 210 2811 voce
227 2760 398 2827 sequentem
422 2777 488 2811 ctun
506 2766 589 2809 cantu
605 2759 714 2808 coelum
737 2767 893 2826 petentem:
917 2759 960 2811 vel
984 2761 1060 2831 quod

16 2839 68 2887 est
84 2845 117 2879 re
132 2845 205 2883 ‚vera-
215 2829 316 2879 relatus
332 2827 362 2878 in
379 2828 486 2892 sidera,
511 2828 580 2877 sicut
597 2826 720 2878 videmus
736 2828 765 2877 in
782 2827 908 2893 sphaera.
924 2853 959 2864 -
995 2833 1055 2886 194.
1115 2854 1119 2861 Δ

10 2894 166 2966 Aequales
185 2899 334 2946 comitatus
353 2897 442 2946 classe
469 2908 610 2955 catervas3
628 2892 705 2962 daut]
727 2910 779 2962 per
801 2911 882 2946 naves
906 2897 1060 2963 aequaliter
1129 2935 1135 2944 .

16 2967 134 3024 habens
152 2964 308 3015 distributas
325 2971 462 3028 catervas,
488 2963 546 3031 [aut
561 2963 614 3032 ipsi
630 2963 694 3014 duci
709 2979 790 3033 pares
805 2962 912 3014 virtute.
928 2989 963 3001 -
993 2969 1058 3023 195.

18 3038 216 3096 Gentaurum3
239 3041 286 3083 aut
306 3048 410 3084 nomen
433 3033 522 3095 navis,
544 3038 592 3081 aut
615 3031 663 3100 qui
685 3032 746 3083 erat
768 3032 797 3081 in
820 3031 882 3083 navi
899 3031 1006 3098 pictus]
1022 3052 1059 3075 -ὴ

18 3110 89 3167 198.
109 3102 224 3168 Ocnus;
249 3102 301 3152 iste
324 3108 366 3152 est
382 3101 473 3152 Ocnus
490 3099 534 3164 (al.
550 3099 673 3161 Avenus)
691 3116 775 3167 quem
799 3099 829 3150 in
846 3098 979 3155 Bucolicis
995 3101 1058 3152 Bic-

18 3187 127 3236 norem
144 3171 217 3222 dicit.
253 3169 290 3219 Ut
306 3169 347 3234 (E.
360 3174 386 3234 9,
398 3167 470 3231 60.):
487 3169 615 3235 Namque
633 3170 791 3234 sepulcrum
805 3167 1058 3234 Incipit'apparere

18 3241 170 3296 Bianoris.
205 3239 256 3289 Hic
270 3238 422 3288 Mantuam
441 3236 540 3288 dicitur
558 3236 723 3302 condidisse,
746 3251 831 3304 quam
854 3253 871 3287 e
888 3239 985 3288 matris
1003 3252 1058 3288 no·

20 3310 104 3364 mine
128 3307 279 3377 appellavit
325 3307 398 3359 Nam
421 3304 475 3356 fuit
504 3304 575 3355 filins
599 3305 715 3373 Tybe'iis
738 3314 766 3357 et
789 3304 908 3354 Mantus
933 3304 1057 3358 Tiresiae

20 3374 158 3431 Thebani
188 3378 255 3426 vatis
286 3373 373 3438 filiae,
413 3390 483 3441 quae
515 3381 577 3440 post
606 3373 695 3439 patris,
722 3373 865 3424 interitum
889 3373 925 3424 ad
940 3373 1056 3425 -Italiom

20 3444 110 3499 venit.
145 3444 209 3513 [Alii
225 3444 342 3495 Mantus
364 3443 452 3492 filiam
467 3442 591 3494 Hercu-lis
615 3449 704 3493 vatem
727 3441 809 3493 luisse
834 3441 946 3492 dicunt·
977 3443 1057 3492 Hunc

23 3516 142 3569 Ocnum
167 3512 213 3565 alii
236 3511 337 3572 Auletis
360 3511 463 3575 lilium,
484 3503 535 3561 'alii
552 3511 675 3575 ,fratrem
699 3508 746 3577 qui
768 3508 911 3560 Perusiam
934 3509 1062 3574 condidit

21 3584 168 3646 referunt,
190 3589 219 3634 et
242 3599 278 3631 ne
301 3595 366 3629 cum
388 3580 474 3630 fratre
491 3578 684 3642 contenderet,
705 3580 734 3630 in
756 3592 823 3645 agro
842 3576 947 3627 Gallico
965 3577 1056 3642 Celse-

18 3654 96 3708 'nam
110 3650 196 3716 (Ces„·
214 3650 249 3700 al.
261 3647 376 3709 Felsin.)
389 3663 459 3714 quae
472 3661 546 3722 nprrc
559 3646 683 3698 Bononia
695 3646 795 3699 dicitur
811 3643 977 3704 condidisset
992 3663 1057 3717 per·

23 3719 134 3775 misisse
152 3721 237 3769 etiam
254 3715 384 3771 exercitui
408 3730 456 3765 suo
480 3722 512 3764 ut
527 3715 637 3766 castella
659 3715 802 3765 munirent
824 3713 991 3782 inquorum
1006 3731 1058 3767 nu·

17 3802 110 3843 -mero
126 3787 243 3848 Mantua
265 3785 326 3835 fuit.
359 3783 412 3834 Alii
436 3801 452 3836 a
476 3783 783 3850 Tarchone·Tyrrheni
808 3783 892 3833 fratre
915 3784 1057 3835 conditam

18 3857 137 3911 dicunt:
165 3855 314 3904 Mantuam
333 3859 426 3903 sutem
442 3851 504 3904 ideo
523 3852 710 3914 nominatam,
733 3849 807 3918 quod
823 3851 939 3902 Etrusca
960 3851 1057 3919 lingua

25 3924 161 3981 Mantum
179 3923 272 3974 Ditem
291 3929 400 3988 patrem
424 3920 578 3992 appellant,
601 3920 654 3970 cut
669 3923 752 3971 etiam
778 3935 843 3970 cum
866 3917 964 3970 ceteris
982 3920 1057 3971 urbi·

24 3992 81 4047 trus
98 4000 126 4046 et
141 3993 213 4045 hasac
236 3987 424 4056 consecravit]
458 3989 576 4042 Mantus
598 3986 686 4059 [sero]
702 3987 844 4040 Genimus
861 3984 983 4040 Graecus
1007 3995 1055 4041 est.

24 4172 28 4177 ,
80 4119 114 4192 p·
554 4152 557 4163 .
825 4107 860 4160 to
