2454 4500
64 322 89 351 -.
145 246 235 367 ros
389 226 547 347 ,saum
570 275 924 362 conuaummus

147 471 230 534 cisse,
254 482 285 520 ex
302 482 357 533 qua
380 472 456 521 ortus
473 464 571 517 eodem
595 464 709 515 nomine
724 465 846 528 Aeneas,
867 462 983 515 classem
1000 462 1185 536 Agamemno·

149 539 192 590 uis
216 544 256 588 est
278 536 420 603 adgressus
443 533 536 585 hieme
553 532 712 598 disiectam,
734 533 780 583 cui
803 549 831 584 se
856 532 983 601 feruntur
1005 532 1125 584 iunxisse
1146 531 1185 597 hi,

168 607 196 656 ui
214 605 513 658 Cretam¹secesserant
530 603 637 654 deserto
654 605 879 668 Agamemnone,
904 600 977 652 unde
1000 600 1064 652 loco
1082 615 1185 652 nomen

148 624 316 741 i’ergamum
333 671 369 723 ab
386 670 433 724 illo
452 672 601 734 conditum,
619 672 692 738 quod
710 669 859 720 obtinuisse
877 668 1031 720 desertores
1048 670 1185 733 feruntm,

93 788 94 791 ,
150 743 225 796 iuxta
243 742 409 811 Cydoniam:
434 739 507 806 quod
530 743 642 809 poetam
665 739 783 790 latenter
811 736 931 804 attigisse
955 737 1091 789 debemus
1113 735 1186 789 acci-
1208 788 1214 799 ,

172 808 241 874 ere]
272 808 407 872 flentem,-
433 807 572 859 sociorum
590 796 810 866 mdltitudinem3
836 807 937 857 laetam
955 813 1051 857 autem
1067 812 1185 927 propter

151 830 289 946 lergamo
313 877 447 929 restituta.
471 901 505 912 -
547 880 607 932 134.
632 876 732 924 Amare
751 875 851 943 socom
874 872 1009 926 sacrificia
1032 874 1186 937 celebrare.
1219 910 1222 915 -

136 938 284 1018 (Quidam
295 946 381 1014 focos
396 944 484 1009 lares,
511 951 539 996 et
555 961 605 1013 per
621 943 674 994 hoc
692 943 834 995 domicilia
850 940 973 994 tradunt.
1007 943 1085 1011 Ergo
1101 941 1186 1011 focos

153 1031 205 1088 pro
229 1026 345 1082 penates
365 1012 464 1079 'posuit
503 1014 538 1062 At
561 1031 576 1064 e
599 1011 739 1063 contrario
764 1015 877 1079 penates
899 1025 952 1079 pro
969 1010 1068 1080 focis,
1097 1018 1130 1061 ut
1146 1013 1188 1076 (1,

85 1108 89 1115 ·
152 1082 243 1145 7042?
257 1082 394 1134 Flammis
413 1081 522 1131 adolere
540 1093 660 1147 penates.
697 1077 766 1132 Saue
784 1082 870 1132 Varro
887 1079 999 1139 Rerum¹
1012 1078 1185 1143 Divinarum,

153 1154 253 1205 refert:
283 1151 356 1202 inter
380 1156 498 1199 sacratas
522 1165 584 1200 aras
601 1149 688 1218 socos
710 1164 822 1216 <quoque
846 1147 950 1199 sacrari
971 1147 1078 1214 solere,
1101 1154 1134 1197 ut
1156 1146 1194 1203 in.

154 1219 291 1287 Capitolio
307 1218 379 1283 Iovi,
395 1214 508 1280 Iunoni,
524 1217 682 1281 Minervae,
705 1234 756 1269 neo
773 1218 865 1268 minus
881 1217 911 1268 iu
927 1215 1055 1284 plurimis
1073 1213 1188 1267 ur'bibus

154 1286 261 1359 oppidis
282 1304 315 1339 ue
324 1291 377 1352 ,et
393 1286 422 1336 id
438 1293 498 1336 tam
515 1285 634 1352 publice,
650 1302 736 1353 quam
753 1285 882 1354 pritatim
899 1286 987 1337 solere
1004 1284 1076 1351 fieri,
1084 1283 1188 1353 sorum

155 1365 248 1413 autem
286 1356 370 1406 'ctum
387 1371 403 1406 a
414 1353 497 1423 fovi,
520 1361 552 1404 ut
568 1357 693 1406 colinum
719 1353 753 1406 ab
772 1354 897 1422 eoquod
913 1353 954 1404 ibi
970 1353 1044 1422 ignis
1062 1354 1188 1417 colatur,-

154 1440 207 1478 ueo
224 1424 310 1476 lioe‘re
327 1422 371 1474 vel
385 1423 501 1491 privata,
517 1421 560 1474 vel
575 1423 686 1493 publica
702 1436 782 1474 sacra
798 1421 857 1473 sine
868 1421 938 1490 soro
955 1420 1032 1485 lieri3
1050 1421 1127 1491 quod
1142 1420 1187 1473 hie

156 1493 275 1544 ostendit
305 1497 408 1561 praeta,
432 1491 566 1559 focariam
597 1490 674 1543 enim
707 1491 997 1563 commemoratione,
1026 1489 1190 1543 instantium

154 1561 353 1612 sacrificiortmt
379 1558 484 1610 mentio
499 1559 654 1610 inducitur:
678 1560 753 1626 quod
775 1559 816 1610 ita
833 1562 890 1611 esse
907 1559 1002 1611 multis
1023 1559 1092 1611 locis
1110 1559 1190 1612 doce

154 1635 209 1679 tur.
243 1628 362 1696 Quidam
381 1645 447 1677 ares
471 1643 635 1695 superorum
656 1628 774 1679 deorum
797 1627 891 1679 volunt
914 1643 986 1689 esse3
1008 1621 1190 1681 Medioximo-

103 1700 106 1709 '
155 1712 235 1762 rum,
258 1696 509 1749 remanorum
526 1696 806 1764 fosos,‘lnferorum
822 1710 887 1748 vero
906 1695 1048 1762 mundoa]
1082 1696 1191 1748 Arcem·

157 1781 209 1833 que
228 1765 352 1816 attollere
359 1789 368 1827 ,-
393 1764 501 1831 poitica
525 1764 706 1835 periphrasis,
729 1765 747 1815 i.
763 1783 790 1818 e.
814 1765 910 1815 domos
927 1765 1100 1829 aeffificare„
1118 1764 1191 1817 Nam

157 1836 209 1884 aral
228 1842 268 1884 est
289 1832 364 1883 loctu
388 1834 418 1884 in
442 1834 550 1885 civitate
574 1833 757 1885 munitae-
786 1838 852 1900 135·
871 1832 937 1884 Fere
945 1858 954 1897 ,·
982 1851 1009 1884 re
1033 1833 1122 1902 longa
1144 1838 1190 1886 est.

155 1901 245 1972 [Sicco
271 1903 423 1953 subductae
448 1903 529 1953 litore
554 1919 676 1970 puppes,-
701 1901 730 1952 in
756 1901 860 1952 siccum
881 1903 1036 1955 subductae
1059 1900 1191 1968 litus.]e-

121 1986 131 1995 ·
158 1969 360 2036 136.·Opernta
380 1973 526 2034 iuventus,-
551 1970 668 2041 perfecit
691 1970 824 2045 sacrificia
848 1980 962 2041 prppter
986 1970 1143 2037 connubia,
1164 1976 1215 2031 et-

32 2026 36 2041 ⁸
85 2066 88 2076 ·
156 2053 238 2091 novas
260 2038 353 2099 sedes;
376 2038 452 2116 (quia
477 2038 550 2107 apud
574 2047 679 2090 veteres
701 2054 794 2106 neque
818 2053 885 2090 uror
908 2039 988 2104 duci,
1010 2056 1103 2108 neque
1126 2055 1191 2107 ager

157 2106 232 2157 arari
255 2107 313 2156 siue
339 2106 479 2159 sacrificiis
506 2108 764 2177 peractispoterat.
805 2106 859 2172 Ut]
882 2106 949 2159 alibi
973 2107 1023 2173 (G.
1049 2115 1080 2173 1,
1106 2107 1191 2172 339.):

72 2202 76 2207 ·
156 2172 253 2223 Laetis
273 2187 402 2241 operatus
422 2178 453 2225 in
472 2176 572 2226 herlu's.
607 2176 829 2227 ltemluvetialis
848 2175 998 2242 (12,·92.):
1022 2177 1058 2226 Et
1076 2178 1192 2227 matuti-

158 2245 204 2293 nis
224 2255 354 2307 operatur
369 2244 443 2310 festa
463 2244 549 2307 (codd.
568 2252 595 2294 et
612 2243 780 2313 alseatina)
799 2245 932 2295 lucernis.
952 2271 987 2282 —
1023 2252 1083 2302 137.
1095 2246 1197 2314 (Suti-

15 2305 18 2311 ’
107 2350 110 2356 -
157 2325 184 2362 to
210 2328 273 2360 cum
286 2335 296 2375 ‚·
320 2311 338 2362 i.
363 2332 400 2376 e.,
430 2329 494 2362 cum
517 2311 627 2377 subito]
651 2339 686 2350 -
729 2319 790 2369 138.
813 2314 962 2380 (Corrupto
990 2316 1061 2365 coeli
1086 2327 1191 2379 tructu;

157 2379 203 2433 hic
228 2387 267 2430 est
289 2380 357 2432 ordo
382 2380 567 2449 pestilentiae,
593 2389 622 2431 ut
645 2381 788 2432 Lucretius
813 2387 854 2448 (6,
873 2385 962 2446 1095.)
982 2383 1078 2435 docet:
1102 2383 1193 2453 primo

157 2448 229 2499 aeris
252 2448 407 2516 corruptio,
430 2459 491 2517 post
515 2465 651 2518 aquarum
676 2458 704 2501 et
725 2458 831 2514 terrae,
856 2466 920 2500 mox
944 2452 1071 2503 omnium
1089 2453 1194 2504 anima·

156 2516 234 2567 lium.
282 2516 441 2567 Notandum
473 2534 556 2581 sane,
585 2519 710 2587 Apolline
742 2519 846 2570 offenso
870 2519 1057 2589 pestilentium
1082 2522 1194 2588 semper

158 2583 261 2636 creari:
285 2585 460 2651 quodetiam
477 2588 614 2636 Homerus
631 2586 763 2651 ostendit,
787 2603 852 2636 cum
876 2602 941 2638 eum
958 2597 1100 2641 armatum
1117 2590 1194 2642 indu·

158 2652 196 2703 clt
211 2652 324 2719 sagittis.
359 2653 413 2720 [Sic
430 2656 523 2706 diceus
541 2654 579 2716 (ll.
598 2674 631 2721 α,
649 2659 719 2713 dal:
747 2649 809 2715 Τόξ’
826 2651 939 2725 ὤμοισιν
964 2658 1047 2723 ἔχων,
1073 2654 1194 2728 οἷμφιρι-

159 2727 210 2789 φέα
234 2738 263 2772 rs
288 2724 433 2787 φαρέτρην.
464 2719 620 2790 ’Ἕκλαγξαν
645 2720 668 2778 δ’
693 2718 736 2792 ἄρ’
760 2719 844 2777 ὀϊστοὶ
870 2722 913 2778 ἐπ’
930 2722 1012 2780 ὠάιον
1036 2733 1193 2798 χωομένοιο,

158 2786 252 2846 Airai
274 2792 460 2858 κινηθέντοο]
501 2793 580 2847 Unde
604 2802 631 2847 ct
654 2794 749 2863 Apollo
773 2795 887 2847 dicitur..
903 2780 1056 2849 secimdum
1089 2799 1127 2851 ali
1147 2811 1194 2849 uos

113 2882 120 2896 ⁴
158 2855 212 2912 sind
231 2855 280 2910 τοῦ
297 2855 446 2913 ἀπολλύειν.
483 2861 587 2916 Contra
604 2865 627 2914 si
651 2865 786 2914 citharam
804 2870 912 2930 teuent,
936 2866 1011 2917 mitis
1029 2874 1078 2918 est.
1141 2867 1194 2919 nde

157 2928 287 2981 Horatius
305 2930 410 2994 (Carni.
431 2931 487 2984 Sec.
505 2932 573 2994 33‚):
598 2932 715 2985 Condito
742 2934 819 2982 mitis
843 2935 1028 3002 placidusque
1054 2936 1107 2988 telo
1127 2934 1195 3004 Sup-

158 2999 245 3066 plices
263 2999 334 3047 audi
350 3016 452 3064 pueros
469 3000 575 3068 Apollo.
610 3000 786 3069 [Miseranda
795 3026 804 3064 ‚·
823 3004 1009 3070 metonymia,
1026 3020 1098 3074 quae
1115 3006 1195 3057 mise·

157 3066 246 3117 reuda
263 3065 336 3118 facit.
352 3096 382 3104 -
419 3076 478 3127 139.
496 3071 703 3136 Arboribusque
722 3071 846 3136 satisque
865 3072 941 3137 lues3
960 3073 1075 3143 quidam
1093 3074 1195 3140 dicunt,

158 3134 271 3187 diversis
288 3138 448 3191 numinibus
465 3139 506 3189 vei
522 3139 592 3190 bene
605 3137 647 3188 vel
664 3137 736 3189 male
750 3139 871 3190 faciendi
884 3148 1052 3209 potestatem
1065 3143 1195 3207 dicatam,

159 3211 190 3256 ut
207 3204 308 3256 Veneri
324 3207 467 3273 coniugia,
492 3206 586 3259 Cereri
602 3207 735 3271 divortia,
759 3207 856 3258 lunoni
881 3211 1109 3279 procreationem
1126 3211 1196 3263 libe·

159 3288 269 3325 rorum:
284 3274 472 3327 sterilitatem
500 3275 617 3340 horum,
647 3284 705 3327 tam
730 3275 845 3326 Saturno
870 3295 955 3344 quam
978 3278 1092 3345 Lunae,
1122 3279 1194 3332 hane

160 3343 236 3393 euim
252 3342 322 3392 sicut
339 3343 487 3395 Saturnum
505 3344 620 3396 orbandi
644 3352 809 3415 potestatem
833 3345 1011 3410 habere.]‘-
1046 3353 1108 3406 140.
1125 3346 1195 3399 Liu-

160 3411 281 3478 quebant
306 3411 399 3462 dulces
426 3413 555 3479 uuimas3
581 3414 649 3465 itcm
674 3414 740 3465 alibi
766 3417 806 3478 (4,
824 3414 912 3475 385·):
940 3414 1057 3466 Etcum
1076 3417 1193 3486 frigida

112 3496 115 3501 ·
161 3495 236 3529 mors
254 3481 351 3529 uuimu
371 3482 620 3533 seduxeritartus.
656 3482 748 3550 Quare
765 3482 859 3534 anime
876 3483 977 3535 dicitur
1003 3487 1144 3555 relinqui,
1166 3491 1194 3538 et

159 3561 215 3599 uon
233 3548 321 3614 magis
341 3548 519 3616 relinquere?
555 3550 712 3603 Secundum
730 3566 775 3603 eos
793 3551 911 3620 scilicet,
935 3554 982 3622 qui
1000 3555 1112 3620 dicunt,
1136 3553 1194 3608 aui·
1217 3590 1222 3597 -

159 3630 237 3668 mam
260 3631 318 3668 esse
341 3627 520 3687 perpetuam:
547 3626 575 3671 et
598 3618 633 3670 ud
655 3619 761 3673 diversa
778 3634 896 3690 corpora
918 3624 1067 3674 transitum
1084 3620 1193 3678 faceret

159 3683 234 3753 quod
258 3683 280 3733 si
305 3693 360 3748 est,
392 3688 463 3740 bene
486 3687 605 3739 dicimur
630 3688 675 3754 (al.
699 3688 828 3750 dicimus)
854 3705 904 3740 nos
928 3690 1036 3743 animas
1060 3693 1194 3760 linquere,

158 3767 278 3870 auorum
296 3754 366 3806 nihil
383 3763 492 3824 praeter
518 3771 618 3826 corpus
637 3764 684 3808 est.
719 3758 791 3808 Num
815 3757 908 3809 anima
931 3761 1125 3829 perpetuitatis
1147 3767 1194 3812 est.

183 3820 237 3872 nde
253 3821 395 3873 Palinurus
411 3825 439 3876 in
457 3832 531 3876 sexto
549 3823 644 3888 (wele
671 3824 754 3875 Nunc
774 3843 813 3874 me
835 3827 944 3894 fluctus
962 3828 1059 3879 habet:
1083 3830 1138 3881 hoc
1155 3835 1195 3881 ost

159 3903 274 3957 corpus,
298 3892 369 3957 quod
395 3892 485 3943 solum
509 3908 604 3947 meum
629 3902 674 3954 est.
713 3897 776 3962 [Aut
793 3904 868 3948 certe
893 3896 1057 3967 simpliciter
1081 3900 1194 3952 animas
1217 3922 1221 3933 ·

160 3976 205 4008 cos
225 3959 404 4024 linquebant,
428 3961 493 4028 quia
517 3961 699 4013 morientibus
718 3962 836 4015 maxime
861 3964 952 4016 dulces
977 3966 1113 4018 videntur.
1143 3966 1196 4017 Te·

157 4025 263 4077 sentius
282 4026 403 4096 (Adelph.
423 4037 487 4095 3,5,
500 4029 700 4093 5.):‘.Animam
722 4034 879 4098 relinquam
897 4036 1095 4102 potiusquam
1116 4037 1195 4088 illam
