2454 4500
1219 228 1224 269 l

1219 288 1224 309 t

18 326 31 359 ,Ι
73 303 75 310 1
122 313 124 319 ·
152 270 218 335 466
415 262 557 325 sautu
578 259 944 326 COMMENTARIUS-

159 466 212 526 pro
227 450 344 507 numine
359 447 470 502 habitus
487 455 537 501 est.
568 446 696 516 Denique
719 455 827 500 ers-ast
848 446 882 501 ei
899 448 1029 502 maxima
1045 449 1181 514 constitute,
1222 468 1226 495 ι

160 521 235 592 qrrod
251 519 366 585 Herculi
381 518 531 586 Delphicus
547 517 642 584 Apollo
664 517 789 568 initalia
811 518 874 569 iore
896 519 1088 586 praedixerat.
1125 519 1182 571 eum

159 605 228 658 ergo
244 589 279 640 de
296 603 349 639 suo.
359 595 487 640 armento
504 585 540 637 ad
556 602 605 645 sua
621 585 755 637 sacrificia
771 586 854 637 boves
866 585 995 652 dedisset,
1013 587 1120 640 inventi
1134 597 1183 640 suut

121 706 124 711 ,
160 657 216 711 duo
233 673 326 722 senes,
349 656 403 726 [vel
419 663 451 706 ut
467 655 580 725 quidam
596 654 780 722 tradunsfab
797 655 930 707 Euandro
947 656 1036 722 dati,]
1061 657 1183 708 Pinarius

160 734 191 782 et
208 725 344 777 Potitinss
368 723 482 794 quibus,
504 723 624 793 qualiter
647 740 676 774 se
693 723 748 774 coli
765 722 862 790 vellet,
885 724 1024 776 ostendit:
1048 726 1185 778 scilicetut

160 810 244 850 mane
263 803 290 846 et
307 810 419 863 vespere
436 792 465 844 ei
481 791 691 851 sacrificaretur.
724 793 848 844 Perfecto
872 792 968 860 itaque
992 795 1135 846 matutino
1155 813 1186 846 sa-

32 866 36 875 “
107 917 109 921 ,
159 858 263 916 'orificio
280 878 346 913 eum
362 861 437 912 circa
454 860 517 911 solis
533 876 661 911 occasum
679 867 768 912 essent
783 876 862 913 sacra
878 863 1053 930 repetenda,
1077 862 1185 914 Potitius

180 933 238 984 rior
255 929 377 995 advenit,
402 928 539 980 Pinarius
557 937 667 996 postea,
689 931 755 981 extis
778 929 837 981 iam
853 931 979 982 redditis.
1018 931 1102 984 Unde
1117 936 1186 984 irata

159 951 292 1057 lineales
315 997 424 1061 statuit,
448 1006 479 1048 ut
502 997 685 1050 Pinariorum
708 997 814 1049 familia
836 1006 947 1061 tantum
973 999 1109 1052 ministra
1131 1009 1186 1053 esset
1218 1055 1220 1058 Α

160 1068 334 1138 epulantibus
359 1066 470 1117 Potitiis
502 1074 531 1119 et
558 1067 760 1136 complentibus
787 1084 873 1120 sacra.
924 1068 1008 1119 Unde
1033 1076 1064 1120 et
1089 1069 1186 1122 Pinarii

161 1138 227 1190 dicti
245 1145 322 1201 suut,
344 1129 399 1189 ἆιιὸ
416 1131 465 1202 τῆς
480 1139 587 1197 ursinos,
612 1136 630 1186 i.
650 1154 673 1188 e.
690 1151 707 1184 a
728 1130 811 1189 ferde.
845 1136 919 1189 N‘m
935 1152 1039 1187 senem
1056 1137 1137 1190 illum
1151 1139 1185 1191 Pi·

161 1208 278 1259 norium
296 1212 404 1256 constat
425 1205 480 1255 alio
502 1205 616 1257 nomine
639 1201 836 1270 mrhcupatum.
871 1205 943 1258 Hinc
963 1214 1009 1256 est
1025 1208 1186 1276 quod-paulo
1214 1198 1219 1219 ’

160 1282 222 1347 post
239 1274 338 1326 Potitii
353 1281 463 1324 tantum
484 1273 553 1325 iacit
568 1273 872 1325 commemorationem.
906 1273 942 1324 Ut
959 1277 1132 1342 primusque
1148 1266 1196 1328 Po'

20 1382 31 1393 .
116 1396 120 1407 ,
159 1345 244 1396 titius
259 1336 329 1394 ibat.
363 1341 444 1410 Quod
466 1343 656 1393 autemdicit:
679 1341 790 1393 Domus
806 1341 941 1393 Herculei
960 1356 1065 1396 custos
1084 1344 1184 1397 Pinario

78 1424 80 1429 “
160 1413 254 1478 seori,
274 1429 330 1463 non
348 1420 390 1463 est
405 1409 603 1473 contrarium¹
618 1426 686 1463 nam
704 1423 798 1462 custos
814 1417 856 1463 est
879 1410 1030 1477 ministra,¹
1055 1414 1132 1466 utin
1149 1432 1185 1466 rn-
1205 1442 1207 1447 ·

159 1478 268 1534 decimo
286 1479 381 1546 (836.):
405 1479 441 1529 At
459 1479 575 1531 Triviae
592 1493 687 1532 custos
705 1483 763 1531 iam
781 1480 888 1534 dudum
906 1480 937 1528 in
958 1484 1111 1534 montibus
1128 1484 1184 1552 Opis

153 1551 223 1603 *lita
247 1551 336 1614 sedet,
359 1546 428 1603 iste·
451 1549 587 1600 ministra.
634 1548 705 1617 [Alii
728 1560 822 1599 custos
846 1547 968 1598 Pinaria
992 1553 1080 1602 sacri
1101 1553 1185 1618 dicum

84 1646 87 1653 =
160 1619 234 1688 quod
251 1616 320 1669 cum¹
333 1634 386 1668 ora
405 1620 530 1668 monimo
553 1617 644 1669 vicino
665 1618 794 1670 incendio
817 1616 1030 1683 conflagraret,
1052 1637 1072 1673 a
1087 1622 1185 1673 Pinariis

81 1740 85 1747 ,
159 1688 278 1742 liberata
300 1687 347 1750 sit,
370 1691 399 1738 et
420 1685 484 1737 ideo
508 1698 602 1738 custos
621 1689 705 1737 sacri.
740 1687 845 1737 Auctor
867 1701 931 1737 vero
950 1685 1084 1740 Potitius
1100 1689 1186 1760 muare?

160 1772 230 1809 num
246 1755 320 1824 quod
342 1754 402 1806 sine
424 1753 532 1807 familia
548 1755 719 1806 Potitiorum«
734 1772 812 1807 sacra
835 1754 887 1805 ista
910 1770 970 1806 non
986 1756 1101 1810 fiebant
1116 1760 1186 1811 dones

158 1824 221 1877 illos
244 1825 345 1893 Appius
369 1821 479 1874 Clodius
503 1825 630 1890 corrupit
655 1824 788 1894 pecunia,
818 1829 850 1872 ut
878 1838 971 1874 servos
995 1827 1129 1894 publicos
1149 1829 1186 1882 hos

161 1907 270 1944 sacrrrrn
288 1893 435 1956 docerent,
451 1901 566 1959 propter
582 1892 656 1960 quod
673 1892 773 1943 dicitur
790 1899 819 1944 et
834 1891 893 1960 ipse
909 1908 976 1943 mox
994 1911 1102 1948 caecus
1117 1899 1187 1951 iactu

160 1969 190 2016 et
206 1960 372 2013 Potitiorum
388 1960 493 2013 familia
516 1960 590 2012 intra
613 1960 698 2013 breve
714 1967 825 2030 tempus
841 1960 969 2013 extincta.
1005 1962 1135 2032 Quidam
1146 1975 1187 2018 trr-

161 2032 231 2080 dunt
246 2031 309 2082 ideo
327 2040 438 2094 custos,
461 2029 535 2098 quod
551 2028 646 2081 Potitii
667 2046 746 2082 sacra
769 2028 879 2098 publica
896 2031 982 2081 servis
999 2034 1127 2098 puhlicis
1141 2049 1187 2106 pro

147 2097 299 2165 odiderint,
319 2105 351 2149 et
373 2099 496 2166 quamvis
518 2099 643 2150 tradatur
666 2112 714 2149 eos
737 2099 801 2150 ideo
827 2097 863 2150 ad
886 2114 966 2149 sacra
991 2099 1126 2154 Herculis
1147 2119 1187 2156 nor

160 2167 286 2231 admitti,
311 2169 384 2234 quod
400 2168 486 2218 serius
502 2169 645 2233 venerint,
668 2176 695 2218 et
710 2167 772 2218 ideo
787 2174 893 2231 custos,
911 2168 1055 2234 quoniam
1074 2190 1128 2223 nec
1142 2189 1188 2242 pro

163 2236 246 2287 dendi
268 2235 416 2286 habuerint
438 2236 613 2300 facultatem,
644 2243 672 2287 et
698 2236 729 2287 id
752 2236 829 2304 quasi
857 2235 988 2301 religiose
1013 2239 1129 2291 dictum
1154 2250 1188 2303 est,

161 2304 235 2379 quod
264 2303 438 2368 ignorantiae
462 2313 572 2355 eventus
602 2304 744 2368 attulerat,
774 2313 869 2356 tamen
897 2305 1006 2356 habent
1035 2310 1188 2362 Ciceronem

161 2380 304 2423 auctorem
322 2371 369 2440 qui
393 2374 422 2422 in
438 2373 481 2423 De
500 2374 582 2423 donro
607 2389 670 2436 sua,
690 2374 832 2426 Pinarium
849 2373 966 2424 Nattam
991 2379 1142 2444 appellans
1161 2381 1188 2430 sic

160 2440 228 2492 dicit
245 2441 319 2505 (52.):
344 2439 433 2505 Quem
456 2454 623 2508 egotamcn
649 2444 743 2505 credo,
767 2445 795 2492 si
819 2454 859 2491 est
876 2455 957 2493 ortus
984 2446 1021 2493 ob
1053 2449 1116 2498 illis
1134 2464 1187 2514 quor

161 2512 311 2560 memoriae
338 2511 481 2575 proditum
513 2523 553 2561 est
578 2513 612 2561 ab
644 2513 705 2576 ipso
730 2509 850 2561 Hercule
874 2511 1028 2578 perfuncto
1057 2517 1188 2569 laboribus

161 2595 244 2628 sacra
263 2578 404 2629 didicisse.
442 2579 562 2645 Quidam
580 2580 664 2631 etiam
681 2581 794 2631 tradunt
816 2580 879 2630 ideo
896 2581 1006 2630 Potitiis
1027 2585 1068 2634 ab
1088 2587 1189 2638 Hercule

160 2663 239 2698 sacra
263 2648 425 2711 commissa,
449 2649 606 2715 quodcum
630 2649 689 2715 ipse
705 2649 836 2700 Hercules
859 2665 919 2698 rem
944 2649 1079 2704 divinam
1103 2656 1189 2707 faciens

178 2732 255 2768 reces
272 2723 464 2782 praecaneret,
489 2733 556 2784 quas
573 2718 687 2768 Potitius
704 2718 809 2768 diceret
833 2733 882 2784 pro
900 2733 933 2768 eo
952 2718 1007 2768 deo
1035 2723 1085 2773 cui
1102 2726 1189 2776 Hercu-

158 2735 198 2838 ies
220 2802 282 2836 rem
305 2784 428 2835 divinam
451 2785 584 2849 faciebat,
614 2785 705 2854 ipsum
728 2786 876 2836 Herculem
897 2787 1016 2837 fortuito
1052 2791 1191 2845 invocasset

159 2853 288 2917 Potitius,
309 2854 397 2904 fertur
414 2861 481 2903 tunc
498 2855 645 2905 Herculem
662 2864 775 2921 accepto
793 2857 885 2905 omine
901 2853 1076 2924 divinitatis,
1098 2863 1190 2914 reiecto

159 2922 286 2986 Pinario,
308 2930 458 2990 perpetuae
482 2922 645 2991 epulationis
671 2939 781 2974 sacrum
797 2923 897 2972 Potitio
919 2924 1091 2996 tradidisse,
1114 2945 1189 2998 aquo

159 2990 302 3041 videbatur
333 2997 521 3055 consecratus,
551 2999 580 3042 et
612 2991 733 3042 Potitius
762 2992 830 3054 dici,
861 2992 936 3071 quod
968 3008 1079 3048 eorum
1108 3008 1189 3051 auctor

160 3060 252 3125 epulis
270 3062 362 3113 sacris
380 3061 487 3126 potitus
509 3059 558 3127 sit,
584 3059 735 3124 Pinarius,
757 3060 831 3128 quod
855 3077 910 3126 ers,
933 3060 1009 3112 sicut
1028 3066 1190 3133 dictumest,

160 3128 248 3180 fames
272 3126 418 3193 epularum
442 3143 586 3179 sacrarum
616 3129 720 3181 indicta
744 3131 793 3194 sit,
821 3127 875 3180 hoc
900 3129 977 3180 enim
1003 3134 1048 3184 eis
1073 3138 1189 3188 Hercules

158 3197 255 3248 dixisse
273 3196 373 3247 dicitur
391 3193 465 3263 ὖμεῖς
483 3193 511 3248 δὲ
528 3195 688 3262 associasse]
701 3226 735 3236 *-
769 3203 830 3254 271.
848 3197 942 3264 Luco;
960 3205 1113 3270 templum
1129 3207 1188 3257 enim

158 3267 283 3319 nondum
300 3264 436 3317 habuerat
452 3268 598 3319 Hercules:
624 3267 672 3318 sed
696 3284 777 3319 aram
794 3267 1007 3332 tantummodo,
1035 3282 1070 3323 ut
1086 3276 1188 3326 diximus

158 3351 250 3401 supra.
293 3333 440 3398 Monimo,-
463 3336 560 3402 ingens
584 3336 660 3388 enim
682 3345 724 3388 est
747 3353 795 3388 ara
811 3335 952 3400 Herculis,
975 3338 1057 3391 sicut
1079 3345 1188 3396 videmus

158 3403 240 3456 hodie
312 3406 386 3471 [post
402 3404 497 3455 ianuas
515 3405 590 3456 Circi
606 3406 728 3456 maximi.
763 3403 817 3455 Alii
833 3405 994 3456 maximam
1014 3408 1187 3474 ideodicurt,

159 3472 225 3539 quia
242 3473 250 3522 i
273 3488 287 3520 o
305 3480 434 3539 tempore
450 3473 579 3523 omnibus
596 3482 657 3525 erat
673 3475 778 3525 honore
796 3472 897 3542 potior,
913 3491 1003 3542 quam
1021 3480 1081 3530 sihi
1098 3483 1185 3534 Hercu·

156 3539 197 3592 les
213 3546 358 3609 pastoriam
382 3558 411 3592 se
435 3558 451 3593 a
473 3549 565 3593 matre
583 3544 707 3594 Euandri
723 3543 792 3592 Iovis
814 3541 902 3593 silium
919 3559 978 3595 esse
998 3555 1034 3598 et
1051 3552 1185 3602 mortalem

157 3609 449 3677 furtinum-cognovit,
475 3610 578 3661 statuit.
602 3637 637 3648 -
678 3622 740 3669 272.
767 3610 830 3661 Erit
854 3628 924 3678 quae
949 3631 1046 3677 mnx.;
1073 3617 1184 3689 repetitio

157 3677 235 3727 verbi
258 3677 292 3728 ad
313 3677 452 3730 honorem
474 3686 504 3730 et
526 3687 691 3747 potestatem
713 3682 891 3750 pertinet-
925 3691 989 3741 273.
1012 3686 1051 3735 In
1070 3703 1183 3747 manem

160 3760 217 3796 non
238 3752 298 3815 tam
321 3747 350 3797 in
375 3746 464 3797 officio
480 3764 567 3816 quam
583 3748 613 3798 in
637 3750 743 3801 honore
764 3749 812 3800 hic
828 3749 1052 3819 accipiendum]
1069 3781 1105 3794 -
1137 3759 1183 3813 274

158 3811 268 3880 Polrgits
287 3814 409 3879 destris3
432 3817 565 3884 praebete
581 3816 701 3870 invicem
718 3819 828 3886 pocula:
851 3826 881 3870 et
896 3826 938 3869 est
954 3820 1081 3876 Homeri
1133 3826 1182 3884 us

156 3881 244 3943 Geel:
262 3880 328 3936 Totis
339 3884 391 3950 μὲν
405 3879 460 3952 ἄρα
472 3888 604 3953 χρυσέοισι
617 3883 754 3940 κυπέλλοις
763 3887 817 3941 viss
829 3882 952 3950 Ἀχαιῶν
965 3884 1101 3956 (leodinus
1120 3891 1182 3946 atla

156 3953 208 4002 so
226 3946 311 4005 iilos.
347 3951 366 4004 1.
384 3972 408 4006 e.
425 3954 571 4023 propinate
588 3964 693 4008 mutuo.
730 3960 772 4008 Aa
789 3957 890 4010 divisae
907 3965 971 4009 sunt
988 3965 1181 4029 personae,ut

157 4019 386 4090 Gingiujronds
403 4037 515 4091 eomas,
531 4022 567 4077 ed
582 4025 707 4078 convivas
724 4026 878 4079 reseratur:
894 4028 1002 4093 pocula
1021 4026 1179 4101 porgite,si
1226 4063 1227 4072 ι
