<?xml version="1.0" encoding="UTF-8"?>
<!DOCTYPE html PUBLIC "-//W3C//DTD XHTML 1.0 Transitional//EN"
    "http://www.w3.org/TR/xhtml1/DTD/xhtml1-transitional.dtd">
<html xmlns="http://www.w3.org/1999/xhtml" xml:lang="en" lang="en">
 <head>
  <title>
</title>
<meta http-equiv="Content-Type" content="text/html;charset=utf-8" />
  <meta name='ocr-system' content='tesseract 3.04.00' />
  <meta name='ocr-capabilities' content='ocr_page ocr_carea ocr_par ocr_line ocrx_word'/>
</head>
<body>
  <div class='ocr_page' id='page_1' title='image "./commentariiinvi00liongoog_0035.png"; bbox 0 0 2454 4500; ppageno 0'>
   <div class='ocr_carea' id='block_1_1' title="bbox 126 252 972 373">
    <p class='ocr_par' dir='ltr' id='par_1_1' title="bbox 126 252 972 373">
     <span class='ocr_line' id='line_1_1' title="bbox 126 252 972 373; baseline -0.006 -44"><span class='ocrx_word' id='word_1_1' title='bbox 126 265 168 329; x_wconf 79' lang='lat'><strong>14</strong></span> <span class='ocrx_word' id='word_1_2' title='bbox 269 252 270 257; x_wconf 67' lang='lat'>&#39;</span> <span class='ocrx_word' id='word_1_3' title='bbox 318 296 321 301; x_wconf 91' lang='lat'><em>-</em></span> <span class='ocrx_word' id='word_1_4' title='bbox 382 257 524 322; x_wconf 80' lang='lat' dir='ltr'><strong>suavu</strong></span> <span class='ocrx_word' id='word_1_5' title='bbox 548 260 900 373; x_wconf 70' lang='lat' dir='ltr'><strong>consummatus</strong></span> <span class='ocrx_word' id='word_1_6' title='bbox 968 336 972 344; x_wconf 45' lang='grc'><strong>,</strong></span> 
     </span>
    </p>
   </div>
   <div class='ocr_carea' id='block_1_2' title="bbox 59 438 1188 3748">
    <p class='ocr_par' dir='ltr' id='par_1_2' title="bbox 59 438 1188 3748">
     <span class='ocr_line' id='line_1_2' title="bbox 122 438 1188 530; baseline 0.011 -34"><span class='ocrx_word' id='word_1_7' title='bbox 122 442 269 496; x_wconf 84' lang='lat' dir='ltr'><strong>ascribere.</strong></span> <span class='ocrx_word' id='word_1_8' title='bbox 303 440 352 495; x_wconf 85' lang='lat' dir='ltr'><strong>Est</strong></span> <span class='ocrx_word' id='word_1_9' title='bbox 376 451 404 497; x_wconf 85' lang='lat' dir='ltr'><strong>et</strong></span> <span class='ocrx_word' id='word_1_10' title='bbox 426 443 496 498; x_wconf 87' lang='lat' dir='ltr'><strong>alter</strong></span> <span class='ocrx_word' id='word_1_11' title='bbox 520 461 629 500; x_wconf 81' lang='lat' dir='ltr'><strong>sensus:</strong></span> <span class='ocrx_word' id='word_1_12' title='bbox 651 444 719 502; x_wconf 80' lang='lat' dir='ltr'><strong>nam</strong></span> <span class='ocrx_word' id='word_1_13' title='bbox 728 447 829 530; x_wconf 69' lang='lat' dir='ltr'><strong>jutum</strong></span> <span class='ocrx_word' id='word_1_14' title='bbox 847 449 1017 512; x_wconf 59' lang='lat' dir='ltr'><strong>voluntatem</strong></span> <span class='ocrx_word' id='word_1_15' title='bbox 1033 451 1160 520; x_wconf 75' lang='lat' dir='ltr'><strong>legimns.</strong></span> <span class='ocrx_word' id='word_1_16' title='bbox 1186 438 1188 443; x_wconf 34' lang='lat'><strong><em>¹</em></strong></span> 
     </span>
     <span class='ocr_line' id='line_1_3' title="bbox 122 511 1188 587; baseline 0.012 -24"><span class='ocrx_word' id='word_1_17' title='bbox 122 513 160 564; x_wconf 90' lang='lat' dir='ltr'><strong>Ut</strong></span> <span class='ocrx_word' id='word_1_18' title='bbox 176 517 218 578; x_wconf 84' lang='grc'><strong>(8,</strong></span> <span class='ocrx_word' id='word_1_19' title='bbox 234 511 320 574; x_wconf 77' lang='grc'><strong>292.);</strong></span> <span class='ocrx_word' id='word_1_20' title='bbox 331 512 408 582; x_wconf 80' lang='lat' dir='ltr'><strong>fatis</strong></span> <span class='ocrx_word' id='word_1_21' title='bbox 426 513 548 566; x_wconf 84' lang='lat' dir='ltr'><strong>lunonis</strong></span> <span class='ocrx_word' id='word_1_22' title='bbox 566 518 702 584; x_wconf 82' lang='lat' dir='ltr'><em>iniquae,</em></span> <span class='ocrx_word' id='word_1_23' title='bbox 726 519 756 571; x_wconf 80' lang='lat' dir='ltr'><strong>sd</strong></span> <span class='ocrx_word' id='word_1_24' title='bbox 770 527 813 571; x_wconf 89' lang='lat' dir='ltr'><strong>est</strong></span> <span class='ocrx_word' id='word_1_25' title='bbox 826 518 983 587; x_wconf 79' lang='lat' dir='ltr'><strong>vobmtate,</strong></span> <span class='ocrx_word' id='word_1_26' title='bbox 1007 528 1039 574; x_wconf 88' lang='lat' dir='ltr'><strong>ut</strong></span> <span class='ocrx_word' id='word_1_27' title='bbox 1055 522 1104 575; x_wconf 87' lang='lat' dir='ltr'><strong>hic</strong></span> <span class='ocrx_word' id='word_1_28' title='bbox 1118 521 1160 575; x_wconf 85' lang='lat' dir='ltr'><strong>iu·</strong></span> <span class='ocrx_word' id='word_1_29' title='bbox 1185 530 1188 557; x_wconf 76' lang='lat'><strong>²</strong></span> 
     </span>
     <span class='ocr_line' id='line_1_4' title="bbox 89 581 1188 658; baseline 0.009 -25"><span class='ocrx_word' id='word_1_30' title='bbox 89 610 91 617; x_wconf 95' lang='lat'><em>·</em></span> <span class='ocrx_word' id='word_1_31' title='bbox 115 581 291 649; x_wconf 50' lang='lat' dir='ltr'><strong>*telligamuu</strong></span> <span class='ocrx_word' id='word_1_32' title='bbox 313 583 468 655; x_wconf 78' lang='lat' dir='ltr'>agebantur</span> <span class='ocrx_word' id='word_1_33' title='bbox 490 583 554 634; x_wconf 81' lang='lat' dir='ltr'><strong>fatis</strong></span> <span class='ocrx_word' id='word_1_34' title='bbox 576 585 702 652; x_wconf 88' lang='lat' dir='ltr'><strong>Iunonis,</strong></span> <span class='ocrx_word' id='word_1_35' title='bbox 725 587 744 640; x_wconf 90' lang='lat' dir='ltr'><strong>i.</strong></span> <span class='ocrx_word' id='word_1_36' title='bbox 762 604 790 641; x_wconf 81' lang='lat' dir='ltr'><strong>a.</strong></span> <span class='ocrx_word' id='word_1_37' title='bbox 814 587 959 641; x_wconf 83' lang='lat' dir='ltr'><strong>voluntate.</strong></span> <span class='ocrx_word' id='word_1_38' title='bbox 993 588 1064 658; x_wconf 85' lang='lat' dir='ltr'><strong>[Vel</strong></span> <span class='ocrx_word' id='word_1_39' title='bbox 1101 592 1158 642; x_wconf 82' lang='lat' dir='ltr'><strong>atis</strong></span> <span class='ocrx_word' id='word_1_40' title='bbox 1184 600 1188 643; x_wconf 90' lang='lat'><strong>.&#39;</strong></span> 
     </span>
     <span class='ocr_line' id='line_1_5' title="bbox 122 650 1188 726; baseline 0.01 -27"><span class='ocrx_word' id='word_1_41' title='bbox 122 667 173 722; x_wconf 88' lang='lat' dir='ltr'><strong>pro</strong></span> <span class='ocrx_word' id='word_1_42' title='bbox 198 650 293 716; x_wconf 87' lang='lat' dir='ltr'><strong>malis,</strong></span> <span class='ocrx_word' id='word_1_43' title='bbox 318 658 349 701; x_wconf 93' lang='lat' dir='ltr'><strong>ut</strong></span> <span class='ocrx_word' id='word_1_44' title='bbox 372 655 422 718; x_wconf 83' lang='lat'><strong>(3,</strong></span> <span class='ocrx_word' id='word_1_45' title='bbox 447 653 532 713; x_wconf 78' lang='grc'><strong>182.);</strong></span> <span class='ocrx_word' id='word_1_46' title='bbox 556 651 629 704; x_wconf 84' lang='lat' dir='ltr'><strong>Nata</strong></span> <span class='ocrx_word' id='word_1_47' title='bbox 654 654 756 707; x_wconf 81' lang='lat' dir='ltr'><em>Iliacis</em></span> <span class='ocrx_word' id='word_1_48' title='bbox 780 658 897 708; x_wconf 66' lang='lat' dir='ltr'><strong>exercita</strong></span> <span class='ocrx_word' id='word_1_49' title='bbox 915 655 1023 726; x_wconf 76' lang='lat' dir='ltr'><strong>fatis]</strong></span> <span class='ocrx_word' id='word_1_50' title='bbox 1114 661 1158 713; x_wconf 77' lang='lat' dir='ltr'><strong>rie</strong></span> <span class='ocrx_word' id='word_1_51' title='bbox 1185 656 1188 665; x_wconf 90' lang='lat'>&#39;</span> 
     </span>
     <span class='ocr_line' id='line_1_6' title="bbox 123 719 1157 794; baseline 0.011 -23"><span class='ocrx_word' id='word_1_52' title='bbox 123 722 220 771; x_wconf 81' lang='lat' dir='ltr'><strong>amnia</strong></span> <span class='ocrx_word' id='word_1_53' title='bbox 238 722 360 781; x_wconf 80' lang='lat' dir='ltr'><strong>eircum3</strong></span> <span class='ocrx_word' id='word_1_54' title='bbox 382 719 412 772; x_wconf 91' lang='lat' dir='ltr'><strong>in</strong></span> <span class='ocrx_word' id='word_1_55' title='bbox 433 719 491 772; x_wconf 78' lang='lat' dir='ltr'><strong>ime</strong></span> <span class='ocrx_word' id='word_1_56' title='bbox 513 729 658 775; x_wconf 85' lang='lat' dir='ltr'><strong>accentum</strong></span> <span class='ocrx_word' id='word_1_57' title='bbox 681 723 810 794; x_wconf 87' lang='lat' dir='ltr'><strong>ponimus</strong></span> <span class='ocrx_word' id='word_1_58' title='bbox 832 732 931 779; x_wconf 85' lang='lat' dir='ltr'><strong>contra</strong></span> <span class='ocrx_word' id='word_1_59' title='bbox 954 741 1066 783; x_wconf 83' lang='lat' dir='ltr'><strong>morem</strong></span> <span class='ocrx_word' id='word_1_60' title='bbox 1082 726 1157 781; x_wconf 71' lang='lat' dir='ltr'><strong>Lett-</strong></span> 
     </span>
     <span class='ocr_line' id='line_1_7' title="bbox 120 788 1156 868; baseline 0.008 -28"><span class='ocrx_word' id='word_1_61' title='bbox 120 803 204 841; x_wconf 88' lang='lat' dir='ltr'><strong>mun:</strong></span> <span class='ocrx_word' id='word_1_62' title='bbox 233 789 281 840; x_wconf 89' lang='lat' dir='ltr'><strong>sed</strong></span> <span class='ocrx_word' id='word_1_63' title='bbox 303 788 444 860; x_wconf 87' lang='lat' dir='ltr'>corruptio</span> <span class='ocrx_word' id='word_1_64' title='bbox 467 788 534 843; x_wconf 86' lang='lat' dir='ltr'><strong>hoe¹</strong></span> <span class='ocrx_word' id='word_1_65' title='bbox 548 791 616 845; x_wconf 84' lang='lat' dir='ltr'><strong>facit</strong></span> <span class='ocrx_word' id='word_1_66' title='bbox 662 792 790 861; x_wconf 79' lang='lat' dir='ltr'>Namque</span> <span class='ocrx_word' id='word_1_67' title='bbox 807 794 976 865; x_wconf 78' lang='lat' dir='ltr'><strong>praepositio</strong></span> <span class='ocrx_word' id='word_1_68' title='bbox 1035 796 1156 868; x_wconf 60' lang='lat' dir='ltr'><strong>seposita,</strong></span> 
     </span>
     <span class='ocr_line' id='line_1_8' title="bbox 120 810 1155 939; baseline 0.008 -31"><span class='ocrx_word' id='word_1_69' title='bbox 120 864 252 939; x_wconf 84' lang='lat' dir='ltr'><strong>corrupta</strong></span> <span class='ocrx_word' id='word_1_70' title='bbox 268 857 378 925; x_wconf 83' lang='lat' dir='ltr'><strong>(Burm.</strong></span> <span class='ocrx_word' id='word_1_71' title='bbox 397 860 532 925; x_wconf 83' lang='lat' dir='ltr'><strong>correpta)</strong></span> <span class='ocrx_word' id='word_1_72' title='bbox 555 866 596 911; x_wconf 80' lang='lat' dir='ltr'><strong>est</strong></span> <span class='ocrx_word' id='word_1_73' title='bbox 618 861 678 915; x_wconf 85' lang='lat' dir='ltr'><strong>sine</strong></span> <span class='ocrx_word' id='word_1_74' title='bbox 693 861 791 914; x_wconf 77' lang='lat' dir='ltr'><strong>&#39;dubio</strong></span> <span class='ocrx_word' id='word_1_75' title='bbox 819 888 854 901; x_wconf 90' lang='lat'>-</span> <span class='ocrx_word' id='word_1_76' title='bbox 888 869 933 920; x_wconf 83' lang='lat'><strong>33.</strong></span> <span class='ocrx_word' id='word_1_77' title='bbox 949 810 1056 930; x_wconf 64' lang='lat' dir='ltr'><strong>Mald;</strong></span> <span class='ocrx_word' id='word_1_78' title='bbox 1086 863 1155 921; x_wconf 79' lang='lat' dir='ltr'><strong>diffi-</strong></span> 
     </span>
     <span class='ocr_line' id='line_1_9' title="bbox 120 926 1152 998; baseline 0.007 -21"><span class='ocrx_word' id='word_1_79' title='bbox 120 926 237 978; x_wconf 78' lang='lat' dir='ltr'><strong>erdtatrs.</strong></span> <span class='ocrx_word' id='word_1_80' title='bbox 268 927 494 994; x_wconf 80' lang='lat' dir='ltr'><strong>Insequentibus</strong></span> <span class='ocrx_word' id='word_1_81' title='bbox 517 928 630 998; x_wconf 85' lang='lat' dir='ltr'><strong>proprie</strong></span> <span class='ocrx_word' id='word_1_82' title='bbox 646 929 742 996; x_wconf 60' lang='lat' dir='ltr'><strong>(wilt</strong></span> <span class='ocrx_word' id='word_1_83' title='bbox 764 928 892 984; x_wconf 79' lang='lat' dir='ltr'><strong>Miratur</strong></span> <span class='ocrx_word' id='word_1_84' title='bbox 916 933 1016 984; x_wconf 82' lang='lat' dir='ltr'><strong>molem</strong></span> <span class='ocrx_word' id='word_1_85' title='bbox 1033 933 1152 997; x_wconf 79' lang='lat' dir='ltr'><strong>Aeneas,</strong></span> 
     </span>
     <span class='ocr_line' id='line_1_10' title="bbox 121 995 1153 1066; baseline 0.012 -22"><span class='ocrx_word' id='word_1_86' title='bbox 121 998 248 1063; x_wconf 81' lang='lat' dir='ltr'><strong>magalia</strong></span> <span class='ocrx_word' id='word_1_87' title='bbox 266 995 416 1063; x_wconf 84' lang='lat' dir='ltr'><strong>quondam.</strong></span> <span class='ocrx_word' id='word_1_88' title='bbox 451 995 611 1049; x_wconf 72' lang='lat' dir='ltr'><strong>Romanam</strong></span> <span class='ocrx_word' id='word_1_89' title='bbox 637 1000 754 1051; x_wconf 82' lang='lat' dir='ltr'><strong>condere</strong></span> <span class='ocrx_word' id='word_1_90' title='bbox 777 1012 900 1066; x_wconf 77' lang='lat' dir='ltr'><strong>gentem3</strong></span> <span class='ocrx_word' id='word_1_91' title='bbox 922 995 1042 1058; x_wconf 82' lang='lat' dir='ltr'><strong>latente&#39;r</strong></span> <span class='ocrx_word' id='word_1_92' title='bbox 1063 1009 1153 1056; x_wconf 81' lang='lat' dir='ltr'><strong>osteu-</strong></span> 
     </span>
     <span class='ocr_line' id='line_1_11' title="bbox 120 1063 1188 1138; baseline 0.007 -21"><span class='ocrx_word' id='word_1_93' title='bbox 120 1063 161 1117; x_wconf 88' lang='lat' dir='ltr'><strong>dit</strong></span> <span class='ocrx_word' id='word_1_94' title='bbox 177 1065 241 1117; x_wconf 87' lang='lat' dir='ltr'><strong>binc</strong></span> <span class='ocrx_word' id='word_1_95' title='bbox 259 1064 354 1115; x_wconf 92' lang='lat' dir='ltr'><strong>odium</strong></span> <span class='ocrx_word' id='word_1_96' title='bbox 370 1064 481 1135; x_wconf 71' lang='lat' dir='ltr'><strong>bruonis</strong></span> <span class='ocrx_word' id='word_1_97' title='bbox 498 1067 621 1118; x_wconf 80' lang='lat' dir='ltr'>Aeneam</span> <span class='ocrx_word' id='word_1_98' title='bbox 643 1067 803 1137; x_wconf 81' lang='lat' dir='ltr'><strong>pertulisse,</strong></span> <span class='ocrx_word' id='word_1_99' title='bbox 826 1069 900 1138; x_wconf 80' lang='lat' dir='ltr'><strong>quod</strong></span> <span class='ocrx_word' id='word_1_100' title='bbox 916 1069 1063 1122; x_wconf 86' lang='lat' dir='ltr'><strong>Romanae</strong></span> <span class='ocrx_word' id='word_1_101' title='bbox 1086 1074 1152 1138; x_wconf 74' lang='lat' dir='ltr'><strong>gen·</strong></span> <span class='ocrx_word' id='word_1_102' title='bbox 1184 1106 1188 1115; x_wconf 89' lang='lat'>·</span> 
     </span>
     <span class='ocr_line' id='line_1_12' title="bbox 116 1132 1172 1204; baseline 0.007 -19"><span class='ocrx_word' id='word_1_103' title='bbox 116 1135 154 1203; x_wconf 62' lang='lat' dir='ltr'><strong>,tis</strong></span> <span class='ocrx_word' id='word_1_104' title='bbox 172 1141 268 1186; x_wconf 82' lang='lat' dir='ltr'><strong>auctor</strong></span> <span class='ocrx_word' id='word_1_105' title='bbox 285 1132 418 1185; x_wconf 81' lang='lat' dir='ltr'><strong>existebat</strong></span> <span class='ocrx_word' id='word_1_106' title='bbox 434 1135 523 1201; x_wconf 84' lang='lat' dir='ltr'><strong>(codd.</strong></span> <span class='ocrx_word' id='word_1_107' title='bbox 540 1135 687 1200; x_wconf 76' lang='lat' dir='ltr'><strong>exstabat).</strong></span> <span class='ocrx_word' id='word_1_108' title='bbox 704 1163 739 1174; x_wconf 92' lang='lat'><em>-</em></span> <span class='ocrx_word' id='word_1_109' title='bbox 766 1140 818 1195; x_wconf 53' lang='lat'><strong>²34„</strong></span> <span class='ocrx_word' id='word_1_110' title='bbox 840 1137 912 1204; x_wconf 52' lang='grc' dir='ltr'><strong>γῆς</strong></span> <span class='ocrx_word' id='word_1_111' title='bbox 929 1138 1064 1191; x_wconf 82' lang='lat' dir='ltr'><strong>hocloco</strong></span> <span class='ocrx_word' id='word_1_112' title='bbox 1087 1134 1172 1191; x_wconf 52' lang='lat' dir='ltr'><strong>mox⁸</strong></span> 
     </span>
     <span class='ocr_line' id='line_1_13' title="bbox 118 1202 1152 1288; baseline 0.006 -35"><span class='ocrx_word' id='word_1_113' title='bbox 118 1203 256 1270; x_wconf 78' lang='lat' dir='ltr'><strong>significat</strong></span> <span class='ocrx_word' id='word_1_114' title='bbox 277 1202 320 1254; x_wconf 83' lang='lat' dir='ltr'><strong>vel</strong></span> <span class='ocrx_word' id='word_1_115' title='bbox 335 1202 446 1270; x_wconf 47' lang='lat' dir='ltr'><strong>statim„</strong></span> <span class='ocrx_word' id='word_1_116' title='bbox 471 1203 495 1251; x_wconf 83' lang='lat' dir='ltr'>E</span> <span class='ocrx_word' id='word_1_117' title='bbox 518 1217 682 1271; x_wconf 78' lang='lat' dir='ltr'><strong>conspectu3</strong></span> <span class='ocrx_word' id='word_1_118' title='bbox 706 1212 739 1255; x_wconf 86' lang='lat' dir='ltr'><strong>ut</strong></span> <span class='ocrx_word' id='word_1_119' title='bbox 760 1205 851 1257; x_wconf 88' lang='lat' dir='ltr'><strong>adhuc</strong></span> <span class='ocrx_word' id='word_1_120' title='bbox 874 1206 910 1258; x_wconf 84' lang='lat' dir='ltr'><strong>de</strong></span> <span class='ocrx_word' id='word_1_121' title='bbox 931 1205 1024 1259; x_wconf 79' lang='lat' dir='ltr'><strong>Sicilia</strong></span> <span class='ocrx_word' id='word_1_122' title='bbox 1046 1206 1152 1288; x_wconf 79' lang='lat' dir='ltr'><strong>possint</strong></span> 
     </span>
     <span class='ocr_line' id='line_1_14' title="bbox 118 1269 1153 1342; baseline 0.006 -18"><span class='ocrx_word' id='word_1_123' title='bbox 118 1271 214 1325; x_wconf 83' lang='lat' dir='ltr'><strong>videri.</strong></span> <span class='ocrx_word' id='word_1_124' title='bbox 249 1271 301 1341; x_wconf 70' lang='lat' dir='ltr'><strong>(Et</strong></span> <span class='ocrx_word' id='word_1_125' title='bbox 317 1279 349 1322; x_wconf 91' lang='lat' dir='ltr'><strong>ut</strong></span> <span class='ocrx_word' id='word_1_126' title='bbox 364 1273 501 1322; x_wconf 83' lang='lat' dir='ltr'><strong>Homerus</strong></span> <span class='ocrx_word' id='word_1_127' title='bbox 526 1273 619 1324; x_wconf 90' lang='lat' dir='ltr'><strong>omisit</strong></span> <span class='ocrx_word' id='word_1_128' title='bbox 635 1272 714 1325; x_wconf 88' lang='lat' dir='ltr'><strong>initia</strong></span> <span class='ocrx_word' id='word_1_129' title='bbox 739 1269 803 1325; x_wconf 90' lang='lat' dir='ltr'><strong>belli</strong></span> <span class='ocrx_word' id='word_1_130' title='bbox 821 1274 951 1342; x_wconf 86' lang='lat' dir='ltr'><strong>Troiani,</strong></span> <span class='ocrx_word' id='word_1_131' title='bbox 973 1275 1012 1326; x_wconf 88' lang='lat' dir='ltr'><strong>sic</strong></span> <span class='ocrx_word' id='word_1_132' title='bbox 1029 1274 1077 1327; x_wconf 89' lang='lat' dir='ltr'><strong>luc</strong></span> <span class='ocrx_word' id='word_1_133' title='bbox 1093 1291 1153 1330; x_wconf 79' lang='lat' dir='ltr'><strong>nou</strong></span> 
     </span>
     <span class='ocr_line' id='line_1_15' title="bbox 118 1338 1150 1410; baseline 0.002 -16"><span class='ocrx_word' id='word_1_134' title='bbox 118 1340 156 1395; x_wconf 82' lang='lat' dir='ltr'><strong>ab</strong></span> <span class='ocrx_word' id='word_1_135' title='bbox 179 1340 259 1393; x_wconf 79' lang='lat' dir='ltr'><strong>initio</strong></span> <span class='ocrx_word' id='word_1_136' title='bbox 276 1338 374 1410; x_wconf 14' lang='lat' dir='ltr'><strong>&gt;coepit</strong></span> <span class='ocrx_word' id='word_1_137' title='bbox 390 1339 510 1406; x_wconf 87' lang='lat' dir='ltr'><strong>erroris.)</strong></span> <span class='ocrx_word' id='word_1_138' title='bbox 529 1368 564 1407; x_wconf 83' lang='lat'><strong>···.</strong></span> <span class='ocrx_word' id='word_1_139' title='bbox 596 1348 639 1400; x_wconf 81' lang='grc'><strong>35.</strong></span> <span class='ocrx_word' id='word_1_140' title='bbox 662 1341 761 1408; x_wconf 77' lang='lat' dir='ltr'><strong>Laeti3</strong></span> <span class='ocrx_word' id='word_1_141' title='bbox 786 1343 891 1396; x_wconf 80' lang='lat' dir='ltr'><strong>alacres</strong></span> <span class='ocrx_word' id='word_1_142' title='bbox 914 1352 943 1395; x_wconf 84' lang='lat' dir='ltr'><strong>et</strong></span> <span class='ocrx_word' id='word_1_143' title='bbox 965 1345 1081 1396; x_wconf 86' lang='lat' dir='ltr'><strong>veloces.</strong></span> <span class='ocrx_word' id='word_1_144' title='bbox 1114 1343 1150 1396; x_wconf 81' lang='lat' dir='ltr'><strong>Ut</strong></span> 
     </span>
     <span class='ocr_line' id='line_1_16' title="bbox 118 1408 1150 1478; baseline 0.006 -18"><span class='ocrx_word' id='word_1_145' title='bbox 118 1419 159 1464; x_wconf 82' lang='lat' dir='ltr'><strong>est</strong></span> <span class='ocrx_word' id='word_1_146' title='bbox 183 1416 231 1477; x_wconf 82' lang='grc'><strong>(2,</strong></span> <span class='ocrx_word' id='word_1_147' title='bbox 252 1411 339 1471; x_wconf 79' lang='grc'>417.);</span> <span class='ocrx_word' id='word_1_148' title='bbox 373 1408 407 1457; x_wconf 85' lang='lat' dir='ltr'><strong>Et</strong></span> <span class='ocrx_word' id='word_1_149' title='bbox 431 1409 607 1461; x_wconf 74' lang='lat' dir='ltr'><strong>laesusliois</strong></span> <span class='ocrx_word' id='word_1_150' title='bbox 630 1410 838 1478; x_wconf 81' lang='lat' dir='ltr'><strong>Eurusequis.</strong></span> <span class='ocrx_word' id='word_1_151' title='bbox 878 1413 950 1465; x_wconf 84' lang='lat' dir='ltr'><strong>Item</strong></span> <span class='ocrx_word' id='word_1_152' title='bbox 973 1411 1085 1478; x_wconf 86' lang='lat' dir='ltr'><strong>(Burm.</strong></span> <span class='ocrx_word' id='word_1_153' title='bbox 1107 1410 1150 1466; x_wconf 79' lang='lat' dir='ltr'><strong>vel</strong></span> 
     </span>
     <span class='ocr_line' id='line_1_17' title="bbox 115 1475 1149 1547; baseline 0 -13"><span class='ocrx_word' id='word_1_154' title='bbox 115 1480 290 1541; x_wconf 78' lang='lat' dir='ltr'><strong>festinantes,</strong></span> <span class='ocrx_word' id='word_1_155' title='bbox 313 1476 355 1538; x_wconf 92' lang='lat' dir='ltr'><strong>ut)</strong></span> <span class='ocrx_word' id='word_1_156' title='bbox 379 1475 423 1543; x_wconf 86' lang='lat' dir='ltr'><strong>(G.</strong></span> <span class='ocrx_word' id='word_1_157' title='bbox 448 1488 480 1539; x_wconf 68' lang='lat'><strong>3,</strong></span> <span class='ocrx_word' id='word_1_158' title='bbox 504 1479 589 1541; x_wconf 78' lang='lat'><strong>320.):</strong></span> <span class='ocrx_word' id='word_1_159' title='bbox 613 1479 648 1530; x_wconf 75' lang='lat' dir='ltr'><strong>Es</strong></span> <span class='ocrx_word' id='word_1_160' title='bbox 672 1482 769 1546; x_wconf 83' lang='lat' dir='ltr'><strong>virgea</strong></span> <span class='ocrx_word' id='word_1_161' title='bbox 793 1481 884 1533; x_wconf 81' lang='lat' dir='ltr'><strong>laetus</strong></span> <span class='ocrx_word' id='word_1_162' title='bbox 908 1481 1032 1547; x_wconf 78' lang='lat' dir='ltr'><strong>patula,</strong></span> <span class='ocrx_word' id='word_1_163' title='bbox 1050 1480 1087 1537; x_wconf 65' lang='lat' dir='ltr'><strong>,id</strong></span> <span class='ocrx_word' id='word_1_164' title='bbox 1108 1487 1149 1534; x_wconf 76' lang='lat' dir='ltr'><strong>est</strong></span> 
     </span>
     <span class='ocr_line' id='line_1_18' title="bbox 115 1545 1147 1616; baseline 0.002 -16"><span class='ocrx_word' id='word_1_165' title='bbox 115 1549 241 1612; x_wconf 76' lang='lat' dir='ltr'><strong>festinus,</strong></span> <span class='ocrx_word' id='word_1_166' title='bbox 258 1552 364 1599; x_wconf 82' lang='lat' dir='ltr'><strong>etcum</strong></span> <span class='ocrx_word' id='word_1_167' title='bbox 384 1545 483 1612; x_wconf 86' lang='lat' dir='ltr'><strong>[omni]</strong></span> <span class='ocrx_word' id='word_1_168' title='bbox 495 1547 659 1600; x_wconf 88' lang='lat' dir='ltr'><strong>intentione.</strong></span> <span class='ocrx_word' id='word_1_169' title='bbox 693 1549 740 1616; x_wconf 91' lang='lat' dir='ltr'><strong>[Et</strong></span> <span class='ocrx_word' id='word_1_170' title='bbox 751 1548 818 1600; x_wconf 86' lang='lat' dir='ltr'><strong>alibi</strong></span> <span class='ocrx_word' id='word_1_171' title='bbox 832 1554 867 1615; x_wconf 86' lang='lat'><strong>(7,</strong></span> <span class='ocrx_word' id='word_1_172' title='bbox 880 1549 966 1611; x_wconf 79' lang='grc'><strong>427.);</strong></span> <span class='ocrx_word' id='word_1_173' title='bbox 988 1549 1025 1600; x_wconf 79' lang='lat' dir='ltr'><strong>Et</strong></span> <span class='ocrx_word' id='word_1_174' title='bbox 1038 1548 1147 1602; x_wconf 76' lang='lat' dir='ltr'><strong>armari</strong></span> 
     </span>
     <span class='ocr_line' id='line_1_19' title="bbox 115 1615 1147 1688; baseline 0.006 -21"><span class='ocrx_word' id='word_1_175' title='bbox 115 1619 216 1688; x_wconf 76' lang='lat' dir='ltr'><strong>pubem</strong></span> <span class='ocrx_word' id='word_1_176' title='bbox 239 1619 382 1684; x_wconf 83' lang='lat' dir='ltr'><strong>portisque</strong></span> <span class='ocrx_word' id='word_1_177' title='bbox 407 1618 512 1667; x_wconf 82' lang='lat' dir='ltr'><strong>moveri</strong></span> <span class='ocrx_word' id='word_1_178' title='bbox 536 1615 643 1669; x_wconf 81' lang='lat' dir='ltr'><strong>Laetus</strong></span> <span class='ocrx_word' id='word_1_179' title='bbox 667 1618 699 1669; x_wconf 91' lang='lat' dir='ltr'><strong>in</strong></span> <span class='ocrx_word' id='word_1_180' title='bbox 724 1635 804 1669; x_wconf 90' lang='lat' dir='ltr'><strong>arma</strong></span> <span class='ocrx_word' id='word_1_181' title='bbox 830 1616 915 1683; x_wconf 78' lang='lat' dir='ltr'><strong>iuba]</strong></span> <span class='ocrx_word' id='word_1_182' title='bbox 954 1617 1005 1670; x_wconf 88' lang='lat' dir='ltr'><strong>Vel</strong></span> <span class='ocrx_word' id='word_1_183' title='bbox 1026 1635 1059 1683; x_wconf 78' lang='lat' dir='ltr'><strong>re</strong></span> <span class='ocrx_word' id='word_1_184' title='bbox 1083 1633 1147 1673; x_wconf 73' lang='lat' dir='ltr'><strong>vara</strong></span> 
     </span>
     <span class='ocr_line' id='line_1_20' title="bbox 116 1684 1146 1757; baseline 0.003 -19"><span class='ocrx_word' id='word_1_185' title='bbox 116 1687 199 1739; x_wconf 81' lang='lat' dir='ltr'><strong>laeti.-</strong></span> <span class='ocrx_word' id='word_1_186' title='bbox 217 1701 387 1753; x_wconf 82' lang='lat' dir='ltr'><strong>quamquam</strong></span> <span class='ocrx_word' id='word_1_187' title='bbox 403 1684 588 1754; x_wconf 83' lang='lat' dir='ltr'><strong>incongruum</strong></span> <span class='ocrx_word' id='word_1_188' title='bbox 604 1687 639 1737; x_wconf 90' lang='lat' dir='ltr'><strong>sit</strong></span> <span class='ocrx_word' id='word_1_189' title='bbox 654 1693 717 1757; x_wconf 87' lang='lat' dir='ltr'><strong>post</strong></span> <span class='ocrx_word' id='word_1_190' title='bbox 731 1685 867 1739; x_wconf 80' lang='lat' dir='ltr'><strong>Anchisae</strong></span> <span class='ocrx_word' id='word_1_191' title='bbox 884 1692 1014 1753; x_wconf 71' lang='lat' dir='ltr'><strong>mortem.</strong></span> <span class='ocrx_word' id='word_1_192' title='bbox 1047 1684 1103 1738; x_wconf 89' lang='lat' dir='ltr'><strong>Sed</strong></span> <span class='ocrx_word' id='word_1_193' title='bbox 1119 1693 1146 1741; x_wconf 76' lang='lat' dir='ltr'><strong>at</strong></span> 
     </span>
     <span class='ocr_line' id='line_1_21' title="bbox 113 1753 1145 1823; baseline 0 -16"><span class='ocrx_word' id='word_1_194' title='bbox 113 1754 242 1808; x_wconf 86' lang='lat' dir='ltr'><strong>interitus</strong></span> <span class='ocrx_word' id='word_1_195' title='bbox 265 1770 362 1806; x_wconf 87' lang='lat' dir='ltr'><strong>senum</strong></span> <span class='ocrx_word' id='word_1_196' title='bbox 385 1755 477 1806; x_wconf 82' lang='lat' dir='ltr'><strong>minus</strong></span> <span class='ocrx_word' id='word_1_197' title='bbox 501 1754 624 1820; x_wconf 88' lang='lat' dir='ltr'><strong>doletur,</strong></span> <span class='ocrx_word' id='word_1_198' title='bbox 654 1763 683 1807; x_wconf 90' lang='lat' dir='ltr'><strong>et</strong></span> <span class='ocrx_word' id='word_1_199' title='bbox 706 1757 799 1822; x_wconf 82' lang='lat' dir='ltr'><strong>magis</strong></span> <span class='ocrx_word' id='word_1_200' title='bbox 823 1756 911 1808; x_wconf 82' lang='lat' dir='ltr'><strong>laetos</strong></span> <span class='ocrx_word' id='word_1_201' title='bbox 934 1753 1145 1823; x_wconf 84' lang='lat' dir='ltr'><strong>intelligendum</strong></span> 
     </span>
     <span class='ocr_line' id='line_1_22' title="bbox 113 1820 1145 1891; baseline 0.001 -15"><span class='ocrx_word' id='word_1_202' title='bbox 113 1831 170 1890; x_wconf 84' lang='lat' dir='ltr'><strong>est,</strong></span> <span class='ocrx_word' id='word_1_203' title='bbox 192 1831 224 1876; x_wconf 87' lang='lat' dir='ltr'><strong>ut</strong></span> <span class='ocrx_word' id='word_1_204' title='bbox 246 1823 281 1874; x_wconf 91' lang='lat' dir='ltr'><strong>sit</strong></span> <span class='ocrx_word' id='word_1_205' title='bbox 298 1820 433 1891; x_wconf 79' lang='lat' dir='ltr'><strong>[Ismeni]</strong></span> <span class='ocrx_word' id='word_1_206' title='bbox 449 1839 531 1876; x_wconf 72' lang='lat' dir='ltr'><strong>carisa</strong></span> <span class='ocrx_word' id='word_1_207' title='bbox 548 1823 661 1874; x_wconf 83' lang='lat' dir='ltr'><strong>maioris</strong></span> <span class='ocrx_word' id='word_1_208' title='bbox 684 1822 855 1877; x_wconf 83' lang='lat' dir='ltr'><strong>iracundiae.</strong></span> <span class='ocrx_word' id='word_1_209' title='bbox 895 1822 940 1875; x_wconf 82' lang='lat' dir='ltr'><strong>Sic</strong></span> <span class='ocrx_word' id='word_1_210' title='bbox 964 1824 1041 1877; x_wconf 87' lang='lat' dir='ltr'><strong>enim</strong></span> <span class='ocrx_word' id='word_1_211' title='bbox 1066 1831 1096 1876; x_wconf 90' lang='lat' dir='ltr'><strong>et</strong></span> <span class='ocrx_word' id='word_1_212' title='bbox 1116 1823 1145 1877; x_wconf 89' lang='lat' dir='ltr'><strong>in</strong></span> 
     </span>
     <span class='ocr_line' id='line_1_23' title="bbox 113 1891 1145 1976; baseline 0.001 -32"><span class='ocrx_word' id='word_1_213' title='bbox 113 1893 232 1962; x_wconf 81' lang='lat' dir='ltr'><strong>septimo</strong></span> <span class='ocrx_word' id='word_1_214' title='bbox 255 1892 328 1944; x_wconf 87' lang='lat' dir='ltr'><strong>libro</strong></span> <span class='ocrx_word' id='word_1_215' title='bbox 346 1892 489 1953; x_wconf 86' lang='lat' dir='ltr'><strong>irascitur,</strong></span> <span class='ocrx_word' id='word_1_216' title='bbox 512 1891 562 1944; x_wconf 90' lang='lat' dir='ltr'><strong>ubi</strong></span> <span class='ocrx_word' id='word_1_217' title='bbox 580 1892 676 1960; x_wconf 78' lang='grc' dir='ltr'><strong>(283.)τ</strong></span> <span class='ocrx_word' id='word_1_218' title='bbox 701 1893 806 1942; x_wconf 83' lang='lat' dir='ltr'><strong>laetum</strong></span> <span class='ocrx_word' id='word_1_219' title='bbox 823 1893 943 1944; x_wconf 80' lang='lat' dir='ltr'><strong>Aeneam</strong></span> <span class='ocrx_word' id='word_1_220' title='bbox 960 1892 1057 1944; x_wconf 85' lang='lat' dir='ltr'><strong>Siculo</strong></span> <span class='ocrx_word' id='word_1_221' title='bbox 1082 1910 1145 1976; x_wconf 83' lang='lat' dir='ltr'><strong>pro·</strong></span> 
     </span>
     <span class='ocr_line' id='line_1_24' title="bbox 113 1959 1144 2030; baseline 0.002 -18"><span class='ocrx_word' id='word_1_222' title='bbox 113 1967 205 2029; x_wconf 76' lang='lat' dir='ltr'><strong>spexit</strong></span> <span class='ocrx_word' id='word_1_223' title='bbox 222 1962 256 2012; x_wconf 86' lang='lat' dir='ltr'><strong>ab</strong></span> <span class='ocrx_word' id='word_1_224' title='bbox 277 1977 363 2027; x_wconf 75' lang='lat' dir='ltr'><strong>usqua</strong></span> <span class='ocrx_word' id='word_1_225' title='bbox 382 1960 541 2026; x_wconf 76' lang='lat' dir='ltr'><strong>Pacbynno.</strong></span> <span class='ocrx_word' id='word_1_226' title='bbox 577 1959 828 2029; x_wconf 48' lang='lat' dir='ltr'><strong>(Godd2Pachinu.)</strong></span> <span class='ocrx_word' id='word_1_227' title='bbox 852 1961 906 2030; x_wconf 84' lang='lat' dir='ltr'><strong>(vel</strong></span> <span class='ocrx_word' id='word_1_228' title='bbox 921 1963 1006 2024; x_wconf 84' lang='lat' dir='ltr'><strong>loeti,</strong></span> <span class='ocrx_word' id='word_1_229' title='bbox 1031 1963 1144 2030; x_wconf 80' lang='grc' dir='ltr'><strong><em>προθν·</em></strong></span> 
     </span>
     <span class='ocr_line' id='line_1_25' title="bbox 113 2029 1188 2148; baseline -0.001 -67"><span class='ocrx_word' id='word_1_230' title='bbox 113 2049 176 2100; x_wconf 78' lang='grc' dir='ltr'><strong>μοι,</strong></span> <span class='ocrx_word' id='word_1_231' title='bbox 203 2036 235 2081; x_wconf 91' lang='lat' dir='ltr'><strong>ut</strong></span> <span class='ocrx_word' id='word_1_232' title='bbox 257 2033 300 2096; x_wconf 84' lang='grc'><strong>(2,</strong></span> <span class='ocrx_word' id='word_1_233' title='bbox 317 2032 402 2092; x_wconf 74' lang='grc' dir='ltr'>394-)ι</span> <span class='ocrx_word' id='word_1_234' title='bbox 427 2029 583 2148; x_wconf 70' lang='lat' dir='ltr'><strong>Omnispua</strong></span> <span class='ocrx_word' id='word_1_235' title='bbox 608 2031 740 2080; x_wconf 83' lang='lat' dir='ltr'><strong>iuventus</strong></span> <span class='ocrx_word' id='word_1_236' title='bbox 772 2031 844 2082; x_wconf 79' lang='lat' dir='ltr'><strong>laeta</strong></span> <span class='ocrx_word' id='word_1_237' title='bbox 856 2029 896 2099; x_wconf 72' lang='lat' dir='ltr'><strong>f.)</strong></span> <span class='ocrx_word' id='word_1_238' title='bbox 937 2029 1027 2093; x_wconf 80' lang='lat' dir='ltr'><strong>Salis3</strong></span> <span class='ocrx_word' id='word_1_239' title='bbox 1051 2029 1145 2097; x_wconf 84' lang='lat' dir='ltr'><strong>maris,</strong></span> <span class='ocrx_word' id='word_1_240' title='bbox 1184 2044 1188 2051; x_wconf 95' lang='grc'><strong><em>·</em></strong></span> 
     </span>
     <span class='ocr_line' id='line_1_26' title="bbox 111 2090 1146 2168; baseline 0 -17"><span class='ocrx_word' id='word_1_241' title='bbox 111 2100 262 2151; x_wconf 85' lang='lat' dir='ltr'><strong>secundum</strong></span> <span class='ocrx_word' id='word_1_242' title='bbox 278 2099 432 2148; x_wconf 85' lang='lat' dir='ltr'><strong>Homerum</strong></span> <span class='ocrx_word' id='word_1_243' title='bbox 449 2095 497 2165; x_wconf 79' lang='lat' dir='ltr'><strong>[sis</strong></span> <span class='ocrx_word' id='word_1_244' title='bbox 514 2090 532 2149; x_wconf 85' lang='lat' dir='ltr'><strong>ii</strong></span> <span class='ocrx_word' id='word_1_245' title='bbox 548 2118 565 2149; x_wconf 88' lang='grc' dir='ltr'>α</span> <span class='ocrx_word' id='word_1_246' title='bbox 585 2093 665 2164; x_wconf 68' lang='lat' dir='ltr'><strong>itae}</strong></span> <span class='ocrx_word' id='word_1_247' title='bbox 690 2098 791 2150; x_wconf 72' lang='lat' dir='ltr'><strong>Salem</strong></span> <span class='ocrx_word' id='word_1_248' title='bbox 813 2105 922 2163; x_wconf 77' lang='lat' dir='ltr'><strong>autem,</strong></span> <span class='ocrx_word' id='word_1_249' title='bbox 951 2113 1008 2168; x_wconf 85' lang='lat' dir='ltr'><strong>quo</strong></span> <span class='ocrx_word' id='word_1_250' title='bbox 1030 2099 1146 2165; x_wconf 70' lang='lat' dir='ltr'><strong>utimar,</strong></span> 
     </span>
     <span class='ocr_line' id='line_1_27' title="bbox 59 2166 1144 2238; baseline 0 -19"><span class='ocrx_word' id='word_1_251' title='bbox 59 2184 60 2188; x_wconf 50' lang='lat'>¹</span> <span class='ocrx_word' id='word_1_252' title='bbox 110 2167 243 2235; x_wconf 82' lang='lat' dir='ltr'><strong>singulari</strong></span> <span class='ocrx_word' id='word_1_253' title='bbox 260 2183 378 2217; x_wconf 89' lang='lat' dir='ltr'><strong>numero</strong></span> <span class='ocrx_word' id='word_1_254' title='bbox 394 2173 504 2217; x_wconf 85' lang='lat' dir='ltr'><strong>tantum</strong></span> <span class='ocrx_word' id='word_1_255' title='bbox 521 2166 650 2219; x_wconf 89' lang='lat' dir='ltr'><strong>dicimus:</strong></span> <span class='ocrx_word' id='word_1_256' title='bbox 672 2182 761 2235; x_wconf 80' lang='lat' dir='ltr'><strong>quum</strong></span> <span class='ocrx_word' id='word_1_257' title='bbox 777 2168 851 2219; x_wconf 87' lang='lat' dir='ltr'><strong>iocos</strong></span> <span class='ocrx_word' id='word_1_258' title='bbox 867 2166 1069 2235; x_wconf 81' lang='lat' dir='ltr'><strong>significamus,</strong></span> <span class='ocrx_word' id='word_1_259' title='bbox 1086 2166 1144 2238; x_wconf 78' lang='lat' dir='ltr'><strong>plu·</strong></span> 
     </span>
     <span class='ocr_line' id='line_1_28' title="bbox 110 2234 1143 2304; baseline 0 -17"><span class='ocrx_word' id='word_1_260' title='bbox 110 2237 200 2290; x_wconf 88' lang='lat' dir='ltr'><strong>ralem</strong></span> <span class='ocrx_word' id='word_1_261' title='bbox 216 2242 325 2288; x_wconf 86' lang='lat' dir='ltr'><strong>tantum</strong></span> <span class='ocrx_word' id='word_1_262' title='bbox 342 2235 469 2304; x_wconf 88' lang='lat' dir='ltr'><strong>ponimus</strong></span> <span class='ocrx_word' id='word_1_263' title='bbox 486 2248 649 2299; x_wconf 87' lang='lat' dir='ltr'><strong>numerum,</strong></span> <span class='ocrx_word' id='word_1_264' title='bbox 666 2243 698 2285; x_wconf 87' lang='lat' dir='ltr'><strong>ut</strong></span> <span class='ocrx_word' id='word_1_265' title='bbox 713 2235 840 2288; x_wconf 89' lang='lat' dir='ltr'><strong>Lucanus</strong></span> <span class='ocrx_word' id='word_1_266' title='bbox 858 2239 894 2303; x_wconf 87' lang='grc'><strong>(2,</strong></span> <span class='ocrx_word' id='word_1_267' title='bbox 911 2236 996 2299; x_wconf 77' lang='grc'>368.);</span> <span class='ocrx_word' id='word_1_268' title='bbox 1014 2234 1083 2287; x_wconf 92' lang='lat' dir='ltr'><strong>Non</strong></span> <span class='ocrx_word' id='word_1_269' title='bbox 1100 2253 1143 2290; x_wconf 87' lang='lat' dir='ltr'><strong>so·</strong></span> 
     </span>
     <span class='ocr_line' id='line_1_29' title="bbox 112 2301 1144 2376; baseline -0.003 -17"><span class='ocrx_word' id='word_1_270' title='bbox 112 2307 158 2358; x_wconf 84' lang='lat' dir='ltr'><strong>liti</strong></span> <span class='ocrx_word' id='word_1_271' title='bbox 176 2307 267 2356; x_wconf 83' lang='lat' dir='ltr'><strong>lusere</strong></span> <span class='ocrx_word' id='word_1_272' title='bbox 285 2304 367 2353; x_wconf 85' lang='lat' dir='ltr'><strong>sales.</strong></span> <span class='ocrx_word' id='word_1_273' title='bbox 403 2301 554 2369; x_wconf 82' lang='lat' dir='ltr'><strong>Aliquando</strong></span> <span class='ocrx_word' id='word_1_274' title='bbox 571 2310 666 2356; x_wconf 87' lang='lat' dir='ltr'><strong>autem</strong></span> <span class='ocrx_word' id='word_1_275' title='bbox 679 2303 764 2356; x_wconf 88' lang='lat' dir='ltr'><strong>etiam</strong></span> <span class='ocrx_word' id='word_1_276' title='bbox 780 2304 967 2357; x_wconf 82' lang='lat' dir='ltr'><strong>urbanitatem</strong></span> <span class='ocrx_word' id='word_1_277' title='bbox 982 2322 1036 2376; x_wconf 86' lang='lat' dir='ltr'><strong>per</strong></span> <span class='ocrx_word' id='word_1_278' title='bbox 1051 2305 1144 2372; x_wconf 79' lang='lat' dir='ltr'><strong>singu·</strong></span> 
     </span>
     <span class='ocr_line' id='line_1_30' title="bbox 106 2368 1144 2440; baseline -0.002 -14"><span class='ocrx_word' id='word_1_279' title='bbox 106 2368 198 2429; x_wconf 77' lang='lat' dir='ltr'><strong>lare‘m</strong></span> <span class='ocrx_word' id='word_1_280' title='bbox 209 2389 359 2425; x_wconf 89' lang='lat' dir='ltr'><strong>numerum</strong></span> <span class='ocrx_word' id='word_1_281' title='bbox 374 2370 573 2440; x_wconf 80' lang='lat' dir='ltr'><strong>significamus:</strong></span> <span class='ocrx_word' id='word_1_282' title='bbox 597 2381 629 2423; x_wconf 92' lang='lat' dir='ltr'><strong>ut</strong></span> <span class='ocrx_word' id='word_1_283' title='bbox 645 2373 792 2426; x_wconf 85' lang='lat' dir='ltr'><strong>Terentius</strong></span> <span class='ocrx_word' id='word_1_284' title='bbox 817 2373 896 2440; x_wconf 85' lang='lat' dir='ltr'><strong>(Eun.</strong></span> <span class='ocrx_word' id='word_1_285' title='bbox 914 2381 939 2438; x_wconf 80' lang='grc'><strong>3,</strong></span> <span class='ocrx_word' id='word_1_286' title='bbox 956 2378 982 2437; x_wconf 83' lang='lat'><strong>1,</strong></span> <span class='ocrx_word' id='word_1_287' title='bbox 999 2372 1067 2435; x_wconf 89' lang='lat'><strong>10.):</strong></span> <span class='ocrx_word' id='word_1_288' title='bbox 1085 2373 1144 2440; x_wconf 86' lang='lat' dir='ltr'><strong>Qui</strong></span> 
     </span>
     <span class='ocr_line' id='line_1_31' title="bbox 109 2438 1144 2509; baseline -0.001 -13"><span class='ocrx_word' id='word_1_289' title='bbox 109 2438 191 2496; x_wconf 71' lang='lat' dir='ltr'><strong>babet</strong></span> <span class='ocrx_word' id='word_1_290' title='bbox 209 2443 307 2504; x_wconf 85' lang='lat' dir='ltr'><strong>salem,</strong></span> <span class='ocrx_word' id='word_1_291' title='bbox 327 2442 400 2508; x_wconf 83' lang='lat' dir='ltr'><strong>quod</strong></span> <span class='ocrx_word' id='word_1_292' title='bbox 419 2442 451 2492; x_wconf 86' lang='lat' dir='ltr'><strong>in</strong></span> <span class='ocrx_word' id='word_1_293' title='bbox 469 2453 493 2493; x_wconf 84' lang='lat' dir='ltr'><strong>tc</strong></span> <span class='ocrx_word' id='word_1_294' title='bbox 512 2454 562 2505; x_wconf 85' lang='lat' dir='ltr'><strong>ast,</strong></span> <span class='ocrx_word' id='word_1_295' title='bbox 580 2441 609 2493; x_wconf 89' lang='lat' dir='ltr'><strong>id</strong></span> <span class='ocrx_word' id='word_1_296' title='bbox 626 2449 667 2493; x_wconf 89' lang='lat' dir='ltr'><strong>est</strong></span> <span class='ocrx_word' id='word_1_297' title='bbox 683 2457 754 2509; x_wconf 84' lang='lat' dir='ltr'><strong>quae</strong></span> <span class='ocrx_word' id='word_1_298' title='bbox 767 2458 814 2494; x_wconf 86' lang='lat' dir='ltr'><strong>res</strong></span> <span class='ocrx_word' id='word_1_299' title='bbox 827 2440 857 2492; x_wconf 90' lang='lat' dir='ltr'><strong>in</strong></span> <span class='ocrx_word' id='word_1_300' title='bbox 871 2448 900 2495; x_wconf 90' lang='lat' dir='ltr'><strong>te</strong></span> <span class='ocrx_word' id='word_1_301' title='bbox 914 2448 961 2493; x_wconf 85' lang='lat' dir='ltr'><strong>est.</strong></span> <span class='ocrx_word' id='word_1_302' title='bbox 994 2439 1144 2495; x_wconf 77' lang='lat' dir='ltr'><strong>Masculini</strong></span> 
     </span>
     <span class='ocr_line' id='line_1_32' title="bbox 108 2509 1143 2580; baseline -0.001 -17"><span class='ocrx_word' id='word_1_303' title='bbox 108 2513 186 2567; x_wconf 79' lang='lat' dir='ltr'><strong>enim</strong></span> <span class='ocrx_word' id='word_1_304' title='bbox 214 2510 324 2580; x_wconf 84' lang='lat' dir='ltr'><strong>generis</strong></span> <span class='ocrx_word' id='word_1_305' title='bbox 364 2518 418 2576; x_wconf 86' lang='lat' dir='ltr'><strong>est,</strong></span> <span class='ocrx_word' id='word_1_306' title='bbox 455 2527 520 2563; x_wconf 79' lang='lat' dir='ltr'><strong>non=</strong></span> <span class='ocrx_word' id='word_1_307' title='bbox 547 2510 655 2562; x_wconf 86' lang='lat' dir='ltr'><strong>neutri:</strong></span> <span class='ocrx_word' id='word_1_308' title='bbox 698 2517 726 2562; x_wconf 88' lang='lat' dir='ltr'><strong>et</strong></span> <span class='ocrx_word' id='word_1_309' title='bbox 767 2516 867 2562; x_wconf 86' lang='lat' dir='ltr'><strong>neutra</strong></span> <span class='ocrx_word' id='word_1_310' title='bbox 905 2509 942 2577; x_wconf 83' lang='lat' dir='ltr'><strong>tri</strong></span> <span class='ocrx_word' id='word_1_311' title='bbox 963 2517 1022 2562; x_wconf 85' lang='lat' dir='ltr'><strong>tota</strong></span> <span class='ocrx_word' id='word_1_312' title='bbox 1063 2517 1143 2576; x_wconf 78' lang='lat' dir='ltr'><strong>eiust,</strong></span> 
     </span>
     <span class='ocr_line' id='line_1_33' title="bbox 107 2528 1143 2648; baseline -0.002 -16"><span class='ocrx_word' id='word_1_313' title='bbox 107 2597 159 2635; x_wconf 82' lang='lat' dir='ltr'><strong>nec</strong></span> <span class='ocrx_word' id='word_1_314' title='bbox 190 2579 225 2632; x_wconf 88' lang='lat' dir='ltr'><strong>ab</strong></span> <span class='ocrx_word' id='word_1_315' title='bbox 256 2579 309 2630; x_wconf 87' lang='lat' dir='ltr'><strong>hoo</strong></span> <span class='ocrx_word' id='word_1_316' title='bbox 340 2579 492 2630; x_wconf 86' lang='lat' dir='ltr'><strong>accusativo</strong></span> <span class='ocrx_word' id='word_1_317' title='bbox 523 2577 706 2631; x_wconf 83' lang='lat' dir='ltr'><strong>nominativus</strong></span> <span class='ocrx_word' id='word_1_318' title='bbox 736 2594 795 2631; x_wconf 86' lang='lat' dir='ltr'><strong>esse</strong></span> <span class='ocrx_word' id='word_1_319' title='bbox 825 2584 916 2648; x_wconf 85' lang='lat' dir='ltr'><strong>potest</strong></span> <span class='ocrx_word' id='word_1_320' title='bbox 938 2528 990 2630; x_wconf 66' lang='lat' dir='ltr'><strong>doc</strong></span> <span class='ocrx_word' id='word_1_321' title='bbox 1014 2579 1082 2635; x_wconf 81' lang='lat' dir='ltr'><strong>sala.</strong></span> <span class='ocrx_word' id='word_1_322' title='bbox 1108 2603 1143 2618; x_wconf 86' lang='lat'><strong>··</strong></span> 
     </span>
     <span class='ocr_line' id='line_1_34' title="bbox 108 2645 1141 2718; baseline 0 -19"><span class='ocrx_word' id='word_1_323' title='bbox 108 2657 151 2710; x_wconf 80' lang='lat'><strong>36.</strong></span> <span class='ocrx_word' id='word_1_324' title='bbox 169 2649 235 2718; x_wconf 84' lang='lat' dir='ltr'><strong>[Sub</strong></span> <span class='ocrx_word' id='word_1_325' title='bbox 254 2660 376 2714; x_wconf 79' lang='lat' dir='ltr'><strong>pectore3</strong></span> <span class='ocrx_word' id='word_1_326' title='bbox 393 2663 444 2718; x_wconf 89' lang='lat' dir='ltr'><strong>pro</strong></span> <span class='ocrx_word' id='word_1_327' title='bbox 461 2647 491 2700; x_wconf 88' lang='lat' dir='ltr'><strong>in</strong></span> <span class='ocrx_word' id='word_1_328' title='bbox 509 2645 641 2718; x_wconf 79' lang='lat' dir='ltr'><strong>pectore]</strong></span> <span class='ocrx_word' id='word_1_329' title='bbox 680 2646 805 2710; x_wconf 79' lang='lat' dir='ltr'><strong>Vulnus3</strong></span> <span class='ocrx_word' id='word_1_330' title='bbox 829 2647 864 2699; x_wconf 90' lang='lat' dir='ltr'><strong>de</strong></span> <span class='ocrx_word' id='word_1_331' title='bbox 887 2647 1040 2717; x_wconf 73' lang='lat' dir='ltr'><strong>praeterito</strong></span> <span class='ocrx_word' id='word_1_332' title='bbox 1064 2648 1141 2701; x_wconf 89' lang='lat' dir='ltr'><strong>dolo·</strong></span> 
     </span>
     <span class='ocr_line' id='line_1_35' title="bbox 105 2714 1140 2785; baseline -0.004 -13"><span class='ocrx_word' id='word_1_333' title='bbox 105 2735 168 2772; x_wconf 86' lang='lat' dir='ltr'><strong>rem</strong></span> <span class='ocrx_word' id='word_1_334' title='bbox 193 2717 272 2768; x_wconf 81' lang='lat' dir='ltr'><strong>dixit:</strong></span> <span class='ocrx_word' id='word_1_335' title='bbox 296 2717 329 2769; x_wconf 89' lang='lat' dir='ltr'><strong>de</strong></span> <span class='ocrx_word' id='word_1_336' title='bbox 353 2720 446 2767; x_wconf 81' lang='lat' dir='ltr'><strong>futuro</strong></span> <span class='ocrx_word' id='word_1_337' title='bbox 471 2725 585 2768; x_wconf 72' lang='lat' dir='ltr'><strong>mettun.</strong></span> <span class='ocrx_word' id='word_1_338' title='bbox 625 2714 666 2766; x_wconf 89' lang='lat' dir='ltr'><strong>Ad</strong></span> <span class='ocrx_word' id='word_1_339' title='bbox 683 2724 831 2785; x_wconf 85' lang='lat' dir='ltr'><strong>utrumque</strong></span> <span class='ocrx_word' id='word_1_340' title='bbox 853 2715 964 2767; x_wconf 85' lang='lat' dir='ltr'><strong>Vulnus</strong></span> <span class='ocrx_word' id='word_1_341' title='bbox 985 2716 1088 2769; x_wconf 88' lang='lat' dir='ltr'><strong>retulit.</strong></span> <span class='ocrx_word' id='word_1_342' title='bbox 1105 2740 1140 2756; x_wconf 87' lang='lat'><strong>-··</strong></span> 
     </span>
     <span class='ocr_line' id='line_1_36' title="bbox 106 2780 1140 2851; baseline 0.002 -17"><span class='ocrx_word' id='word_1_343' title='bbox 106 2796 149 2844; x_wconf 77' lang='lat'><strong>37.</strong></span> <span class='ocrx_word' id='word_1_344' title='bbox 167 2782 244 2835; x_wconf 82' lang='lat' dir='ltr'><strong>Haec</strong></span> <span class='ocrx_word' id='word_1_345' title='bbox 269 2802 379 2851; x_wconf 69' lang='lat' dir='ltr'><strong>secumg</strong></span> <span class='ocrx_word' id='word_1_346' title='bbox 402 2784 578 2838; x_wconf 84' lang='lat' dir='ltr'><strong>subaudimus</strong></span> <span class='ocrx_word' id='word_1_347' title='bbox 610 2785 704 2835; x_wconf 86' lang='lat' dir='ltr'><strong>locuta</strong></span> <span class='ocrx_word' id='word_1_348' title='bbox 729 2796 784 2835; x_wconf 82' lang='lat' dir='ltr'><strong>ast:</strong></span> <span class='ocrx_word' id='word_1_349' title='bbox 808 2785 886 2836; x_wconf 83' lang='lat' dir='ltr'><strong>deest</strong></span> <span class='ocrx_word' id='word_1_350' title='bbox 908 2780 992 2837; x_wconf 86' lang='lat' dir='ltr'><strong>enim.</strong></span> <span class='ocrx_word' id='word_1_351' title='bbox 1027 2785 1064 2836; x_wconf 91' lang='lat' dir='ltr'><strong>Et</strong></span> <span class='ocrx_word' id='word_1_352' title='bbox 1086 2784 1140 2836; x_wconf 89' lang='lat' dir='ltr'><strong>hoc</strong></span> 
     </span>
     <span class='ocr_line' id='line_1_37' title="bbox 104 2852 1140 2924; baseline 0 -17"><span class='ocrx_word' id='word_1_353' title='bbox 104 2855 201 2907; x_wconf 76' lang='lat' dir='ltr'><strong>fictum</strong></span> <span class='ocrx_word' id='word_1_354' title='bbox 225 2861 278 2920; x_wconf 82' lang='lat' dir='ltr'><strong>est,</strong></span> <span class='ocrx_word' id='word_1_355' title='bbox 301 2861 332 2904; x_wconf 90' lang='lat' dir='ltr'><strong>ut</strong></span> <span class='ocrx_word' id='word_1_356' title='bbox 354 2854 479 2922; x_wconf 87' lang='lat' dir='ltr'><strong>superius</strong></span> <span class='ocrx_word' id='word_1_357' title='bbox 502 2854 626 2905; x_wconf 79' lang='lat' dir='ltr'><strong>diximus.</strong></span> <span class='ocrx_word' id='word_1_358' title='bbox 659 2852 738 2904; x_wconf 89' lang='lat' dir='ltr'><strong>Unde</strong></span> <span class='ocrx_word' id='word_1_359' title='bbox 762 2854 838 2905; x_wconf 89' lang='lat' dir='ltr'><strong>enim</strong></span> <span class='ocrx_word' id='word_1_360' title='bbox 854 2854 908 2903; x_wconf 90' lang='lat' dir='ltr'><strong>boc</strong></span> <span class='ocrx_word' id='word_1_361' title='bbox 932 2853 1017 2904; x_wconf 87' lang='lat' dir='ltr'><strong>sciret</strong></span> <span class='ocrx_word' id='word_1_362' title='bbox 1039 2853 1140 2924; x_wconf 65' lang='lat' dir='ltr'><strong>putta?</strong></span> 
     </span>
     <span class='ocr_line' id='line_1_38' title="bbox 103 2920 1138 3003; baseline -0.002 -27"><span class='ocrx_word' id='word_1_363' title='bbox 103 2924 181 2976; x_wconf 85' lang='lat' dir='ltr'><strong>Bene</strong></span> <span class='ocrx_word' id='word_1_364' title='bbox 200 2931 294 2974; x_wconf 77' lang='lat' dir='ltr'><strong>utitem</strong></span> <span class='ocrx_word' id='word_1_365' title='bbox 317 2921 521 2993; x_wconf 75' lang='lat' dir='ltr'><strong>impatientiam</strong></span> <span class='ocrx_word' id='word_1_366' title='bbox 539 2920 640 2973; x_wconf 85' lang='lat' dir='ltr'><strong>doloris</strong></span> <span class='ocrx_word' id='word_1_367' title='bbox 658 2921 777 3003; x_wconf 81' lang='lat' dir='ltr'><strong>ostepdit</strong></span> <span class='ocrx_word' id='word_1_368' title='bbox 793 2920 965 2973; x_wconf 83' lang='lat' dir='ltr'><strong>detrahendo</strong></span> <span class='ocrx_word' id='word_1_369' title='bbox 982 2921 1007 2972; x_wconf 88' lang='lat' dir='ltr'><strong>ei</strong></span> <span class='ocrx_word' id='word_1_370' title='bbox 1025 2922 1138 2974; x_wconf 87' lang='lat' dir='ltr'><strong>solatia:</strong></span> 
     </span>
     <span class='ocr_line' id='line_1_39' title="bbox 104 2988 1137 3061; baseline -0.003 -17"><span class='ocrx_word' id='word_1_371' title='bbox 104 2992 183 3061; x_wconf 84' lang='lat' dir='ltr'><strong>(Quis</strong></span> <span class='ocrx_word' id='word_1_372' title='bbox 201 2992 379 3044; x_wconf 83' lang='lat' dir='ltr'><strong>vehementer</strong></span> <span class='ocrx_word' id='word_1_373' title='bbox 396 2992 509 3043; x_wconf 84' lang='lat' dir='ltr'><strong>affectus</strong></span> <span class='ocrx_word' id='word_1_374' title='bbox 525 2990 640 3041; x_wconf 84' lang='lat' dir='ltr'><strong>estsine</strong></span> <span class='ocrx_word' id='word_1_375' title='bbox 657 2990 781 3055; x_wconf 87' lang='lat' dir='ltr'><strong>conscio,</strong></span> <span class='ocrx_word' id='word_1_376' title='bbox 798 2999 831 3040; x_wconf 90' lang='lat' dir='ltr'><strong>ut</strong></span> <span class='ocrx_word' id='word_1_377' title='bbox 848 2994 884 3056; x_wconf 93' lang='grc'><strong>(2,</strong></span> <span class='ocrx_word' id='word_1_378' title='bbox 901 2988 968 3050; x_wconf 74' lang='grc' dir='ltr'>93.)τ</span> <span class='ocrx_word' id='word_1_379' title='bbox 985 2989 1021 3041; x_wconf 78' lang='lat' dir='ltr'><strong>Et</strong></span> <span class='ocrx_word' id='word_1_380' title='bbox 1039 3008 1137 3042; x_wconf 83' lang='lat' dir='ltr'><strong>casum</strong></span> 
     </span>
     <span class='ocr_line' id='line_1_40' title="bbox 104 3056 1138 3126; baseline -0.002 -13"><span class='ocrx_word' id='word_1_381' title='bbox 104 3062 228 3113; x_wconf 85' lang='lat' dir='ltr'><strong>insontis</strong></span> <span class='ocrx_word' id='word_1_382' title='bbox 248 3078 354 3110; x_wconf 80' lang='lat' dir='ltr'><strong>mecum</strong></span> <span class='ocrx_word' id='word_1_383' title='bbox 377 3060 553 3126; x_wconf 84' lang='lat' dir='ltr'><strong>indignabor</strong></span> <span class='ocrx_word' id='word_1_384' title='bbox 578 3059 672 3108; x_wconf 85' lang='lat' dir='ltr'><strong>amici.</strong></span> <span class='ocrx_word' id='word_1_385' title='bbox 708 3059 744 3109; x_wconf 90' lang='lat' dir='ltr'><strong>Et</strong></span> <span class='ocrx_word' id='word_1_386' title='bbox 762 3056 858 3126; x_wconf 78' lang='lat'><strong>(222.):</strong></span> <span class='ocrx_word' id='word_1_387' title='bbox 884 3057 1017 3109; x_wconf 75' lang='lat' dir='ltr'><strong>Crudelis</strong></span> <span class='ocrx_word' id='word_1_388' title='bbox 1044 3076 1138 3111; x_wconf 81' lang='lat' dir='ltr'><strong>secum</strong></span> 
     </span>
     <span class='ocr_line' id='line_1_41' title="bbox 96 3125 1137 3199; baseline -0.001 -19"><span class='ocrx_word' id='word_1_389' title='bbox 96 3130 164 3199; x_wconf 81' lang='lat' dir='ltr'><strong>fata</strong></span> <span class='ocrx_word' id='word_1_390' title='bbox 189 3127 281 3195; x_wconf 83' lang='lat' dir='ltr'><strong>Lysi.)</strong></span> <span class='ocrx_word' id='word_1_391' title='bbox 316 3129 353 3179; x_wconf 91' lang='lat' dir='ltr'><strong>Ut</strong></span> <span class='ocrx_word' id='word_1_392' title='bbox 374 3127 405 3179; x_wconf 90' lang='lat' dir='ltr'><strong>in</strong></span> <span class='ocrx_word' id='word_1_393' title='bbox 430 3136 528 3195; x_wconf 81' lang='lat' dir='ltr'><strong>quarto</strong></span> <span class='ocrx_word' id='word_1_394' title='bbox 552 3126 638 3177; x_wconf 86' lang='lat' dir='ltr'><strong>solum</strong></span> <span class='ocrx_word' id='word_1_395' title='bbox 668 3125 774 3178; x_wconf 87' lang='lat' dir='ltr'><strong>inducit</strong></span> <span class='ocrx_word' id='word_1_396' title='bbox 796 3127 936 3178; x_wconf 89' lang='lat' dir='ltr'><strong>Didonem</strong></span> <span class='ocrx_word' id='word_1_397' title='bbox 966 3126 1062 3194; x_wconf 76' lang='lat'><strong>(534.):</strong></span> <span class='ocrx_word' id='word_1_398' title='bbox 1092 3129 1137 3180; x_wconf 80' lang='lat' dir='ltr'><strong>En</strong></span> 
     </span>
     <span class='ocr_line' id='line_1_42' title="bbox 102 3191 1137 3275; baseline -0.002 -25"><span class='ocrx_word' id='word_1_399' title='bbox 102 3199 172 3267; x_wconf 77' lang='lat' dir='ltr'><strong>quid</strong></span> <span class='ocrx_word' id='word_1_400' title='bbox 190 3198 267 3267; x_wconf 83' lang='lat' dir='ltr'><strong>ago?</strong></span> <span class='ocrx_word' id='word_1_401' title='bbox 286 3199 319 3264; x_wconf 92' lang='lat' dir='ltr'><strong>(E</strong></span> <span class='ocrx_word' id='word_1_402' title='bbox 336 3195 476 3247; x_wconf 85' lang='lat' dir='ltr'><strong>contrario</strong></span> <span class='ocrx_word' id='word_1_403' title='bbox 494 3200 530 3262; x_wconf 88' lang='grc'><strong>(7,</strong></span> <span class='ocrx_word' id='word_1_404' title='bbox 547 3194 633 3258; x_wconf 75' lang='grc'><strong>822.);</strong></span> <span class='ocrx_word' id='word_1_405' title='bbox 651 3191 774 3259; x_wconf 85' lang='lat' dir='ltr'><strong>Quicum</strong></span> <span class='ocrx_word' id='word_1_406' title='bbox 792 3198 897 3275; x_wconf 61' lang='lat' dir='ltr'><strong>pertint</strong></span> <span class='ocrx_word' id='word_1_407' title='bbox 915 3195 1020 3258; x_wconf 90' lang='lat' dir='ltr'><strong>curas.)</strong></span> <span class='ocrx_word' id='word_1_408' title='bbox 1037 3196 1137 3261; x_wconf 54' lang='lat' dir='ltr'><strong>Mena</strong></span> 
     </span>
     <span class='ocr_line' id='line_1_43' title="bbox 102 3264 1134 3333; baseline 0.001 -16"><span class='ocrx_word' id='word_1_409' title='bbox 102 3285 136 3318; x_wconf 79' lang='lat' dir='ltr'><strong>ne</strong></span> <span class='ocrx_word' id='word_1_410' title='bbox 162 3283 218 3318; x_wconf 76' lang='lat' dir='ltr'><strong>ison</strong></span> <span class='ocrx_word' id='word_1_411' title='bbox 234 3274 324 3319; x_wconf 85' lang='lat' dir='ltr'><strong>vacat:</strong></span> <span class='ocrx_word' id='word_1_412' title='bbox 347 3265 484 3333; x_wconf 77' lang='lat' dir='ltr'><strong>significat</strong></span> <span class='ocrx_word' id='word_1_413' title='bbox 506 3265 582 3316; x_wconf 92' lang='lat' dir='ltr'><strong>enim</strong></span> <span class='ocrx_word' id='word_1_414' title='bbox 607 3281 690 3331; x_wconf 82' lang='lat' dir='ltr'><strong>argo,</strong></span> <span class='ocrx_word' id='word_1_415' title='bbox 715 3273 744 3318; x_wconf 89' lang='lat' dir='ltr'><strong>et</strong></span> <span class='ocrx_word' id='word_1_416' title='bbox 760 3272 801 3319; x_wconf 88' lang='lat' dir='ltr'><strong>est</strong></span> <span class='ocrx_word' id='word_1_417' title='bbox 814 3264 971 3316; x_wconf 87' lang='lat' dir='ltr'><strong>coniunctio</strong></span> <span class='ocrx_word' id='word_1_418' title='bbox 983 3264 1134 3319; x_wconf 88' lang='lat' dir='ltr'><strong>rationalis.</strong></span> 
     </span>
     <span class='ocr_line' id='line_1_44' title="bbox 100 3332 1135 3403; baseline 0.002 -17"><span class='ocrx_word' id='word_1_419' title='bbox 100 3335 213 3401; x_wconf 79' lang='lat' dir='ltr'><strong>lneepto</strong></span> <span class='ocrx_word' id='word_1_420' title='bbox 246 3338 393 3397; x_wconf 67' lang='lat' dir='ltr'><strong>desistam</strong></span> <span class='ocrx_word' id='word_1_421' title='bbox 422 3332 593 3386; x_wconf 87' lang='lat' dir='ltr'><strong>tolerabilius</strong></span> <span class='ocrx_word' id='word_1_422' title='bbox 623 3332 699 3384; x_wconf 89' lang='lat' dir='ltr'><strong>enim</strong></span> <span class='ocrx_word' id='word_1_423' title='bbox 724 3341 764 3385; x_wconf 86' lang='lat' dir='ltr'><strong>est</strong></span> <span class='ocrx_word' id='word_1_424' title='bbox 787 3349 844 3385; x_wconf 85' lang='lat' dir='ltr'><strong>non</strong></span> <span class='ocrx_word' id='word_1_425' title='bbox 867 3332 1020 3398; x_wconf 79' lang='lat' dir='ltr'><strong>inchoare,</strong></span> <span class='ocrx_word' id='word_1_426' title='bbox 1050 3351 1135 3403; x_wconf 85' lang='lat' dir='ltr'><strong>quam</strong></span> 
     </span>
     <span class='ocr_line' id='line_1_45' title="bbox 98 3398 1133 3474; baseline -0.002 -17"><span class='ocrx_word' id='word_1_427' title='bbox 98 3404 216 3474; x_wconf 84' lang='lat' dir='ltr'><strong>incepta</strong></span> <span class='ocrx_word' id='word_1_428' title='bbox 228 3404 353 3455; x_wconf 79' lang='lat' dir='ltr'><strong>deserere</strong></span> <span class='ocrx_word' id='word_1_429' title='bbox 371 3405 413 3470; x_wconf 91' lang='lat' dir='ltr'><strong>[ut</strong></span> <span class='ocrx_word' id='word_1_430' title='bbox 429 3402 576 3454; x_wconf 88' lang='lat' dir='ltr'><strong>Terentius</strong></span> <span class='ocrx_word' id='word_1_431' title='bbox 592 3401 672 3464; x_wconf 84' lang='lat' dir='ltr'><strong>(Eun.</strong></span> <span class='ocrx_word' id='word_1_432' title='bbox 687 3409 712 3466; x_wconf 88' lang='lat'><strong>1,</strong></span> <span class='ocrx_word' id='word_1_433' title='bbox 731 3401 810 3469; x_wconf 83' lang='lat'><strong>1,6.):</strong></span> <span class='ocrx_word' id='word_1_434' title='bbox 831 3398 932 3451; x_wconf 85' lang='lat' dir='ltr'><strong>Varum</strong></span> <span class='ocrx_word' id='word_1_435' title='bbox 951 3404 979 3452; x_wconf 87' lang='lat' dir='ltr'><strong>si</strong></span> <span class='ocrx_word' id='word_1_436' title='bbox 996 3403 1133 3470; x_wconf 83' lang='lat' dir='ltr'><strong>incipias,</strong></span> 
     </span>
     <span class='ocr_line' id='line_1_46' title="bbox 100 3469 1134 3541; baseline -0.001 -17"><span class='ocrx_word' id='word_1_437' title='bbox 100 3491 187 3541; x_wconf 80' lang='lat' dir='ltr'><strong>neque</strong></span> <span class='ocrx_word' id='word_1_438' title='bbox 204 3471 351 3540; x_wconf 81' lang='lat' dir='ltr'><strong>pertendas</strong></span> <span class='ocrx_word' id='word_1_439' title='bbox 370 3473 479 3523; x_wconf 78' lang='lat' dir='ltr'><strong>naviter</strong></span> <span class='ocrx_word' id='word_1_440' title='bbox 504 3469 548 3536; x_wconf 91' lang='lat' dir='ltr'><strong>(al.</strong></span> <span class='ocrx_word' id='word_1_441' title='bbox 565 3473 593 3520; x_wconf 88' lang='lat' dir='ltr'><strong>si</strong></span> <span class='ocrx_word' id='word_1_442' title='bbox 610 3471 747 3536; x_wconf 83' lang='lat' dir='ltr'><strong>incipies,</strong></span> <span class='ocrx_word' id='word_1_443' title='bbox 774 3487 861 3537; x_wconf 77' lang='lat' dir='ltr'><strong>nequa</strong></span> <span class='ocrx_word' id='word_1_444' title='bbox 885 3469 1016 3538; x_wconf 83' lang='lat' dir='ltr'><strong>perficias</strong></span> <span class='ocrx_word' id='word_1_445' title='bbox 1032 3474 1134 3539; x_wconf 81' lang='lat' dir='ltr'><strong>gnavi-</strong></span> 
     </span>
     <span class='ocr_line' id='line_1_47' title="bbox 98 3536 1179 3610; baseline -0.001 -16"><span class='ocrx_word' id='word_1_446' title='bbox 98 3555 155 3607; x_wconf 64' lang='grc' dir='ltr'><strong>σονς</strong></span> <span class='ocrx_word' id='word_1_447' title='bbox 174 3541 208 3594; x_wconf 87' lang='lat' dir='ltr'><strong>al.</strong></span> <span class='ocrx_word' id='word_1_448' title='bbox 225 3542 273 3608; x_wconf 85' lang='lat' dir='ltr'><strong>pol</strong></span> <span class='ocrx_word' id='word_1_449' title='bbox 291 3539 403 3602; x_wconf 78' lang='lat' dir='ltr'><strong>tendas.)</strong></span> <span class='ocrx_word' id='word_1_450' title='bbox 438 3539 474 3590; x_wconf 90' lang='lat' dir='ltr'><strong>Et</strong></span> <span class='ocrx_word' id='word_1_451' title='bbox 492 3556 568 3588; x_wconf 81' lang='lat' dir='ltr'><strong>mena</strong></span> <span class='ocrx_word' id='word_1_452' title='bbox 586 3538 624 3588; x_wconf 90' lang='lat' dir='ltr'><strong>sic</strong></span> <span class='ocrx_word' id='word_1_453' title='bbox 641 3539 728 3593; x_wconf 86' lang='lat' dir='ltr'><strong>habet</strong></span> <span class='ocrx_word' id='word_1_454' title='bbox 740 3536 915 3610; x_wconf 82' lang='lat' dir='ltr'><strong>emphasim,</strong></span> <span class='ocrx_word' id='word_1_455' title='bbox 931 3547 977 3592; x_wconf 89' lang='lat' dir='ltr'><strong>ut:</strong></span> <span class='ocrx_word' id='word_1_456' title='bbox 1002 3538 1054 3590; x_wconf 83' lang='lat' dir='ltr'><strong>Ast</strong></span> <span class='ocrx_word' id='word_1_457' title='bbox 1070 3558 1132 3608; x_wconf 81' lang='lat' dir='ltr'><strong>ago,</strong></span> <span class='ocrx_word' id='word_1_458' title='bbox 1172 3586 1179 3599; x_wconf 72' lang='grc'><strong>,</strong></span> 
     </span>
     <span class='ocr_line' id='line_1_48' title="bbox 118 3606 1132 3687; baseline 0.001 -26"><span class='ocrx_word' id='word_1_459' title='bbox 118 3628 169 3661; x_wconf 84' lang='lat' dir='ltr'><strong>uua</strong></span> <span class='ocrx_word' id='word_1_460' title='bbox 183 3611 279 3662; x_wconf 82' lang='lat' dir='ltr'><strong>divum</strong></span> <span class='ocrx_word' id='word_1_461' title='bbox 298 3610 395 3660; x_wconf 82' lang='lat' dir='ltr'><strong>incedo</strong></span> <span class='ocrx_word' id='word_1_462' title='bbox 416 3609 523 3687; x_wconf 71' lang='lat' dir='ltr'><strong>ragina.</strong></span> <span class='ocrx_word' id='word_1_463' title='bbox 564 3606 682 3671; x_wconf 76' lang='lat' dir='ltr'><strong>Virtam,</strong></span> <span class='ocrx_word' id='word_1_464' title='bbox 701 3608 774 3659; x_wconf 86' lang='lat' dir='ltr'><strong>utin</strong></span> <span class='ocrx_word' id='word_1_465' title='bbox 788 3610 843 3669; x_wconf 72' lang='lat' dir='ltr'><strong>vu.</strong></span> <span class='ocrx_word' id='word_1_466' title='bbox 862 3606 966 3658; x_wconf 83' lang='lat' dir='ltr'><strong>Vincor</strong></span> <span class='ocrx_word' id='word_1_467' title='bbox 980 3609 1014 3659; x_wconf 81' lang='lat' dir='ltr'><strong>ab</strong></span> <span class='ocrx_word' id='word_1_468' title='bbox 1029 3608 1132 3662; x_wconf 78' lang='lat' dir='ltr'><strong>Aenea.</strong></span> 
     </span>
     <span class='ocr_line' id='line_1_49' title="bbox 95 3627 1133 3748; baseline -0.002 -16"><span class='ocrx_word' id='word_1_469' title='bbox 95 3627 134 3733; x_wconf 58' lang='lat' dir='ltr'><strong>dt</strong></span> <span class='ocrx_word' id='word_1_470' title='bbox 156 3680 257 3730; x_wconf 62' lang='lat' dir='ltr'><strong>victam</strong></span> <span class='ocrx_word' id='word_1_471' title='bbox 273 3694 301 3729; x_wconf 90' lang='lat' dir='ltr'><strong>se</strong></span> <span class='ocrx_word' id='word_1_472' title='bbox 325 3683 499 3748; x_wconf 75' lang='lat' dir='ltr'><strong>pronuntiat,</strong></span> <span class='ocrx_word' id='word_1_473' title='bbox 523 3673 596 3727; x_wconf 85' lang='lat' dir='ltr'><strong>velut</strong></span> <span class='ocrx_word' id='word_1_474' title='bbox 617 3676 734 3738; x_wconf 76' lang='lat' dir='ltr'><strong>victam3</strong></span> <span class='ocrx_word' id='word_1_475' title='bbox 757 3676 806 3729; x_wconf 87' lang='lat' dir='ltr'><strong>alii</strong></span> <span class='ocrx_word' id='word_1_476' title='bbox 828 3676 931 3728; x_wconf 86' lang='lat' dir='ltr'><strong>iratam</strong></span> <span class='ocrx_word' id='word_1_477' title='bbox 946 3675 1082 3743; x_wconf 71' lang='lat' dir='ltr'><strong>tradimt]</strong></span> <span class='ocrx_word' id='word_1_478' title='bbox 1098 3703 1133 3717; x_wconf 90' lang='lat'><em>-</em></span> 
     </span>
    </p>
   </div>
   <div class='ocr_carea' id='block_1_3' title="bbox 94 3741 1133 4091">
    <p class='ocr_par' dir='ltr' id='par_1_3' title="bbox 94 3741 1133 4091">
     <span class='ocr_line' id='line_1_50' title="bbox 96 3741 1131 3814; baseline 0 -16"><span class='ocrx_word' id='word_1_479' title='bbox 96 3754 141 3807; x_wconf 76' lang='grc'><strong>38.</strong></span> <span class='ocrx_word' id='word_1_480' title='bbox 160 3745 217 3798; x_wconf 84' lang='lat' dir='ltr'><strong>Nec</strong></span> <span class='ocrx_word' id='word_1_481' title='bbox 235 3762 316 3814; x_wconf 82' lang='lat' dir='ltr'><strong>possa</strong></span> <span class='ocrx_word' id='word_1_482' title='bbox 334 3753 384 3797; x_wconf 87' lang='lat' dir='ltr'><strong>eto.</strong></span> <span class='ocrx_word' id='word_1_483' title='bbox 418 3743 462 3795; x_wconf 81' lang='lat' dir='ltr'><strong>sic</strong></span> <span class='ocrx_word' id='word_1_484' title='bbox 479 3741 531 3812; x_wconf 90' lang='lat' dir='ltr'><strong>[et]</strong></span> <span class='ocrx_word' id='word_1_485' title='bbox 548 3743 576 3795; x_wconf 89' lang='lat' dir='ltr'><strong>iu</strong></span> <span class='ocrx_word' id='word_1_486' title='bbox 602 3745 720 3813; x_wconf 74' lang='lat' dir='ltr'><strong>septimo</strong></span> <span class='ocrx_word' id='word_1_487' title='bbox 744 3744 840 3812; x_wconf 87' lang='lat'><strong>(310.):</strong></span> <span class='ocrx_word' id='word_1_488' title='bbox 862 3744 967 3796; x_wconf 83' lang='lat' dir='ltr'><strong>Vincor</strong></span> <span class='ocrx_word' id='word_1_489' title='bbox 980 3747 1016 3797; x_wconf 83' lang='lat' dir='ltr'><strong>ab</strong></span> <span class='ocrx_word' id='word_1_490' title='bbox 1030 3745 1131 3799; x_wconf 80' lang='lat' dir='ltr'><strong>Aenea.</strong></span> 
     </span>
     <span class='ocr_line' id='line_1_51' title="bbox 95 3810 1133 3884; baseline -0.001 -14"><span class='ocrx_word' id='word_1_491' title='bbox 95 3817 133 3870; x_wconf 84' lang='lat' dir='ltr'><strong>Et</strong></span> <span class='ocrx_word' id='word_1_492' title='bbox 156 3815 272 3869; x_wconf 84' lang='lat' dir='ltr'><strong>detraxit</strong></span> <span class='ocrx_word' id='word_1_493' title='bbox 297 3828 378 3866; x_wconf 90' lang='lat' dir='ltr'><strong>more</strong></span> <span class='ocrx_word' id='word_1_494' title='bbox 403 3828 451 3863; x_wconf 89' lang='lat' dir='ltr'><strong>suo</strong></span> <span class='ocrx_word' id='word_1_495' title='bbox 482 3810 717 3882; x_wconf 85' lang='lat' dir='ltr'><strong>praepositionem</strong></span> <span class='ocrx_word' id='word_1_496' title='bbox 747 3813 912 3884; x_wconf 85' lang='lat' dir='ltr'><strong>provinciae.</strong></span> <span class='ocrx_word' id='word_1_497' title='bbox 960 3812 1026 3866; x_wconf 89' lang='lat' dir='ltr'><strong>Non</strong></span> <span class='ocrx_word' id='word_1_498' title='bbox 1055 3815 1133 3868; x_wconf 85' lang='lat' dir='ltr'><strong>enim</strong></span> 
     </span>
     <span class='ocr_line' id='line_1_52' title="bbox 95 3879 1133 3951; baseline -0.002 -15"><span class='ocrx_word' id='word_1_499' title='bbox 95 3885 163 3937; x_wconf 85' lang='lat' dir='ltr'><strong>dixit</strong></span> <span class='ocrx_word' id='word_1_500' title='bbox 187 3885 218 3933; x_wconf 82' lang='lat' dir='ltr'><strong>de</strong></span> <span class='ocrx_word' id='word_1_501' title='bbox 244 3882 347 3934; x_wconf 76' lang='lat' dir='ltr'><strong>ltalia:</strong></span> <span class='ocrx_word' id='word_1_502' title='bbox 372 3880 420 3933; x_wconf 86' lang='lat' dir='ltr'><strong>sed</strong></span> <span class='ocrx_word' id='word_1_503' title='bbox 443 3881 539 3932; x_wconf 85' lang='lat' dir='ltr'><strong>ltalia.</strong></span> <span class='ocrx_word' id='word_1_504' title='bbox 575 3879 776 3948; x_wconf 64' lang='lat' dir='ltr'><strong>[Teucrorum</strong></span> <span class='ocrx_word' id='word_1_505' title='bbox 800 3880 866 3951; x_wconf 86' lang='lat' dir='ltr'><strong>quia</strong></span> <span class='ocrx_word' id='word_1_506' title='bbox 889 3881 996 3935; x_wconf 82' lang='lat' dir='ltr'><strong>Teucer</strong></span> <span class='ocrx_word' id='word_1_507' title='bbox 1021 3889 1051 3937; x_wconf 83' lang='lat' dir='ltr'><strong>et</strong></span> <span class='ocrx_word' id='word_1_508' title='bbox 1066 3882 1133 3934; x_wconf 85' lang='lat' dir='ltr'><strong>Soa·</strong></span> 
     </span>
     <span class='ocr_line' id='line_1_53' title="bbox 96 3947 1132 4018; baseline 0.003 -15"><span class='ocrx_word' id='word_1_509' title='bbox 96 3952 234 4004; x_wconf 78' lang='lat' dir='ltr'><strong>mandras</strong></span> <span class='ocrx_word' id='word_1_510' title='bbox 259 3951 343 4003; x_wconf 85' lang='lat' dir='ltr'><strong>Creta</strong></span> <span class='ocrx_word' id='word_1_511' title='bbox 366 3949 482 4018; x_wconf 83' lang='lat' dir='ltr'><strong>proiecti</strong></span> <span class='ocrx_word' id='word_1_512' title='bbox 506 3947 622 4000; x_wconf 90' lang='lat' dir='ltr'><strong>Troiam</strong></span> <span class='ocrx_word' id='word_1_513' title='bbox 644 3957 791 4015; x_wconf 68' lang='lat' dir='ltr'><strong>venerint,</strong></span> <span class='ocrx_word' id='word_1_514' title='bbox 820 3956 851 4001; x_wconf 91' lang='lat' dir='ltr'><strong>et</strong></span> <span class='ocrx_word' id='word_1_515' title='bbox 872 3950 947 4002; x_wconf 84' lang='lat' dir='ltr'><strong>iacta</strong></span> <span class='ocrx_word' id='word_1_516' title='bbox 970 3951 1132 4006; x_wconf 70' lang='lat' dir='ltr'><strong>uesanos·</strong></span> 
     </span>
     <span class='ocr_line' id='line_1_54' title="bbox 94 4016 1132 4091; baseline -0.005 -16"><span class='ocrx_word' id='word_1_517' title='bbox 94 4039 113 4075; x_wconf 76' lang='lat' dir='ltr'><strong>a</strong></span> <span class='ocrx_word' id='word_1_518' title='bbox 135 4021 265 4075; x_wconf 78' lang='lat' dir='ltr'><strong>Dardano</strong></span> <span class='ocrx_word' id='word_1_519' title='bbox 289 4016 407 4088; x_wconf 85' lang='lat' dir='ltr'><strong>hospitio</strong></span> <span class='ocrx_word' id='word_1_520' title='bbox 431 4017 552 4090; x_wconf 75' lang='lat' dir='ltr'><strong>accepite</strong></span> <span class='ocrx_word' id='word_1_521' title='bbox 579 4016 614 4070; x_wconf 86' lang='lat' dir='ltr'><strong>da</strong></span> <span class='ocrx_word' id='word_1_522' title='bbox 638 4016 749 4073; x_wconf 83' lang='lat' dir='ltr'><strong>advenis</strong></span> <span class='ocrx_word' id='word_1_523' title='bbox 771 4020 844 4072; x_wconf 79' lang='lat' dir='ltr'><strong>cives</strong></span> <span class='ocrx_word' id='word_1_524' title='bbox 873 4016 941 4072; x_wconf 82' lang='lat' dir='ltr'><strong>iacti</strong></span> <span class='ocrx_word' id='word_1_525' title='bbox 959 4025 1043 4087; x_wconf 77' lang='lat' dir='ltr'><strong>sunt,</strong></span> <span class='ocrx_word' id='word_1_526' title='bbox 1065 4021 1132 4091; x_wconf 71' lang='lat' dir='ltr'><strong>qaus</strong></span> 
     </span>
    </p>
   </div>
   <div class='ocr_carea' id='block_1_4' title="bbox 0 0 1232 4500">
    <p class='ocr_par' dir='ltr' id='par_1_4' title="bbox 0 0 1232 4500">
     <span class='ocr_line' id='line_1_55' title="bbox 0 0 1232 4500; baseline 0 7"><span class='ocrx_word' id='word_1_527' title='bbox 0 0 1232 4500; x_wconf 95' lang='lat' dir='ltr'><strong> </strong></span> 
     </span>
    </p>
   </div>
  </div>
 </body>
</html>
