2454 4500
500 48 510 79 Ι

355 159 360 175 ,
501 135 505 164 l

106 258 171 325 108·
274 210 287 247 ²
313 234 503 317 ssauvu
518 255 879 323 ,oouusummus
955 348 958 353 Ι

103 442 211 505 dicant,
235 439 308 508 quod
326 455 358 492 eo
375 439 491 493 numine
508 441 621 494 consilia
637 440 667 493 in
691 442 825 495 medullas
840 442 993 499 labantur:
1012 444 1061 499 Alii
1082 453 1110 490 ,t'

104 511 261 563 mnerniam
279 508 505 560 velMeminiam
524 510 632 576 dicunt,
650 512 723 578 quod
740 512 904 565 meminerit
921 514 1054 567 amnium,
1087 523 1090 532 ·
1140 510 1142 563 ξ

103 591 132 634 et
148 579 315 631 verticordia
334 586 362 631 et
379 580 515 629 militaris
538 578 638 632 Venus.
676 581 726 630 Est
742 589 772 632 et
787 580 938 634 Limnesia
957 600 1027 653 qma
1049 606 1104 636 w
1137 591 1142 637 ξ

102 650 153 702 bus
174 656 294 719 praeest,
318 647 377 716 ipsa
400 655 428 698 et
455 647 563 698 Victrix
588 656 617 700 et
644 648 751 700 Nutrix
776 649 925 717 (Genitrix)
950 668 983 707 ex
1013 652 1063 705 Cr.¹
1082 653 1109 712 .ῐὶ
1128 674 1142 703 -.

101 720 208 771 somnio
234 722 350 768 sacrata.
388 715 437 765 Est
461 724 488 768 et
517 717 608 767 Venus
626 716 729 783 'calva,
752 718 789 768 ob
813 719 886 771 hanc
909 736 1037 787 causam,
1133 746 1142 751 -

102 806 166 839 curu
184 784 256 836 Galli
273 782 441 854 Capitolium
457 784 628 851 obsiderent,
652 795 682 838 et
704 787 830 839 deessent
852 790 933 840 funes
950 788 1071 841 Romanu

101 863 240 908 tormenta
266 853 408 917 iacienda,
432 854 522 924 prima
539 854 664 906 Domitia
687 856 794 908 crinem
817 873 914 922 suurn,
940 852 1003 928 post
1045 884 1046 887 ¹
1067 890 1074 899 -
1100 907 1103 910 .
1136 892 1139 897 -

101 934 244 978 matronae
267 922 392 973 imitatae
416 939 494 988 eam,
518 932 710 988 exsecuertmt,
734 925 807 976 unda
830 927 905 978 iacta
927 932 1072 991 tormenta,

100 1002 161 1067 post
182 992 399 1045 bellum'statua
422 991 523 1043 Veneri
545 992 598 1042 hoc
621 995 735 1044 nomine
761 993 896 1045 collocata
919 1002 979 1061 est,
999 995 1058 1061 licat
1078 991 1142 1055 Γ,

102 1065 209 1113 caleam
233 1060 376 1126 Venerem,
393 1060 471 1127 quasi
486 1074 587 1130 pinam
604 1062 728 1123 tradant3
747 1062 794 1112 alii
812 1065 940 1129 calvam,
996 1063 1031 1117 od
1050 1085 1072 1105 νυ
1086 1087 1087 1094 ¹

100 1140 244 1184 amantum
262 1130 379 1192 calciat,
396 1129 414 1179 i.
432 1147 469 1192 a,
485 1129 576 1193 fallat,
593 1138 675 1198 atque
693 1130 792 1182 eludat.
822 1130 943 1199 Quidam
958 1080 1107 1201 dilettntpffl
1133 1164 1142 1173 ·

99 1201 189 1269 rigine
214 1198 280 1250 olim
303 1197 416 1264 capillos
445 1198 575 1249 cecidisse
596 1199 722 1262 feminis,
753 1207 782 1252 ct
803 1201 913 1251 Ancum
936 1200 1042 1270 Regem
1060 1208 1108 1261 m

9 1307 11 1311 Α
100 1270 176 1322 uxori
192 1276 312 1321 statuam
332 1267 446 1316 Calvam
464 1266 599 1334 posuisse,
616 1269 689 1334 quod
706 1267 828 1321 constitit
844 1269 969 1338 piaculo;
986 1282 1049 1323 nam
1104 1297 1111 1330 v,
1132 1289 1133 1292 ¹

100 1338 227 1388 omnibus
250 1335 363 1388 feminis
386 1335 480 1401 capilli
501 1335 591 1386 renati
615 1345 692 1400 sunt,
716 1337 788 1389 unde
811 1336 969 1388 institutum
991 1346 1023 1389 ut
1042 1334 1084 1387 ccl
1109 1337 1113 1372 t

104 1407 195 1458 Venus
212 1405 355 1456 coleretur.
389 1405 469 1474 Apud
486 1403 601 1472 Cyprios
617 1405 707 1456 Venus
730 1406 760 1456 in
785 1407 902 1458 modum
926 1404 1063 1471 umbilici,

99 1483 129 1526 ut
147 1474 260 1543 quidam
284 1473 392 1536 volunt,
417 1481 509 1524 metae
534 1473 640 1524 colitur.
663 1473 698 1523 ‘A
718 1474 754 1524 ud
771 1474 906 1540 Ephesios
927 1474 1057 1526 Venerem
1070 1471 1117 1521 la·-

98 1556 226 1597 tomatem
251 1542 390 1604 dixerunt,
414 1541 456 1593 vel
473 1541 658 1608 Epidaetiam.
720 1541 776 1593 atio
801 1551 896 1597 autem
918 1560 1020 1596 eorum
1042 1538 1117 1595 noni·

98 1631 166 1667 num
183 1612 244 1663 talis
262 1618 310 1664 est.
344 1608 513 1661 Maeliboees
538 1617 565 1661 et
581 1610 668 1660 Alexis
691 1626 786 1662 amore
810 1628 838 1663 sa
856 1620 954 1663 mutuo
972 1612 1122 1681 dssexenut,

99 1690 126 1736 et
138 1685 294 1733 iuramento
308 1695 337 1730 se
350 1678 560 1742 adstrinxerunt,
576 1686 607 1747 ut
621 1693 686 1730 cum
699 1680 733 1731 ad
746 1686 856 1750 tempus
868 1682 1033 1753 nuptiarum
1044 1676 1139 1734 ttulit-¹,

98 1760 158 1804 sent
178 1750 290 1801 sibimet
321 1746 518 1814 iungerentur:
546 1747 594 1798 sad
618 1762 683 1797 cum
705 1748 840 1816 virginem
862 1758 995 1821 parantes
1017 1748 1059 1800 sui
1079 1742 1120 1799 affl

97 1820 317 1889 despondissent,
342 1822 370 1866 et
386 1815 439 1865 hcc
456 1815 543 1866 Alexis
560 1815 682 1881 vidisset,
704 1825 887 1886 spontaneum
903 1818 992 1873 subiit
1012 1816 1118 1872 exl'limt·
1135 1870 1138 1875 .

97 1890 180 1955 Virgo
207 1894 301 1939 autem
330 1884 390 1953 ipso
414 1884 574 1954 nuptiarum
599 1884 643 1935 die
666 1892 755 1936 semet
778 1887 812 1939 de
835 1893 909 1938 tecto
932 1878 1142 2007 praecipuis}

117 1975 168 2009 uae
186 1971 251 2006 cum
266 1954 361 2006 illaesa
378 1953 535 2018 decidisset,
552 1953 581 2003 in
599 1954 696 2018 lugam
713 1968 845 2006 conversa
861 1956 992 2024 pervenit
1007 1974 1024 2009 a
1056 1954 1142 2017 litu-s

94 1975 190 2095 iiiique
206 2023 337 2093 scapham
354 2021 489 2085 ascendit,
513 2038 545 2073 ex
563 2037 616 2089 qua
633 2029 730 2090 sponte
748 2023 827 2074 funes
844 2023 928 2075 soluti
951 2042 1012 2078 esse
1034 2023 1142 2075 dicae-t

62 2154 65 2159 Ι
96 2103 155 2146 tur:
180 2092 317 2143 voluntate
334 2091 427 2158 itaque
446 2089 570 2140 Deorum
588 2099 714 2158 pervecta
732 2096 790 2157 est,'
809 2091 858 2143 ubi
876 2098 988 2145 amator
1003 2090 1142 2145 morale·

95 2171 157 2227 tur,
175 2177 258 2229 quam
275 2160 414 2223 rumille,
432 2175 531 2228 parans
547 2175 612 2208 cum
628 2159 766 2210 sodalibus
783 2162 945 2229 convivium,
963 2160 1120 2232 suscepisset.
1138 2186 1142 2195 .

96 2247 148 2306 pro
165 2231 224 2296 ipso
241 2228 282 2280 rei
301 2236 399 2280 eventu
415 2228 551 2299 templum
568 2227 721 2279 constituit:
747 2227 826 2294 Quod
850 2246 919 2298 ergo
943 2238 1044 2297 sponte
1063 2227 1119 2280 tuit·

96 2306 157 2351 sent
179 2297 274 2363 soluti,
304 2298 466 2349 Automatae
493 2296 593 2347 Veneri
617 2312 721 2348 nomen
745 2298 875 2364 sacravit,
907 2301 1038 2368 quodque
1063 2308 1118 2347 cun

97 2367 189 2437 epulas
226 2373 333 2430 araret,
357 2367 433 2432 virgo
458 2364 484 2416 ai
510 2365 587 2433 aquus
611 2365 707 2416 fuisset
724 2365 851 2431 advecta,
873 2367 1006 2434 Epidaeti
1020 2378 1119 2419 sacrun

96 2386 224 2501 dicavitf
249 2435 363 2485 Abalere
381 2433 528 2483 Sithaeum
547 2434 668 2499 incipit5
693 2433 761 2484 ordo
778 2433 919 2487 naturalis.
954 2430 1035 2487 Prius
1051 2431 1118 2487 anim

96 2514 152 2571 est,
175 2505 289 2556 evellere.
313 2501 500 2553 inhaerentia:
531 2509 558 2553 et
582 2509 644 2570 post
665 2517 735 2554 nova
758 2503 872 2555 inferre.
915 2503 959 2554 Sic
984 2502 1118 2558 Terentius

97 2575 189 2645 (Andr.
207 2582 240 2637 2,
259 2582 290 2635 2,
308 2570 359 2632 2.)ε
392 2568 427 2619 Ut
451 2583 552 2620 metum
578 2574 609 2622 in
634 2587 688 2637 quo
715 2588 790 2621 nunc
815 2584 856 2622 est
880 2572 1023 2637 adimam,
1046 2584 1118 2637 atquc

97 2643 221 2710 expleam
239 2642 367 2691 animum
386 2640 500 2706 gaudio.
520 2666 553 2677 ·-
587 2644 649 2696 721.
680 2639 747 2692 Vivo
766 2658 876 2705 amore,·
899 2649 948 2693 aut
964 2642 1017 2693 vivi
1036 2636 1119 2693 homi·

96 2713 153 2774 nis,
177 2717 225 2762 aut
247 2716 321 2769 certa
345 2707 510 2760 vehementi.
553 2706 741 2773 Praevertere,·
772 2725 993 2780 praeoccuparet
1015 2714 1118 2829 prora

96 2782 231 2831 Iunonem
253 2778 311 2829 sine
333 2777 425 2828 dubio.
451 2801 486 2814 -
525 2785 587 2832 722.
612 2776 746 2843 Resides5
776 2778 884 2847 pigros,
916 2778 952 2830 ad
976 2795 1058 2831 aman
1076 2788 1118 2825 son

40 2902 44 2907 ,
96 2848 207 2900 inertes.
241 2848 382 2898 Iiuaverat
399 2845 488 2907 enim,
512 2845 579 2895 nulli
596 2862 625 2896 se
643 2862 699 2897 esse
723 2854 880 2914 nupturam.
915 2847 1044 2914 [Resides
1059 2858 1118 2897 saue

97 2917 199 2971 milites
223 2915 302 2965 otiosi
326 2922 354 2966 et
376 2913 448 2983 pigri
474 2914 615 2965 dicuntur:
645 2921 677 2963 ut
701 2918 744 2981 (6,
758 2913 845 2976 813.)ε
874 2914 1046 2983 Residesque
1068 2930 1117 2963 mo-

97 2988 171 3037 vebit
196 2983 298 3033 Tullus
324 2985 355 3033 in
380 3000 459 3032 arma
485 2980 583 3046 viras]
624 2982 702 3035 Unde
724 2989 822 3034 contra
847 2985 988 3035 instantes
1010 2984 1117 3035 dicisum

98 3055 264 3106 industrias.
284 3077 318 3088 -
351 3058 413 3107 723.
432 3049 520 3115 Quies
538 3051 644 3116 epulis3
669 3060 782 3121 propter
805 3052 931 3119 regalem
947 3052 1116 3105 affluentiam

98 3124 201 3175 Contra
217 3137 300 3190 supra
317 3118 396 3186 (216.)
414 3122 466 3171 ait:
491 3118 639 3186 Postquam
658 3133 781 3187 exernpta
799 3121 895 3188 fames
920 3122 1029 3190 epulisr
1049 3122 1117 3191 [pru-

97 3200 159 3265 pter
182 3197 298 3242 naturae
321 3189 525 3254 necessitatem,
553 3203 609 3239 non
634 3198 727 3240 autem
749 3187 911 3256 luxuriam]
957 3190 1116 3257 Mensaque

99 3272 217 3313 remotae
224 3281 234 3323 ,-
256 3257 322 3310 licet
345 3256 396 3306 sub
421 3266 547 3309 extranea
571 3273 702 3327 persona,
725 3257 916 3308 Rornanorum
941 3266 1039 3312 tamen
1053 3272 1117 3313 em·

99 3329 191 3396 quitur
213 3342 337 3390 morem,
360 3327 433 3391 apud
458 3342 525 3393 quos
548 3326 618 3378 duae
641 3343 751 3377 mensae
775 3335 869 3376 eraut:
894 3343 949 3380 una
974 3328 1116 3415 carduum,

99 3398 187 3449 altera
211 3396 388 3466 poculorum,
410 3396 486 3510 Luam
510 3394 572 3444 ideo
595 3392 729 3462 sequitur]
752 3407 893 3461 crateras,·
916 3393 967 3463 [et]
985 3402 1116 3450 brascam

100 3472 141 3517 est
157 3464 192 3514 ab
210 3479 243 3515 eo
261 3463 333 3530 quod
352 3469 393 3513 est
430 3466 454 3510 t'c
474 3474 570 3514 crater.
604 3465 675 3515 Nam
693 3463 790 3514 Latine
808 3463 876 3527 haec
893 3476 1003 3517 cratera
1021 3464 1117 3519 dicitu.

99 3533 178 3583 Unde
194 3533 301 3581 Persius
318 3537 358 3595 (2,
377 3530 443 3590 52.):
467 3530 499 3581 Si
516 3533 569 3581 titi
587 3546 709 3583 crateras
727 3534 837 3599 argenti
855 3534 1025 3600 inclusaque
1041 3532 1116 3585 mults

101 3600 202 3664 (Guel‘.
219 3601 251 3650 II.
269 3601 373 3666 pingui
378 3622 388 3662 ,·
406 3598 494 3651 Guelf.
513 3600 534 3649 I.
554 3603 639 3651 multa
657 3601 770 3669 pingui)
788 3602 864 3653 Auro
884 3602 960 3653 dona
971 3604 1076 3673 seram.
1088 3624 1119 3641 ··

100 3672 162 3727 724.
180 3667 214 3716 Et
239 3671 307 3718 vina
332 3680 484 3730 coronant,·
509 3670 577 3717 vina
602 3685 652 3738 pro
669 3670 773 3739 poculis
788 3671 892 3740 posuit,
916 3679 947 3723 et
969 3680 1013 3725 est
1032 3680 1120 3743 tropat

100 3736 284 3804 synecdoche,
314 3743 345 3785 ut
369 3736 491 3785 Cererem
515 3735 630 3786 dicimus
658 3753 709 3808 pro
734 3737 888 3806 frumento.
929 3738 974 3792 Sic
1004 3742 1122 3803 Plaututt

102 3802 194 3876 (Cum)
216 3804 319 3854 Vinum
336 3822 479 3870 precemur
496 3804 536 3871 (L.
554 3806 727 3871 precamur):
747 3806 887 3876 nam[que]
901 3805 949 3858 hic
962 3810 1034 3863 deus
1048 3824 1134 3881 pras·-

103 3891 168 3926 sens
186 3874 271 3922 adest.
309 3871 452 3924 Coronant
476 3881 569 3925 autem
592 3881 633 3924 est
655 3883 702 3926 aut
724 3876 841 3946 implent
863 3892 950 3944 usque
973 3880 1010 3933 ad
1026 3876 1124 3947 mugi·

103 3958 186 4005 nem,
217 3948 264 3992 aut
293 3940 357 4008 quia
391 3940 497 4010 antiqui
527 3942 698 3995 coronabant
726 3947 837 4014 pocula,
862 3946 896 3996 'ct
924 3947 965 4000 sic
994 3948 1124 4001 libabunt

103 4011 182 4064 Unda
198 4017 240 4061 est
255 4012 297 4075 (3,
315 4008 399 4073 525.):
415 4010 556 4078 Magnum
573 4022 680 4064 cratera
699 4028 802 4068 carana
819 4014 935 4081 Induit,
952 4017 1125 4087 implevimus
