2454 4500
176 268 244 331 290
438 261 574 324 suum
597 259 942 327 couneummus
998 265 1003 275 ’
1095 320 1103 337 ,

180 434 246 495 care
262 443 395 515 cupiebat
429 445 489 514 Ipsa
505 444 580 497 enim
596 445 636 496 ait
650 445 743 511 (323.):
767 442 881 512 hospes,
903 441 966 495 Hoc
983 441 1081 494 solum
1104 459 1199 495 nomen

182 514 314 579 qusniam
333 515 365 564 de
383 518 499 580 coniuge
518 525 617 578 restat,
637 512 791 565 Herodotus
808 511 1043 578 (9,11.)·Persae
1060 513 1109 580 qui
1124 519 1199 564 eram

164 580 355 641 ¹Graecorum
377 581 487 646 hostes,
516 578 604 643 ξένους
633 598 650 631 a
675 580 900 632 Lacedaemoniis
926 579 1082 660 appellatos
1109 580 1197 641 refert.

181 647 248 699 Inde
264 649 350 700 nostri
367 649 456 700 hostes
474 665 524 716 pro
541 650 696 716 hospitibus
713 648 849 710 dixerunt3
864 664 931 699 nam
946 647 1058 699 minuci
1073 647 1194 713 perduel-

181 715 221 766 les
246 715 416 768 dicebantur.
440 741 475 755 -·
524 722 587 776 425.
616 716 682 768 Non
706 734 754 783 ego
779 723 845 777 etc.;
869 731 961 767 sensus
982 715 1024 767 illi
1047 715 1194 767 contrariu

181 787 227 851 (3,
243 784 330 846 602.):
351 785 413 836 Seio
440 802 480 836 me
497 784 612 836 Danais
636 785 807 835 eciassibus
829 781 936 847 unum]
952 809 988 820 -
1020 786 1084 841 426.
1100 783 1192 834 Aulide

100 900 103 907 ,
183 853 295 911 iuraui3
312 853 395 904 Aulis
411 853 556 906 insulaest
571 852 624 920 [vel
639 860 732 922 portus
747 852 883 919 indegeo
900 848 1002 915 mari‚]
1018 851 1050 902 in
1086 867 1120 913 ua
1135 865 1191 903 coa·

157 919 305 991 „iurarunt
328 919 445 986 Graeci,
467 937 496 971 se
519 937 576 972 non
600 928 664 973 ante
684 935 839 971 reversuros
862 919 916 987 [ud
938 867 1093 986 patriamd,
1115 935 1189 989 qnam

180 983 265 1038 Troia
281 997 432 1056 caperetur.
467 989 568 1040 Aulide
585 996 678 1040 autem
694 995 741 1038 aut
765 991 796 1036 in
814 986 930 1052 Aulide,
953 988 1001 1039 aut
1022 1001 1075 1054 pro
1090 987 1188 1039 Aulidi.

179 1054 223 1104 Aa
247 1053 396 1122 Pergam03
418 1054 449 1106 in
471 1056 622 1124 Pergama:
644 1056 662 1106 i.
680 1074 703 1107 e.
726 1063 822 1107 contra
838 1055 1030 1123 Pergama.-
1062 1058 1124 1112 427.
1138 1057 1188 1107 An·

180 1121 273 1172 odisee
291 1127 411 1187 uiueres,
429 1141 556 1175 manesve
576 1125 686 1188 reueiii¹5
708 1124 753 1189 [ad
770 1122 823 1172 hoc
839 1120 945 1187 autem]
960 1121 1035 1190 quod
1050 1122 1148 1175 dicitur
1161 1137 1189 1177 ex

180 1186 289 1241 oraculo
306 1192 401 1243 iecisse
414 1190 563 1244 Diomedes
578 1200 606 1245 et
618 1206 713 1243 secum
725 1191 783 1242 cius
796 1205 856 1243 ossa
907 1198 1002 1256 rtaase,
1017 1205 1088 1258 quae
1103 1198 1190 1259 postea

179 1257 298 1310 reddidit
320 1257 469 1327 [Aeneae‚]
492 1275 556 1311 cum
578 1260 664 1311 multa
686 1259 797 1310 adversa
819 1276 838 1327 p
882 1266 965 1310 erret
1004 1258 1077 1310 Hinc
1097 1267 1138 1312 est
1156 1263 1188 1325 (5,

178 1325 249 1389 flod:
271 1324 377 1378 Salvete
394 1330 493 1393 recepti
510 1327 701 1395 Nequicquom
719 1328 833 1376 cineres.
866 1325 1013 1378 Sciendum
1029 1342 1111 1394 sane,
1130 1329 1189 1379 Vas·

179 1408 279 1446 ronam
302 1395 408 1460 dicere,
432 1394 599 1447 Diomedem
621 1403 701 1447 eruta
723 1393 855 1445 Anchisae
880 1409 940 1445 ossa
962 1391 1020 1443 titio
1034 1393 1190 1447 reddidisse:

179 1462 313 1515 Catonem
337 1471 430 1519 autem
453 1463 598 1516 adfirmare
621 1462 694 1531 quod
716 1461 844 1513 Anchises
865 1462 901 1514 ad
922 1460 1032 1513 Italiam
1054 1461 1190 1530 ven[er]it:

176 1535 254 1582 unta
271 1537 313 1582 est
327 1530 400 1582 inter
416 1533 488 1597 ipsos
505 1535 630 1595 varietas,
646 1538 674 1581 et
688 1529 866 1582 historiarum
882 1529 1013 1587 confusio.
1048 1530 1147 1597 (Guelf.
1160 1530 1191 1581 t:

197 1599 322 1650 ecferret.
355 1599 392 1650 Et
413 1599 466 1650 hoc.
483 1600 570 1650 Varro
587 1597 666 1654 dicit,
689 1614 756 1648 nam
772 1598 904 1665 captionis
921 1604 975 1662 est,
998 1597 1073 1665 quod
1093 1598 1129 1651 ad
1143 1600 1190 1651 Iu·

176 1615 244 1719 dam
267 1665 354 1730 veuit,
384 1673 416 1716 ut
438 1667 477 1717 ait
499 1667 576 1718 Cato.
617 1665 706 1717 Tanta
737 1672 778 1717 est
808 1664 889 1717 bidus
911 1664 1043 1717 historiae
1066 1666 1189 1718 confusio.

131 1752 140 1775 s
177 1732 248 1786 Hinc
270 1739 323 1801 est:
347 1733 452 1784 salvete
477 1751 528 1786 rec.
554 1751 612 1801 neq.
636 1734 706 1794 cin.)
747 1733 869 1791 Revelli3
890 1748 947 1784 non
972 1734 1084 1785 revulsi.
1124 1735 1190 1787 Nam

177 1802 244 1852 uelli
267 1809 295 1853 et
319 1804 414 1855 reuelli
430 1802 559 1855 dicimus:
583 1803 683 1852 vulsus
700 1816 763 1855 vero
787 1808 814 1852 et
832 1802 962 1852 revulsus
979 1809 1140 1872 usmpatum
1155 1809 1191 1856 ett

177 1877 285 1921 tantum
307 1869 337 1920 in
359 1870 509 1940 participiis
532 1877 629 1922 contra
651 1876 787 1920 naturam.
804 1894 837 1906 -
870 1873 938 1931 428..
956 1868 1026 1936 [Gur
1043 1887 1103 1920 mea
1121 1871 1188 1922 dicu

178 1949 276 2003 negem
300 1953 357 1988 non
373 1939 526 2005 interrogat
541 1938 589 1990 sed
604 1938 745 2005 queritur,
767 1937 881 2004 quidam
898 1938 993 1987 revelli
1008 1937 1140 2006 imsgunt,
1154 1939 1188 1990 iu

176 2014 208 2055 ut
223 2012 364 2072 sequatur:
382 2006 439 2057 Cur
456 2024 515 2057 mea
534 2007 608 2057 dicta
627 2003 728 2072 negat]
745 2030 778 2041 -
811 2009 874 2061 429.
892 2003 955 2070 Quo
975 2007 1048 2071 ruit;
1065 2013 1189 2076 properet

176 2074 234 2124 sine
252 2081 378 2139 respectu
393 2075 492 2125 salutis.
517 2076 597 2129 ‘Nam
613 2073 666 2124 hoc
682 2073 761 2124 dicit:
779 2073 850 2140 quod
867 2081 939 2140 peto,
954 2073 1039 2124 etiam
1051 2075 1104 2143 ipsi
1115 2074 1187 2144 prod·

177 2147 233 2205 est,
263 2141 365 2191 amoris
387 2142 490 2199 scilicet
517 2142 696 2210 impatientia.
737 2140 912 2207 [Extremum
936 2139 989 2191 hoc
1012 2144 1129 2192 miserae
1150 2143 1187 2191 det

178 2226 213 2257 m.
232 2225 273 2271 a.,·
292 2227 308 2258 a
326 2209 454 2274 qualitate
471 2211 598 2262 beneficii
614 2210 726 2259 dictum.
744 2234 777 2244 -
810 2214 870 2264 430.
890 2208 1062 2274 Faciiemque
1074 2211 1184 2277 fugam

176 2283 322 2348 permanet
349 2277 378 2326 in
403 2279 501 2329 eodem
531 2294 625 2340 sensu,
654 2284 685 2325 ut
709 2277 781 2326 dicat
808 2279 970 2344 petitionem
1000 2293 1078 2328 suain
1110 2279 1183 2329 etism

175 2350 285 2395 Aeneae
302 2344 448 2410 prodesse]
482 2345 625 2409 Ferentes3
649 2345 719 2395 bene
737 2346 847 2407 flantes,
869 2346 1014 2413 propitios,
1031 2347 1182 2414 [prosperos.

177 2435 210 2448 -—
243 2416 304 2467 431.
320 2413 488 2476 Antiquum3
506 2424 554 2465 aut
569 2416 691 2482 primum
708 2421 756 2463 aut
771 2428 875 2474 carium,
891 2421 935 2462 ut:
954 2412 1028 2462 uidit
1045 2417 1181 2479 antiquius

177 2480 289 2541 habuit,
313 2479 440 2530 dicimus:
466 2492 513 2533 aut
535 2482 705 2548 antiquatum
731 2489 758 2530 et
779 2480 909 2543 irritum]
943 2480 1025 2546 Quod
1048 2485 1180 2547 prodidi15

195 2547 248 2597 uod
271 2548 385 2616 decepit.
419 2548 454 2597 Et
476 2551 561 2613 bene,
585 2551 619 2600 ad
643 2550 840 2616 disruptionem
864 2548 957 2613 (cudd.
980 2551 1077 2616 dirept.
1101 2550 1179 2620 Steph.

176 2565 266 2666 dnus.
294 2615 325 2665 ΙΙ.
356 2617 474 2680 dirupt.)
504 2620 578 2669 enim
608 2617 727 2683 coniugii
757 2617 901 2668 immutata
930 2617 1051 2667 voluntas
1085 2617 1178 2668 sufficit

176 2683 304 2752 [Quidam
321 2685 444 2748 prodidit
460 2703 509 2756 pro
526 2686 646 2754 perdidit
662 2687 810 2755 accipiunt,
832 2694 862 2732 ut
879 2690 919 2749 (1,
936 2686 1022 2745 md:
1048 2687 1136 2736 Unius
1152 2685 1177 2736 ob
1214 2700 1218 2705 '

178 2756 250 2802 irum
275 2751 449 2817 Prodimur.]
471 2783 505 2791 —
545 2758 607 2810 432.
632 2752 729 2803 Pulcro
757 2766 786 2800 ut
812 2746 893 2802 Latio
920 2767 1026 2817 cusreot5
1056 2755 1128 2822 quod
1146 2752 1178 2804 illi

195 2821 300 2870 ultrum
317 2821 429 2873 videtur.
465 2824 500 2872 Et
522 2823 559 2872 sic
577 2821 661 2872 etiam
685 2830 724 2870 est
745 2821 809 2870 iliud
835 2821 873 2884 (E.
892 2830 923 2883 2,
941 2821 1006 2882 28.):
1036 2824 1062 2873 Ο
1081 2834 1177 2872 tontum

175 2838 260 2939 dibeat
278 2906 380 2937 mecum
399 2891 451 2939 tibi
468 2893 582 2941 sordida
603 2907 684 2938 rura:
703 2906 772 2956 quae
790 2889 841 2938 tioi
858 2891 895 2938 sic
913 2888 1046 2941 videntur.
1081 2892 1176 2959 [Retin-

176 2969 256 3024 puotg
281 2957 418 3024 negligat]
435 2986 469 2994 —-
503 2964 565 3015 433.
584 2958 701 3023 Tempus
721 2960 804 3005 inane
821 2969 897 3023 γεῖος
921 2957 954 3022 [i.
972 2976 994 3008 e.
1019 2960 1077 3011 sine
1094 2956 1177 3010 matri·

176 3024 301 3089 monio,]
325 3026 382 3076 sine
399 3024 488 3075 officio
504 3026 627 3077 coeundi.
660 3026 732 3075 Nam
756 3025 812 3076 sine
836 3026 968 3077 beneflcio
985 3042 1042 3078 non
1058 3026 1188 3096 procedit·

175 3108 238 3142 cum
257 3093 374 3160 spatium
397 3100 472 3159 petat
496 3103 524 3146 et
539 3094 672 3162 requiem.
708 3093 770 3157 [Aut
793 3096 869 3159 quasi
892 3109 948 3144 non
972 3110 1104 3163 magnam
1125 3110 1177 3147 rem

174 3161 216 3212 vel
238 3177 291 3228 quo
316 3177 412 3212 vacuus
437 3172 463 3212 et
487 3163 585 3211 otiosus
603 3170 655 3225 est,
679 3177 744 3209 cum
766 3161 804 3210 iffi
826 3170 931 3230 tempus
955 3162 1037 3215 inane
1055 3173 1102 3216 est.
1134 3163 1176 3213 tu·

174 3232 264 3295 quiem
283 3233 457 3295 spatiumque
467 3230 581 3298 furori;
606 3238 635 3279 ut
651 3231 752 3294 possim
768 3227 870 3279 habere
893 3230 1010 3296 spatium
1028 3248 1081 3299 quo
1099 3228 1177 3285 amon‘

172 3297 258 3348 finem
281 3297 443 3367 imponam]
460 3326 493 3336 —-
527 3303 588 3355 434,
612 3297 688 3345 Dum
713 3315 770 3345 msa
796 3305 860 3355 etc.;
886 3315 943 3346 mea
963 3299 1101 3366 fortuna,
1122 3303 1139 3352 i.
1158 3314 1176 3349 t.

173 3366 296 3417 adversa:
319 3375 349 3416 ut
366 3370 405 3431 (6,
422 3366 490 3427 62.):
514 3367 575 3415 Hac
594 3367 719 3416 Troiana
737 3377 816 3414 tenus
833 3365 927 3432 fuerit
944 3366 1066 3433 fortuna
1084 3381 1175 3419 secuta.

174 3434 211 3482 Ex
230 3450 262 3485 eo
278 3443 364 3497 statu,
388 3434 489 3501 inquo
507 3442 559 3486 est.
578 3436 726 3503 fortunam
744 3433 815 3482 dixit.
850 3432 955 3483 Doceat
978 3444 1072 3488 autem
1096 3439 1176 3489 dolere

172 3499 238 3551 illud
256 3510 310 3565 est,
332 3502 396 3569 quia
412 3518 467 3552 non
484 3504 568 3554 habet
583 3504 612 3554 in
629 3503 744 3552 adversis
761 3502 936 3569 patientiam,
959 3504 1011 3554 nisi
1029 3507 1076 3572 qui
1092 3506 1175 3557 dolere

173 3571 317 3620 consuevit.
350 3571 407 3620 Hoc
431 3586 497 3638 ergo
521 3569 602 3640 petit,
626 3579 656 3619 ut
681 3570 705 3620 ci
730 3576 882 3639 praestetur
903 3578 1025 3636 tempus,
1048 3592 1098 3642 per
1114 3568 1177 3641 quod

172 3635 257 3687 discat
269 3637 379 3688 adversa
391 3639 522 3707 perferre.
536 3667 570 3674 -
603 3642 664 3694 435.
683 3638 741 3688 Oro
760 3641 885 3700 veniam
904 3639 1083 3691 beneficium:
1104 3644 1177 3708 [imit

171 3718 279 3756 morem
296 3706 468 3773 antiquum]
486 3715 516 3756 ut
533 3710 577 3769 (1,
593 3706 677 3766 519.):
695 3706 815 3756 Orontes
832 3709 950 3756 venium.
984 3708 1139 3774 [Terentius
1152 3708 1176 3758 in

171 3772 274 3840 Hecyra
297 3776 344 3840 (4,
362 3783 392 3836 2,
410 3775 482 3835 29.):
511 3774 555 3824 Mi
580 3787 677 3839 gnate,
701 3776 736 3822 da
761 3777 869 3823 ueniam
895 3775 966 3824 hanc
992 3778 1078 3842 sni'isi,
1103 3778 1175 3828 redut

170 3839 274 3905 illam]
316 3840 450 3890 Miserere
483 3845 588 3893 sororis
595 3867 604 3905 ,-
636 3844 785 3909 genitivum
806 3850 914 3892 tantum
937 3845 1018 3910 regit.
1040 3872 1077 3886 -
1122 3848 1175 3902 aad

167 3906 260 4029 guam
278 3915 342 3967 εἴας
365 3924 457 3960 tensus
480 3919 534 3961 est:
561 3910 639 3974 Quod
662 3910 823 3962 beneficium
841 3928 904 3961 cum
928 3912 995 3963 mihi
1013 3914 1175 3965 cumsdatum

186 3977 289 4041 ederis,
311 3976 368 4029 sola
390 3985 480 4031 morte
497 3978 702 4047 derelinquam:
727 3977 822 4030 ethic
844 3978 996 4033 intellectus
1012 3990 1054 4033 est
1076 3983 1174 4045 melior,
