2454 4500
144 246 248 347 :ns
436 244 574 345 suurn
595 244 955 320 couuuurssuus

148 436 151 440 '
170 428 301 499 Rapidus
310 431 427 503 fluvius
444 444 485 485 est
501 432 563 499 iric,
585 449 643 485 non
661 433 714 484 linc
730 444 829 487 temere
845 437 974 490 transiri
991 435 1114 505 potem]
1134 453 1183 506 quas
1203 494 1208 505 ,

114 507 121 517 ’
170 515 221 570 pro
244 501 304 552 loco
327 502 508 572 [accipiuntur
532 501 571 568 et]
593 503 796 571 intelligtmtur:
818 504 964 570 [adverbio
983 507 1124 576 qualitatis
1137 523 1183 557 sane

170 568 291 621 relatum
313 580 354 623 est
375 571 429 623 hos
451 570 532 635 locu]
548 592 582 608 -·
616 578 676 628 377.
694 571 777 622 Nihil
802 572 848 622 illi
871 574 987 626 rendere
1013 589 1127 636 contum
1146 575 1183 625 hoc

170 644 225 701 est,
250 637 320 690 nihil
341 647 448 693 contru¹
461 640 668 707 responderunt.
708 640 783 690 Nam
805 641 888 692 tendo
918 656 1025 694 contra
1050 660 1183 696 sermonen

169 715 265 772 tuum,
282 714 322 759 est
340 707 488 774 respondeo
506 709 566 758 tibi.
601 707 696 758 Tendo
714 721 810 760 contro
829 712 882 760 iter
900 722 1003 778 tuum,
1028 720 1071 764 est
1088 729 1183 763 oceurn

169 775 231 825 tibi.
265 775 347 843 [Ergo
373 777 447 827 nihil
470 788 566 826 contra
593 777 756 842 tendebant,
784 779 803 828 i.
827 795 850 830 e.
884 779 963 830 nihil
998 782 1183 847 respondebant
1214 820 1218 837 ,

170 855 289 895 econtra.
307 868 341 881 —-
375 851 436 902 379.
458 845 503 894 Aa
522 846 665 907 ‚dirorum
689 844 809 911 [vias‘in
832 845 939 898 diversa
965 849 1128 914 tendentes,
1147 849 1184 899 hos

169 910 220 976 est]
237 913 272 964 ad
288 913 447 964 diverticula
462 915 522 965 viae
537 913 671 966 militaris.
705 913 849 965 Terentius
866 916 948 980 (Eun.
968 921 1004 983 4,
1021 925 1057 982 2,
1072 918 1125 979 7.)=
1147 915 1184 965 Uli

169 980 316 1048 adipsum
333 985 410 1033 venit
434 981 639 1033 diverticulum.
672 979 849 1032 Diverticulu
875 993 976 1036 autem
1000 994 1068 1037 sunt
1090 985 1184 1038 semitae

166 1052 350 1116 trasssrersae,
374 1048 444 1118 quie
469 1058 565 1102 sunta
587 1051 672 1102 latere
697 1049 755 1101 viae
777 1051 911 1103 militaris.
930 1079 969 1091 -
1005 1059 1072 1112 380.
1090 1055 1184 1106 Aditur
1209 1050 1212 1057 '

168 1130 319 1184 coronant‚·
351 1119 451 1170 melior
475 1127 515 1170 est
543 1119 624 1171 lectio
653 1119 774 1184 alitum,
803 1135 887 1187 quam
911 1122 1039 1174 aditum.
1085 1123 1184 1190 cingius
1215 1164 1219 1185 .

167 1189 243 1240 enim
259 1187 369 1253 silvam,
391 1204 429 1238 ne
446 1186 560 1253 abeunt,
582 1202 653 1253 non,
677 1204 713 1238 ne
729 1188 805 1238 adire
849 1189 935 1239 ossint
954 1190 1102 1258 (Guelfit
1123 1190 1184 1242 Basil

126 1254 132 1269 '
166 1274 201 1306 ne
218 1255 449 1320 habeunt„,unde
467 1257 544 1307 obire
560 1255 653 1322 poss).
671 1280 704 1290 —
738 1260 799 1312 383.
848 1258 948 1307 ucelrut
974 1263 1081 1310 semita
1106 1261 1184 1317 cullen

165 1324 268 1392 legitur
285 1332 313 1375 et
331 1325 446 1375 lucebat.
481 1323 561 1392 Quod
577 1325 599 1375 si
615 1332 669 1384 est,
695 1340 760 1375 rure
778 1339 829 1389 pro
848 1343 913 1375 raro
934 1328 1184 1395 accipiendum,1t

164 1393 215 1444 sit:
238 1391 315 1443 Raro
335 1393 456 1457 lucebat,
478 1391 571 1444 herbis
587 1393 691 1445 scilicet
705 1392 736 1443 in
753 1391 888 1459 aliquibus
904 1393 977 1444 locis
995 1394 1184 1449 intervenienti

164 1460 222 1512 bus.
240 1524 241 1529 ¹
256 1459 284 1511 si
302 1461 430 1525 ducebat,
446 1461 637 1528 intelligimus,
659 1461 733 1511 inter
750 1461 831 1512 calles
847 1478 990 1530 pecorum
1007 1479 1108 1516 raram
1123 1465 1185 1516 luisse

162 1528 305 1592 semitam,
315 1571 318 1575 .
328 1529 381 1580 hoc
398 1536 439 1581 est
453 1531 599 1582 hominum
615 1530 703 1591 viasn,
726 1530 765 1596 [et
785 1536 843 1579 nou
861 1530 985 1582 ostendit
1002 1547 1070 1600 quo,
1080 1532 1185 1593 ducebat,

162 1594 218 1650 sed'
227 1596 411 1666 intelligamus
428 1597 541 1662 euntes]
559 1611 593 1636 ¹-
627 1604 688 1656 385.
705 1597 861 1663 Euryalum
880 1601 1065 1664 impediunt3
1083 1601 1184 1668 impedio

162 1665 328 1718 redicimus
351 1684 401 1737 per
424 1666 621 1730 accusativum,
650 1672 679 1718 et
702 1681 778 1718 casus
799 1666 903 1717 mutari
927 1683 990 1718 non
1014 1677 1123 1738 potest,
1140 1667 1184 1727 ¹uisi

161 1737 270 1788 deseras
287 1735 416 1800 verbum,
438 1743 469 1786 ut
486 1734 559 1786 dicas
576 1736 769 1802 impedimento
790 1731 861 1785 mini
878 1751 916 1785 es.
956 1734 1114 1788 Sciendum
1128 1754 1184 1800 saue,

161 1805 262 1867 multas
288 1806 408 1856 conferri
438 1803 468 1854 in
491 1804 640 1871 Euryalum
664 1802 854 1855 excusationes.
893 1803 1050 1871 [Regione
1072 1808 1183 1867 viarum,¹

163 1875 303 1939 regionem
321 1872 366 1922 hic
384 1879 492 1923 rectum
508 1871 561 1923 iter
579 1873 659 1936 dixit,
682 1870 717 1920 ab
736 1887 768 1919 eo
786 1872 860 1943 quod
880 1884 962 1937 regat
979 1873 1147 1939 tramitem]
1159 1899 1183 1910 ·-

162 1947 223 1998 386.
240 1939 331 1991 Nisus
355 1942 431 2002 abiu
453 1940 524 1991 bene
546 1940 676 2002 meminit
699 1939 862 2005 velocitatis,
885 1953 977 2006 quam
1003 1945 1032 1993 ei
1057 1941 1088 1994 in
1106 1945 1182 2012 quinto

62 2002 65 2009 ¹
107 2060 111 2069 ,
161 2006 245 2074 (318.)
269 2009 357 2060 dedit:
387 2018 431 2060 ut:
455 2006 669 2070 Primusnbit,
701 2008 835 2081 longeque
860 2020 925 2057 unte
953 2011 1059 2061 omniu
1085 2026 1182 2079 corpore
1219 2040 1221 2049 ‹

160 2076 251 2129 Nisus
267 2076 383 2128 Emicat.
418 2077 598 2143 Imprudens3
614 2076 718 2128 scilicet
733 2076 901 2127 remanentis
918 2077 1055 2146 Euryali,
1072 2082 1131 2147 [aut
1144 2082 1182 2130 iu-

159 2147 284 2213 prudens
308 2147 435 2206 circaisse,
459 2136 505 2196 alii
529 2147 705 2212 imprudens,
729 2145 806 2196 valde
829 2145 952 2210 prudens
977 2147 1140 2214 accipiunt]
1159 2174 1182 2183 -

159 2222 222 2272 337.
239 2216 325 2264 Albae
345 2215 376 2264 de
396 2218 524 2277 nomine;
543 2216 585 2266 vel
601 2233 716 2284 porcae,
732 2214 774 2264 vel
789 2213 917 2277 civitatis,
938 2217 981 2266 vel
997 2219 1078 2283 regis
1095 2216 1182 2276 Albani,

159 2284 203 2332 cui
227 2283 354 2333 successit
377 2284 483 2333 Procas.
502 2309 536 2319 —
578 2291 638 2341 390.
656 2282 776 2350 Infelix,
800 2299 854 2347 qua
881 2293 904 2330 te
933 2288 1055 2350 regione
1076 2283 1180 2350 reliquii

159 2367 187 2401 se
205 2351 345 2403 infelicem
362 2350 441 2415 dicit,
459 2352 505 2418 qui
523 2351 608 2402 dolet:
632 2368 689 2402 non
705 2351 796 2413 illum,
820 2359 937 2417 propter
956 2370 1045 2419 quem
1066 2355 1142 2405 dolet.
1155 2378 1180 2388 -

158 2426 219 2476 391.
246 2419 301 2468 Iter
327 2436 405 2469 omne
434 2422 595 2483 revolvens,·
624 2420 750 2469 Urbanus
779 2418 922 2484 hucusque
947 2423 1039 2472 verba
1061 2423 1118 2472 Nisi
1139 2421 1179 2470 tul
1218 2422 1221 2483 l

157 2505 229 2540 esse:
247 2489 292 2539 alii
309 2493 406 2556 podtae
425 2489 505 2538 dant:
522 2489 635 2538 Rursus
649 2487 808 2554 perplexum
823 2488 876 2536 iter
889 2504 972 2537 omne
990 2492 1141 2541 revolvens.
1154 2514 1178 2526 -
1218 2486 1221 2511 ¹

157 2563 218 2614 392.
239 2556 374 2624 [Fullccr's
392 2558 496 2620 silvue;
514 2566 545 2606 ut
557 2557 636 2606 Nisus
655 2569 847 2623 usquequaque
861 2569 973 2621 sequar,
993 2559 1094 2611 dixisse
1106 2560 1178 2610 vides-

155 2630 209 2676 tur.
225 2654 260 2663 -
296 2631 356 2682 393.
383 2625 552 2688 Observata‚·
575 2625 592 2674 i.
611 2641 633 2675 e.
659 2625 812 2674 observans.
854 2623 1033 2690 Silentium,
1059 2645 1108 2695 pro
1132 2631 1177 2693 ipse

155 2695 260 2757 silens,-
278 2701 326 2744 aut
343 2694 493 2744 silentibus
511 2699 546 2757 (4,
564 2694 651 2754 525.):
671 2710 733 2740 cum
750 2704 821 2742 tacet
840 2695 933 2742 omnis
953 2696 1048 2760 agen]
1066 2723 1098 2732 --
1130 2700 1176 2751 334.

154 2762 242 2829 Signa
262 2774 438 2828 sequentum
462 2762 614 2813 militarem
631 2777 728 2811 sonum
746 2759 824 2823 dicit,
849 2759 895 2826 qui
914 2761 1010 2813 varius
1037 2774 1084 2816 est.
1118 2765 1175 2813 Num
1218 2774 1221 2799 ¹

152 2828 294 2882 interdum
312 2833 401 2892 canit,
423 2840 453 2881 ut
469 2831 647 2897 insequantur
665 2845 710 2880 eos
728 2828 774 2896 qui
792 2829 916 2892 fugiunt:
943 2832 1091 2884 interdum
1115 2850 1174 2883 rece
1218 2820 1221 2853 Ε

151 2899 271 2967 ptui.-—
306 2903 365 2956 395.
384 2898 441 2949 Nec
459 2899 574 2966 longum
594 2901 624 2948 in
643 2899 731 2949 medio
751 2909 875 2962 tempus,·
898 2899 974 2950 iuter
1003 2903 1126 2953 auditum
1141 2916 1171 2950 so·
1215 2940 1217 2945 .

152 2982 235 3032 num,
261 2973 288 3018 et
304 2967 390 3016 visum
408 2970 572 3035 Euryalum,
598 2970 636 3034 [et
661 2974 701 3017 est
717 2964 829 3033 eclipsis.
848 2992 881 3002 -·
917 2974 981 3024 397.
1002 2971 1114 3021 Fraude
1129 2970 1171 3021 loci

152 3048 177 3084 et
197 3039 302 3099 noctis;
323 3034 430 3104 fraude
449 3038 517 3100 loci,
543 3035 699 3086 difficultate
715 3035 784 3096 loci3
810 3037 917 3100 noctis,
935 3050 990 3102 pro
1010 3041 1139 3102 tenebris,
1151 3044 1171 3088 et

150 3105 318 3155 obscuritate
343 3104 471 3156 fraudem
494 3105 622 3172 appellat.
670 3103 789 3169 Quidum
815 3106 905 3153 noetis
931 3108 1031 3158 subito
1060 3111 1168 3158 turbante

149 3173 302 3223 ‘tumultum
327 3172 490 3240 ieiunum-ut
512 3176 546 3225 sit
564 3170 653 3223 noctis
672 3175 809 3238 tumultu,
832 3181 972 3223 nocturno
999 3179 1118 3227 tumultu
1137 3187 1167 3225 et-

148 3241 316 3309 plorantium
341 3241 413 3291 dicit.
430 3240 453 3306 *]
471 3265 504 3278 -·
540 3247 600 3297 398.
625 3240 796 3304 Oppressum
822 3244 912 3306 rupit,·
938 3243 995 3292 hoc
1022 3254 1076 3296 est:
1098 3245 1165 3310 Quem

149 3314 207 3359 ium
226 3324 327 3358 munus
346 3313 437 3360 omnis
457 3311 546 3374 rupit,·
571 3323 636 3359 nam
654 3307 726 3360 male
745 3310 857 3376 quidem
880 3309 960 3359 Videt
982 3316 1064 3379 rupi,
1087 3312 1166 3378 accipi·

147 3385 204 3426 unt.
246 3378 325 3442 Quod
348 3376 370 3427 si
395 3379 551 3443 admiseris,
581 3386 659 3427 vacat
684 3376 772 3442 Quem
804 3380 861 3428 iem
889 3396 998 3429 munus
1026 3387 1121 3432 omnis.
1141 3405 1164 3416 ·-

146 3449 207 3500 399.
231 3445 327 3512 [Quid
345 3446 456 3514 facium·
489 3447 560 3497 mire
584 3449 713 3496 affectum
739 3464 819 3496 suum
843 3452 927 3516 poetes
949 3449 1121 3518 interposuit
1141 3474 1164 3485 -

145 3515 207 3566 400.
226 3514 260 3561 In
278 3515 384 3577 hostem
409 3516 521 3582 quidam
541 3519 571 3565 in
594 3532 671 3563 enses
696 3516 806 3581 legunt,
830 3525 857 3566 et
881 3515 983 3567 melius
1009 3518 1064 3570 hoc
1087 3524 1163 3588 pulsnt

144 3594 229 3645 quam
254 3581 284 3631 in
313 3581 413 3633 hostes.
431 3612 465 3619 —
499 3589 560 3640 401.
579 3583 727 3632 Pulchram
753 3597 878 3650 properet
903 3604 952 3651 per
972 3590 1093 3639 vulnera
1111 3606 1162 3638 mor·

145 3659 196 3696 tem
206 3668 215 3710 ,¹
234 3658 280 3699 etit
297 3650 373 3702 deest
390 3652 481 3715 adire,
501 3661 547 3700 aut
564 3653 639 3702 deest
657 3651 707 3715 eccl,
727 3661 756 3702 ut
773 3655 819 3715 sit,
838 3655 872 3703 ud
891 3664 1019 3705 mortem
1039 3658 1161 3727 p1·0'peret;

145 3724 193 3765 aut
210 3723 284 3767 certe
303 3722 413 3786 antiquo
432 3730 554 3784 properet
573 3732 699 3783 mortem,
724 3729 753 3769 ut
771 3723 897 3771 Plautus:
925 3721 1079 3788 Properate
1096 3742 1160 3791 prou·

145 3785 239 3846 dium,-
264 3784 379 3839 Ennius:
404 3788 544 3839 Festivum
563 3790 707 3856 festinant
732 3788 828 3852 diem]
870 3789 1028 3843 Pulchram
1053 3810 1161 3854 mortum·

144 3851 294 3919 gloriosum
313 3857 388 3905 enim
406 3866 451 3916 est,
469 3873 520 3924 pro
538 3858 625 3908 amico
645 3858 743 3925 perire.
780 3860 827 3924 [Et
844 3860 996 3922 pulchrum
1017 3882 1048 3915 ex
1067 3877 1160 3935 persons
1202 3896 1205 3905 .

144 3926 241 3987 poetae
266 3923 385 3982 dictum;
408 3927 449 3976 vel
473 3934 547 3977 certe
569 3923 717 3991 pulchram
742 3927 775 3976 ad
801 3943 866 3977 eum
890 3931 938 3996 qui
962 3931 1020 3982 hoc
1044 3943 1160 4001 putat·
1197 3970 1205 3985 .

143 3992 206 4046 402.
225 3989 332 4054 Ocius3
356 4008 407 4061 pro
426 3992 532 4059 seiten]
549 4017 584 4032 ·-
616 3996 678 4052 404.
699 3990 742 4044 Tu
760 4011 893 4060 praesens
919 4013 1021 4057 nostro
1048 4014 1159 4055 succum
