2454 4500
260 256 401 320 sanvu
423 251 776 353 counrurnarus
796 224 813 283 f

24 456 63 509 s,
82 441 179 512 ibique
208 441 328 512 Sytvium
344 437 465 513 peperit]
489 447 518 491 et
534 437 632 495 Albam
648 432 774 513 condidit
784 433 893 517 ‘dictam
908 430 1030 513 Lonssa

19 510 39 563 b
55 512 150 565 oraine
166 511 246 566 albae
262 528 364 582 porcae
382 517 526 580 repertae,
542 507 584 558 vel
601 506 655 556 situ
671 505 805 567 cintatrs,
820 503 868 555 vel'
882 502 1030 574 prolinutfl

1 578 95 643 erillls,
124 580 170 648 (aa
194 598 278 648 qiram
301 597 366 631 curn
389 580 423 631 de
447 576 561 631 Lavinio
584 573 631 627 Dii
653 572 772 624 Penates
791 572 935 636 translati,
956 572 1030 649 mi„

21 648 129 701 roxima
151 649 297 703 Lavinium
320 648 468 711 redissent,
493 653 575 712 atque
600 640 760 719 eosndenuo
784 640 887 692 Albam
910 642 1030 693 Arcam!

2 716 202 782 uansuuisset,
226 725 254 770 et
273 717 313 767 illi
329 718 430 768 iterum
447 715 582 769 redissent
598 710 758 774 Lavinium,
783 723 829 762 eos
848 725 965 761 manere
979 716 1030 777 pv·

4 800 50 837 sus
67 792 124 849 est,
146 785 216 836 detis
233 786 280 851 qui
297 786 381 837 sacris
399 791 571 855 praeessent,
595 794 718 847 agroque
737 778 776 827 eis
801 778 964 846 adsignato‚
984 762 1030 842 qud

3 868 35 904 so
57 852 185 917 alerent.)
220 854 281 920 [Vt.
309 855 392 907 modo
416 853 532 915 virtute,
555 845 606 914 τήν
630 843 760 912 diventa,
788 847 873 911 ahbi,
895 843 949 912 τῆν
969 846 1030 932 edm

5 926 38 973 ut
55 930 99 975 ert
116 926 158 989 (A,
176 921 242 985 55.):
260 938 329 975 auro
349 925 379 975 vi
396 923 520 989 potitum·
538 919 604 969 alias
621 931 671 985 pro
689 930 794 993 magna
811 913 913 985 copia]
948 908 1030 993 (hodsi

7 996 38 1041 et
60 988 131 1045 Dan.
159 989 209 1053 Vt,
232 993 315 1043 modo
339 992 467 1055 virtute3·
483 1004 550 1039 nam
574 987 661 1039 nrulta
684 982 848 1050 significat)-
868 985 984 1048 (Cicero
1006 992 1030 1033 ut

6 1052 134 1111 Deorum
150 1059 256 1112 Natura
272 1065 314 1125 (2,
333 1057 624 1125 3¹3.):'Injinitamquc
643 1055 699 1103 vim
726 1054 888 1105 tnarrnoris.
926 1046 1030 1103 Sallust

6 1135 54 1177 us:
76 1126 188 1199 Μαςηα
207 1132 251 1179 vis
275 1129 421 1180 hornutum
446 1137 612 1178 convenerat
630 1123 709 1188 agris
727 1122 828 1187 pulsa,
856 1133 908 1171 aut
934 1121 1030 1193 civitas

8 1194 106 1249 eiecta.
140 1197 177 1247 Et
193 1206 234 1248 est
250 1213 340 1248 sermo
358 1196 464 1246 diversa
481 1194 644 1262 significans,
659 1197 742 1259 prout
757 1195 787 1241 se‘
803 1188 880 1241 locus
898 1186 1030 1247 obtulerit,

7 1285 44 1300 -·
79 1272 141 1321 252.
159 1263 236 1315 Hinc
255 1268 311 1316 iam
319 1289 329 1329 ,-
355 1271 508 1333 praeterea.
544 1263 579 1328 (Si
597 1267 690 1313 autem
708 1257 754 1307 tic
774 1264 848 1322 iam,
872 1257 903 1312 in
919 1250 1030 1308 hocsn‘l

6 1322 89 1392 loca.)
126 1330 307 1397 Tercentum,-
341 1331 479 1399 quomodo
502 1338 639 1381 trecentos
669 1343 755 1377 annos
779 1328 862 1389 dicit,
894 1342 960 1377 oum
983 1334 1030 1376 een

8 1398 226 1467 qrradringentos
248 1402 377 1469 regnasse
400 1407 505 1450 constet
534 1399 584 1448 sub
607 1394 718 1449 Albanis
740 1391 873 1463 regibus?
908 1393 962 1446 Sed
982 1404 1030 1443 cm

30 1469 228 1538 raoscriptione
245 1471 297 1522 ait:
315 1480 482 1530 tercentum
506 1465 562 1517 scil.
579 1464 717 1533 usquead
735 1472 828 1514 ortum
844 1450 924 1513 urlris
940 1462 1030 1527 Romae

10 1482 220 1657 {arripientium}
236 1540 281 1593 Ait
297 1554 430 1604 namque:
448 1536 545 1587 Donec
565 1539 662 1601 regina
681 1535 813 1585 sacerdos
830 1532 926 1583 Marte
942 1530 1030 1599 gravis

37 1610 49 1654 t
72 1614 192 1671 constat,
214 1607 245 1660 in
268 1622 354 1673 regno
372 1605 485 1657 Romuli
512 1611 540 1654 et
557 1605 679 1666 Numae,
704 1608 732 1652 et
750 1600 824 1651 Tulli
848 1600 945 1669 (codd.
970 1606 997 1650 et
1007 1592 1030 1675 sl

13 1670 125 1736 Tullii)
143 1668 264 1736 Hostilii,
288 1675 336 1741 qui
353 1673 450 1725 evertit
465 1672 578 1736 Albam,
602 1678 715 1723 centum
731 1685 835 1733 annos,
861 1669 962 1735 quibus
977 1680 1030 1737 pm

11 1746 56 1793 tor
80 1740 171 1795 Roma
196 1750 224 1793 et
247 1743 315 1797 Alba
337 1749 535 1809 regnaverunt,
559 1756 616 1791 esse
640 1746 824 1808 cousumptos.
860 1738 964 1800 Totos,·
986 1736 1030 1789 it

13 1806 84 1878 [sine
101 1809 167 1874 line]
184 1813 241 1862 sine
258 1812 468 1877 intermissione.
503 1806 706 1876 (Reg‘nalv'tum
729 1807 964 1866 impersonalibus
985 1816 1030 1853 usn

14 1882 68 1941 ut,
92 1880 156 1944 qrvia
181 1879 214 1930 de
232 1881 324 1933 multis
347 1879 430 1943 dicit,
453 1885 484 1927 ut
502 1879 542 1944 (E.
563 1883 593 1941 1,
614 1881 680 1938 12.):
707 1874 798 1943 Usque
823 1877 892 1927 adeo
919 1874 1030 1925 turham

15 1936 116 2013 Agris.)
152 1946 237 1997 Gentc
262 1950 312 1998 suh
337 1945 488 2010 Hcctorec15
513 1948 574 1997 ise.
599 1946 729 1996 Troiana.
763 1944 816 1995 Sed
839 1944 936 1995 debuit
959 1942 1030 1993 dicen

15 2016 128 2069 Anteia.
171 2015 292 2067 Diximus
317 2017 456 2085 superius,
485 2015 599 2064 nomina
624 2019 716 2084 positas
741 2029 773 2064 ex
795 2012 887 2063 vicino
911 2020 1030 2080 usurpat!

15 2082 48 2145 (l.
66 2082 90 2135 ἰ».
115 2083 162 2134 Tr.
194 2082 246 2140 Sed
269 2085 382 2150 quidam
411 2083 632 2152 reprehendrmt,
663 2080 738 2153 quod
760 2079 915 2145 Hectorea,
944 2087 973 2133 et
991 2088 1030 2129 ut!

15 2150 134 2211 Aeneia3
159 2167 219 2205 mos
242 2159 283 2202 est
302 2153 389 2223 po‘e‘tis
413 2153 528 2203 nomina
551 2167 582 2203 ex
606 2151 700 2201 vicinis
724 2166 873 2219 usurpare,
898 2149 964 2216 quia
985 2158 1030 2196 con

15 2216 125 2271 iunctus
142 2234 244 2286 genere
261 2221 373 2270 Hectori
390 2220 534 2283 Ascanius,
552 2227 582 2269 ut
600 2228 640 2270 est
658 2224 698 2286 (3,
717 2219 802 2279 &llll->2
819 2218 855 2268 Et
871 2215 1030 2286 potestisne

16 2300 67 2349 ss,
90 2299 115 2337 ct
139 2290 296 2339 avunculos
322 2294 424 2341 exerrat
447 2286 557 2340 Hector.
601 2287 654 2339 Alii
677 2287 805 2352 tradunt,
836 2304 902 2336 eum
926 2280 1030 2337 Hectori

16 2354 164 2424 progenies
182 2357 258 2408 nulla
275 2357 303 2406 in
321 2357 400 2407 Italia
423 2357 521 2420 luerit,
545 2356 606 2406 ideo
632 2358 683 2406 sub
704 2354 839 2408 Hectorea
864 2354 1030 2425 positum,u

16 2422 186 2501 signiticaret
209 2426 258 2475 sub
282 2426 363 2490 forti,
388 2432 417 2474 ut
441 2425 471 2475 in
495 2427 524 2474 V.
543 2424 640 2489 (l90·)·'
669 2424 800 2478 Hectorei
825 2426 906 2477 socii.
948 2420 1030 2475 seda

18 2489 80 2542 altis
96 2493 178 2544 rebus
196 2492 249 2546 alia
266 2493 331 2545 dant
348 2493 477 2556 nomina,
494 2500 525 2543 ut
541 2492 600 2561 pios
612 2494 751 2545 Arneadas
769 2493 918 2563 appellari,
935 2500 966 2541 ut
980 2482 1030 2541 timi

18 2557 67 2610 dos
84 2560 219 2628 Phrygas,
237 2570 267 2611 ut
283 2562 388 2613 nobiles
405 2561 585 2623 Dardanidas,
603 2568 632 2608 ut
650 2563 774 2623 periuros
793 2556 1030 2614 Laomedontiadas

17 2626 151 2681 Ceterum
169 2630 215 2680 uhi
232 2645 326 2680 veram
350 2630 487 2696 originem
512 2625 763 2697 significat'(28·'l-):
788 2630 901 2682 Damus
920 2631 1030 2679 Assarct

17 2696 105 2766 ponit,
122 2712 153 2747 ex
171 2713 225 2764 quo
244 2699 338 2768 Capys,
356 2715 387 2748 ex
405 2699 480 2767 Capy
497 2697 636 2762 Anchises,
654 2708 681 2749 et
699 2715 731 2750 ex
748 2699 866 2751 Anchise
883 2697 1030 2757 Aeneas.)-

19 2770 81 2821 273.
99 2763 196 2817 Donec
215 2772 313 2834 regina
331 2767 477 2832 sacerdos3
494 2765 609 2819 historia
625 2767 678 2817 hoc
696 2767 793 2825 hahet:
811 2767 937 2818 Amulius
952 2772 983 2819 et
996 2760 1030 2813 Nu

20 2831 106 2884 mitur
129 2837 228 2887 fratres
252 2839 376 2896 luerunt,
407 2835 472 2903 [filii
496 2833 625 2898 Procae]
666 2836 788 2886 Amulius
812 2844 908 2887 autem
937 2835 1030 2887 fratrer

20 2900 139 2972 imperio
157 2903 278 2974 pepulit,
306 2903 435 2955 etlilium
457 2904 514 2954 eius
531 2904 652 2959 necavit:
677 2903 764 2955 liliam
782 2919 846 2960 vero
864 2900 948 2971 [eius]
970 2899 1030 2952 lliau

22 2970 118 3022 Vestae
143 2973 312 3026 sacerdotem
336 2973 416 3037 lacit,
446 2980 477 3021 ut
506 2988 584 3040 spem
614 2972 714 3024 sobolis
745 2973 879 3036 auferret,
910 2989 927 3023 s
950 2982 1030 3039 quat

21 3039 112 3109 puniri
137 3056 214 3109 posse
231 3048 403 3107 cognoverat.
438 3041 529 3102 Haec,
553 3047 583 3089 ut
600 3041 679 3091 multi
697 3041 805 3105 dicunt,
822 3057 887 3091 cum
905 3044 1030 3110 peterett

23 3122 90 3176 quas
108 3110 142 3161 ad
159 3124 236 3162 sacra
252 3104 398 3177 repentino
416 3123 531 3158 occursu
552 3107 610 3177 lupi
634 3109 745 3164 turbina
767 3108 873 3177 refugit
895 3109 926 3160 in
949 3124 961 3158 s
981 3104 1030 3158 elur

22 3190 100 3241 cam,
120 3179 150 3228 in
173 3193 226 3246 qua
244 3196 260 3229 a
276 3178 368 3230 Marte
391 3191 546 3245 compressa
570 3185 610 3227 est
634 3179 723 3244 (codd.
741 3180 832 3242 Hanc,
857 3184 888 3228 ut
912 3192 952 3229 nu
970 3175 991 3226 ti
1012 3172 1030 3227 d

23 3252 103 3308 cunt,
127 3246 204 3300 Mars
227 3245 401 3315 compressit,
425 3245 498 3297 unde
522 3245 604 3308 eto),
634 3247 708 3298 unde
731 3246 790 3300 nati
814 3254 877 3297 suut
900 3245 1030 3297 Remtut

24 3309 170 3367 Romulus:
188 3330 255 3383 quos
273 3331 338 3368 cum
355 3321 444 3369 matre
458 3312 580 3364 Amulius
598 3315 774 3385 praecipitari
790 3314 868 3365 iussit
883 3313 914 3365 in
931 3310 1030 3365 Tiberis

23 3381 94 3497 god.
117 3384 145 3434 F.
168 3383 202 3435 R.
212 3382 309 3434 mulus.
351 3380 404 3433 Sed
427 3382 564 3446 Amulius,
592 3384 706 3449 timens,
734 3401 771 3439 ne
795 3383 829 3434 de
853 3382 1030 3453 stupentur

51 3449 175 3501 umitoris
199 3450 302 3517 aliquid
324 3457 501 3519 procreatum
525 3450 700 3517 adolevisset,
731 3451 804 3520 quod
828 3467 911 3506 avum
925 3450 1030 3502 *sorsin

24 3516 188 3583 vindicaret,
218 3535 319 3584 pueros
349 3533 416 3569 cum
440 3526 531 3571 matre
555 3518 731 3589 praecipitari
755 3519 834 3571 iussit
858 3519 887 3570 in
914 3518 1030 3570 Tiberim

24 3579 113 3648 Tum,
142 3595 173 3636 ut
196 3587 308 3653 quidam
338 3587 446 3649 dicunt,
474 3586 556 3641 Iliam
585 3587 637 3637 sibi
661 3589 749 3641 Anien
778 3587 844 3639 lecit
868 3603 998 3639 rnorem:
1021 3600 1030 3635 ι

24 3650 87 3716 alii,
103 3653 175 3704 inter
194 3670 260 3720 quos
277 3654 414 3719 Horatius,
431 3653 548 3718 Tiberis,
566 3655 637 3706 unde
655 3664 697 3706 est
712 3657 816 3724 (Carni.
835 3662 860 3721 ¹1,
877 3655 913 3718 2.)
933 3654 1030 3713 Uxoris

26 3724 129 3771 amnis.
163 3722 243 3774 Pueri
266 3738 329 3773 vero
355 3723 468 3795 expositi
492 3723 525 3775 ad
543 3724 662 3779 vicinam
684 3725 776 3794 ripam
798 3722 906 3792 [delati]
923 3732 1030 3790 suat,t

27 3805 94 3857 qrros
112 3790 246 3856 vagientes
263 3791 328 3860 lupa
345 3793 379 3842 de
403 3791 497 3845 vicinis
515 3792 653 3844 montibus
669 3794 744 3844 venit
767 3800 796 3845 et
812 3792 900 3844 ubere
917 3790 1030 3867 praesdt

27 3856 75 3908 sed
98 3873 163 3910 cum
186 3873 231 3908 eos
248 3860 388 3911 Faustulus
406 3857 492 3925 (Dan.
509 3859 650 3922 Faustus)
673 3869 767 3931 pastor
785 3861 842 3916 eius
865 3860 920 3913 loci
938 3862 1030 3915 enimn

26 3924 162 3989 vertisset,
191 3926 292 3976 nutriri
316 3942 334 3978 a
356 3929 431 3988 fera,
462 3934 491 3978 et
518 3929 612 3996 picum
633 3945 802 3999 parramque
831 3927 1030 3983 circumvolitas

27 3992 176 4077 suspicatur
192 3993 300 4048 divium
320 3993 436 4064 originis
462 3992 602 4063 sobolem,
626 3998 662 4052 ad
678 4000 782 4053 accam
797 3996 983 4055 tantarum
999 4012 1030 4053 us
