2454 4500
154 296 193 345 n
215 214 375 343 men
397 270 569 355 aenam.
591 268 672 332 ua.
694 269 733 374 u
753 254 951 340 eoo-'sao
1010 273 1077 339 sss

56 465 133 520 imbo
146 463 259 537 graisde
281 462 490 535 praecipitatur.
507 460 541 501 2.
575 464 637 518 460.
659 455 809 524 Versatque
827 453 951 519 Darem
975 453 1079 521 Dares,

56 532 173 600 teretis,
192 535 267 587 unde
289 539 332 587 est
347 533 471 585 Dareta:
496 539 524 585 et
545 529 655 594 Dares,
678 527 785 591 Daris,
808 527 881 578 unda
905 533 949 578 est
970 524 1080 591 Daren,

57 614 108 657 cut
124 604 256 656 Chremes
278 611 308 656 et
325 601 452 653 Chremis
475 609 505 655 et
526 599 696 662 Chremetis,
720 595 874 665 [Chremen
898 601 929 648 et
951 593 1078 646 Chreme·

56 670 113 738 zm]
128 700 164 712 ·-
197 677 260 731 465.
277 672 402 742 Infelix,
426 669 577 722 consolatio
601 675 658 733 est,
680 667 755 719 surde
776 681 833 718 non
855 663 923 717 dicit
946 665 1079 732 imbellis,

56 752 67 794 t
89 745 220 796 lortmraa
244 741 370 794 videntur
394 757 470 805 esse,
493 739 567 808 qnod
589 737 676 788 victus
701 742 749 786 est
769 759 802 773 -
836 735 903 793 467.“
922 731 1078 802 Dixitque.

56 821 123 865 scat,
140 828 192 879 que
216 811 302 862 metri
325 826 425 862 causa:
455 816 483 860 et
506 806 604 860 maluit
627 803 838 873 perissologiam
861 804 969 868 iacere,
992 817 1079 873 quam

56 881 78 934 ti
95 881 241 932 communi
257 879 375 949 syllaba,
399 893 470 947 quoe
486 877 618 946 frequens
636 873 731 933 vitiosa
754 879 803 927 est
838 873 917 925 Unde
934 872 1079 925 Terentia·

56 965 89 1001 us
113 950 158 1016 (ab
174 947 343 1012 Horatius).·
368 947 427 998 Nee
451 957 532 997 tanta
558 948 590 996 in
615 944 712 994 metris
735 944 819 1003 uenia
845 941 1008 994 conceditur
1025 943 1077 994 uti.

56 1018 141 1079 'rraepi
165 1017 242 1070 enim
265 1017 309 1069 his
333 1024 448 1068 utuntur
470 1016 514 1066 fre
536 1022 643 1066 uenter.
667 1039 703 1049 -
749 1015 811 1068 468.
837 1009 904 1063 Fidi
929 1011 1079 1095 aepualese

56 1085 179 1140 [omerus
197 1086 236 1152 (ll.
254 1100 294 1155 ψ,
312 1086 401 1149 095.):
427 1031 548 1138 blioei'
565 1078 704 1151 ἀμφέσταν
720 1079 826 1148 ἑταῖροι
843 1081 883 1150 [ol'
897 1096 947 1150 μιν
963 1098 1029 1150 eyae
1053 1076 1083 1136 di

57 1152 143 1226 ydros
167 1151 264 1225 ipeisgo
288 1159 369 1209 luoeoe
392 1150 519 1215 πόδεσσι,
551 1151 620 1221 αἷμα
651 1144 724 1216 auxi
754 1145 875 1203 arianen
909 1143 980 1219 saion
1008 1147 1080 1220 fidel·

56 1221 118 1280 reo’
143 1175 285 1292 &ipwael
319 1224 471 1289 (Guelf.¹l.
489 1223 549 1292 fidi
573 1238 655 1290 aug.;
681 1222 714 1279 de
737 1237 838 1287 graeco
858 1219 913 1290 fila
939 1222 977 1271 ite
999 1223 1081 1285 teroi,

56 1292 154 1362 eliquia
172 1291 295 1354 omissis)
312 1319 347 1330 -
380 1296 444 1351 469.
463 1291 599 1360 Πινοοιιι;
622 1292 653 1342 in
678 1296 826 1358 utramque
851 1296 960 1360 portem
977 1290 1017 1357 [et
1032 1290 1081 1342 ad·

56 1363 169 1424 rebium
191 1359 252 1427 est]
268 1388 304 1399 -
343 1364 406 1418 472.
434 1361 532 1413 Vocati
556 1363 719 1429 accipiunt,
742 1359 815 1411 bene
840 1375 939 1411 eorum
963 1358 1083 1411 ostendit

56 1433 194 1485 odorem:
216 1431 259 1484 val
274 1428 339 1498 quia
357 1438 437 1482 erant
453 1430 579 1498 occupati
596 1431 672 1481 circa
687 1427 826 1493 amicum,
843 1429 938 1480 vocati
954 1426 1029 1481 dixit.
1045 1451 1081 1467 -

56 1506 103 1559 74.
121 1500 287 1568 cognoscite
308 1497 429 1562 Teucri,-
452 1499 540 1552 habet
561 1499 698 1552 rationem
723 1512 932 1564 personarumsl
941 1495 1012 1567 fluia
1028 1496 1081 1548 vir·

56 1577 132 1623 ,item
162 1569 221 1622 eitu
249 1576 386 1621 noverant
407 1568 498 1621 Siculi.
522 1596 557 1606 -
597 1570 660 1624 48st
690 1565 872 1635 Effractaque
903 1567 990 1618 illisit
1015 1582 1082 1618 assa

55 1641 171 1702 erebro,·
194 1637 354 1708 hypallage,
375 1638 462 1706 fregit
476 1654 559 1702 ossa,
582 1644 611 1689 et
632 1635 709 1686 illisit
724 1635 755 1686 iu
771 1635 933 1688 cerebrum.
949 1661 981 1672 -
1018 1638 1083 1692 484.

55 1706 135 1758 lumi
152 1709 217 1772 bas;
243 1708 322 1774 [cur‚
338 1721 404 1757 oum
420 1707 455 1759 de
472 1722 528 1758 uno
545 1706 690 1775 loepratur,
706 1702 752 1755 hio
770 1703 886 1768 bovem,
901 1704 970 1756 alibi
987 1703 1085 1756 Invert-

55 1793 121 1841 um,
144 1775 213 1827 alibi
228 1783 341 1826 taurum
357 1775 496 1845 appellat?
518 1775 567 1828 sed
583 1774 691 1826 videtur
707 1787 759 1842 pro
776 1780 906 1843 tempore
923 1790 956 1825 ac
973 1770 1086 1825 diremi*

55 1854 97 1898 rte
115 1861 179 1896 usus
194 1844 313 1912 ideoque
329 1844 483 1896 iuvencum
501 1845 548 1896 ait.
582 1843 632 1895 Est
647 1848 743 1893 autem
766 1840 825 1907 hic]
840 1842 975 1912 pessimus
990 1853 1088 1893 versut

55 1933 67 1966 a
87 1913 310 1980 monosyllabum
325 1913 414 1980 (codd.
431 1911 669 1980 monosyllabum)
685 1909 823 1963 desinens.
836 1937 871 1949 -
904 1915 967 1970 483.
981 1906 1085 1962 Melie

55 2000 116 2050 em3
141 1983 287 2050 aptiorem.
321 1983 395 2034 Nam
417 1982 569 2034 animalem
593 1980 714 2032 hostiam
731 1980 788 2032 dea
804 2005 840 2019 -
856 1992 858 2000 ’
873 1983 937 2038 484.
956 1979 1086 2044 caestus,
1165 2042 1180 2049 -

55 2064 185 2120 ,rumque
205 2051 329 2118 reponit3
348 2059 376 2103 et
392 2069 473 2104 arma
489 2068 519 2103 se
536 2049 604 2102 dicit
620 2048 777 2116 deponere,
794 2056 824 2102 et
839 2050 894 2101 arti
910 2047 1084 2106 renuntiare.

55 2121 92 2173 Al.
110 2134 136 2173 et
154 2137 234 2170 arma
254 2121 397 2187 deposuit,
421 2133 446 2171 et
463 2121 522 2172 arti
540 2117 738 2181 renuntiavit.)
773 2119 794 2169 I.
812 2137 838 2172 e.
862 2118 992 2186 catolysin
1010 2116 1087 2170 lecit.

55 2216 76 2227 -
110 2194 174 2248 485.
191 2188 338 2258 [Protinus
344 2212 354 2254 ,·
379 2198 523 2252 ser-temen
545 2186 694 2257 sagittandi
715 2187 862 2258 proponit,
884 2202 969 2258 quem
991 2184 1087 2238 locum

55 2275 73 2309 n
96 2259 222 2310 Homero
247 2256 401 2322 transtulit,
427 2259 473 2311 ille
497 2258 575 2310 enim·
596 2257 634 2307 sic
659 2256 699 2315 ait
721 2255 762 2323 (ll.
780 2272 820 2325 «a,
839 2257 927 2319 &solz
952 2247 1087 2324 Ababa&

55 2324 184 2400 οξεοτῇσι
197 2345 221 2381 a.
234 2328 261 2380 n
274 2324 311 2390 i..]
323 2353 356 2364 -
392 2330 454 2384 487.
473 2327 639 2395 Ingentique
654 2343 761 2388 manse,-
779 2341 882 2394 magna
899 2325 1087 2378 multitudine.

55 2396 102 2449 [lle
117 2412 184 2449 vero
201 2397 292 2463 inquit
308 2395 337 2462 (l.
354 2395 396 2456 1.):
417 2391 507 2449 ‘Ioede
524 2392 549 2449 δ’
565 2396 673 2461 ἔστησεν
689 2389 755 2461 eneis
771 2394 974 2463 κυανοπρώροιο
996 2389 1088 2460 Τηλοῖ

55 2471 90 2518 'nl
107 2461 273 2535 ψαμάθοιο,
300 2463 330 2516 ἐκ
347 2460 377 2516 δὲ
394 2462 520 2534 τρήρωνα
544 2463 677 2530 nimiam]
710 2464 842 2530 Malum5
868 2467 977 2528 malus,
1000 2463 1088 2515 arbos

55 2533 136 2602 savis,
151 2535 263 2605 generis
279 2543 321 2587 est
336 2536 495 2592 masculiniz
512 2536 642 2588 Horatius
658 2535 766 2598 (Germ.
785 2540 810 2600 1,
827 2533 897 2596 14.):
915 2533 973 2584 Nee
992 2533 1088 2586 malus

55 2604 130 2655 uteri
147 2605 266 2655 saucius
279 2603 386 2672 Africo.
420 2604 457 2656 Et
473 2605 561 2656 dictus
579 2612 621 2656 est
638 2605 742 2664 malus,
758 2603 802 2654 vel
817 2602 883 2671 quia
898 2602 985 2655 habet
1000 2601 1089 2653 instar
1185 2604 1209 2613 ’“

55 2673 112 2725 nali
135 2673 166 2724 in
182 2672 356 2724 summitate:
378 2671 430 2722 vel.
445 2673 511 2743 quia
528 2673 607 2742 quasi
624 2671 793 2738 quibusdam
816 2671 897 2723 molis
913 2670 1011 2740 ligneis
1029 2671 1089 2723 oin·

54 2742 137 2810 gitur,
159 2755 279 2810 quorum
296 2741 466 2795 volubilitate
483 2743 543 2795 vela
567 2741 675 2794 facilius
699 2741 850 2792 elevantur.
867 2767 901 2779 -
935 2745 998 2796 48&
1018 2737 1089 2791 Tra·

54 2814 116 2862 ’esto
125 2833 135 2873 ,·
152 2817 275 2866 extento:
293 2810 366 2861 unde
383 2822 539 2863 transenna
555 2813 596 2877 (V.
611 2808 743 2865 seranna)
755 2809 856 2860 dicitur
869 2816 994 2862 extentus
1006 2806 1090 2860 furnis.
1178 2849 1182 2854 .

54 2879 197 2932 nllustius:
228 2878 417 2946 [Transenna
449 2881 602 2931 demissum
633 2879 770 2930 victoriae
806 2876 855 2942 (al.
881 2879 1018 2938 viatoris)
1049 2878 1089 2928 si·

54 2946 235 3010 nulaelarum,
253 2945 328 3012 aum]
347 2947 507 3001 machinato
526 2940 649 3016 ttrepitu
663 2959 821 2998 transenna
836 2963 941 2999 corono
959 2948 990 2998 in
1005 2959 1091 3013 eaput

56 3018 132 3086 Lips.
146 3015 242 3084 capiti)
259 3018 463 3084 imponebatur.
483 3019 584 3081 (Guell.
598 3017 618 3068 Ι.
637 3019 667 3066 in
682 3018 775 3083 capite
790 3019 957 3084 imponebat.
984 3015 1024 3067 At.
1040 3028 1089 3066 str.

57 3088 206 3138 anitruum
222 3099 354 3135 coronam
365 3088 453 3154 capiti
468 3086 648 3155 imponebat.)
666 3085 974 3154 [Sicliomerumffitli
989 3080 1092 3158 Λοπτῇ

54 3157 174 3223 οηρίνθῳ
199 3148 299 3218 disan]
317 3181 351 3192 ·-
385 3159 447 3212 489,
472 3155 551 3222 Qu03
579 3154 607 3206 in
630 3171 722 3222 qsmm.
760 3153 833 3205 Nam
856 3155 936 3226 ponit
958 3153 1091 3207 adverbia

54 3234 99 3285 tro
125 3223 352 3291 pronominibus,
377 3231 408 3274 ut
432 3229 473 3290 (Ι,
490 3226 542 3287 ill:
569 3222 666 3274 Genus
691 3222 768 3272 unde
792 3221 939 3276 Latinum.
957 3249 992 3260 -
1026 3225 1091 3279 490.
1124 3242 1128 3257 ·
1163 3218 1170 3227 ’

54 3285 258 3413 Demque
277 3299 342 3353 eta,
359 3292 433 3343 siout
446 3295 559 3363 Homer.
577 3295 675 3358 (861.);
692 3287 820 3357 Kln'poae
838 3287 863 3346 δ’
879 3291 909 3346 ἓν
926 3295 1004 3364 κυνέῃ
1022 3287 1091 3359 zois

54 3359 126 3430 seipse
149 3360 189 3413 nai
214 3379 252 3412 ,σν
274 3357 399 3427 ildonea]
418 3388 452 3398 —
487 3369 550 3420 491.
569 3361 698 3412 Clamore
723 3362 863 3430 seeund05
891 3360 984 3433 [sicJut
1006 3362 1092 3428 supra

54 3431 115 3485 lixit
130 3430 230 3494 (369.):
246 3429 408 3498 Magnoque
426 3433 521 3483 viram
540 3448 569 3481 se
587 3446 731 3481 murmure
751 3432 833 3483 tollit.
850 3459 884 3472 -
919 3435 982 3489 493.
1000 3423 1091 3498 Quem

54 3499 147 3562 nado;
172 3499 191 3549 i.
207 3517 231 3550 e.
257 3515 361 3565 nuper:
383 3515 451 3552 nam
469 3508 500 3550 nt
523 3499 757 3568 supradiximus,
780 3499 868 3552 victor
891 3500 945 3551 suit
961 3500 1091 3554 duorum.

54 3567 176 3621 brbanus
193 3574 258 3619 vero
275 3567 344 3618 dicit
360 3569 458 3630 modo,
475 3569 699 3637 propemodum,
723 3584 822 3635 paene.
855 3569 929 3621 Nam
954 3564 1091 3623 secundus
1168 3614 1173 3628 ,

54 3637 106 3688 'uit
142 3634 195 3686 Alii
213 3638 316 3699 victor,
339 3637 395 3687 voti
413 3652 526 3707 compos
544 3637 652 3688 volunt:
675 3646 706 3687 ut
723 3636 769 3703 (G.
788 3644 821 3703 3,
839 3636 929 3700 114.)ε
950 3634 1112 3705 neptalin·-

53 3707 190 3772 pueerotis
209 3707 340 3756 insistere
359 3708 456 3756 victor.
493 3706 644 3774 optaverat
661 3708 751 3769 enim,
769 3723 806 3757 ne
823 3707 929 3759 rediret
943 3714 1091 3761 extremui.

53 3777 83 3832 Jt
98 3773 197 3840 (196.);
214 3772 276 3823 Hae
294 3777 398 3825 vincite
417 3777 500 3824 cives.
524 3774 629 3838 (Guelf.
643 3776 662 3826 1.
681 3775 757 3827 add:
778 3774 923 3842 Quomodo
941 3777 1092 3844 Mnesteus,

53 3859 111 3894 :um
137 3841 286 3893 Cloanthus
317 3844 403 3895 victor
429 3841 567 3894 extiterit?
601 3841 732 3896 Solvitur:
762 3845 817 3896 sed
837 3844 924 3896 victor
947 3844 1092 3899 Mnesteus

53 3913 160 3976 irtute,
184 3910 232 3979 qui
250 3910 285 3962 ‹le
309 3913 408 3963 ultimo
426 3911 461 3963 ed
484 3905 598 3963 tertiuin
622 3913 715 3963 locum
739 3912 828 3974 venit3
853 3931 920 3966 nam
939 3913 1092 3966 Cloanthus

53 3989 73 4032 st
89 3979 335 4051 supplicitionibsu
353 3981 494 4033 victoriam
514 3990 556 4030 est
572 3981 701 4050 ualemus,
725 3998 793 4032 nam
817 3983 910 4036 fuerat
925 3982 1091 4053 superatus.)

53 4075 79 4088 -
111 4054 175 4108 496.
194 4048 362 4110 Clarissima
378 4050 475 4118 frater
493 4047 639 4115 Pandare,-
663 4049 823 4118 notissime,
845 4051 894 4122 qui
916 4050 969 4122 nris
984 4048 1092 4120 Lyde»
1153 4098 1170 4125 ,Ι
