2454 4500
188 212 254 343 su
449 271 586 337 suuvu
607 222 967 346 tenuissimus

188 456 290 528 syllaba
304 457 511 526 praepositionis
527 459 617 510 locum
632 459 760 514 obtineat.
792 462 888 515 Livius
905 465 937 519 in
953 465 1036 519 libro
1048 471 1189 538 nonagenus

188 535 300 596 quterto,
316 528 470 593 lnsrymem
486 528 516 579 in
528 527 671 578 Maeoniae
689 529 811 595 pertibus
830 548 889 583 esse
907 533 995 600 dicit,
1014 535 1067 586 ubi
1081 556 1129 607 per
1140 542 1189 607 qun

188 595 319 663 quaginta
342 595 426 647 millis
449 595 523 660 (mil.
548 595 686 662 iugerol)
715 606 806 649 terrae
834 598 896 667 igni
922 610 1043 655 exustae
1065 614 1137 671 tunt,
1157 607 1189 659 bos

188 665 274 716 etiam
297 679 443 714 numerum
465 665 649 728 (Homerum)
672 664 836 731 significasse
859 668 945 733 vult]
991 670 1130 740 Prochyte
1147 690 1189 743 eret

190 733 262 796 olts,
278 732 414 797 quondam
431 732 540 783 seilicet.
573 731 738 796 Durumoue
754 735 859 795 eubile;
878 736 945 802 [hoc
966 738 1025 805 est]
1042 744 1190 807 mortiferus,

189 800 224 851 ad
241 815 358 869 poenam
374 805 510 849 statutum.
529 824 563 835 -
595 805 656 855 718.
674 801 808 852 Stimulos
826 820 924 868 utres,-
950 808 1098 861 saeviendi
1112 811 1189 863 scilieet

188 869 260 917 Nam
277 875 339 917 sunt
363 874 391 919 et
406 865 513 917 timoris
530 874 557 919 et
575 866 696 935 libidinis
718 870 827 920 stimuli.
860 870 1002 926 Noteuda
1028 892 1135 946 quoque
1152 894 1190 945 pro

189 937 362 999 oeconomis,
385 950 456 1001 quae
478 934 507 985 id
530 935 599 1001 agit,
628 943 658 984 ut
683 938 828 988 verisimile
851 939 903 1003 sit,
927 942 1069 995 Turnum
1093 946 1189 997 victora

188 1003 301 1056 evasisse
317 1004 351 1054 tle
367 1003 471 1053 cestris.
488 1028 523 1039 —
556 1010 617 1059 720.
636 1002 763 1071 Undique
782 1009 978 1073 conveniuntg
1007 1013 1077 1080 [non
1094 1012 1189 1081 dieitqe'

188 1071 362 1135 conveniant,
390 1069 455 1135 sed]
476 1070 518 1121 illi
539 1071 598 1122 sino
622 1069 703 1123 dubio
727 1073 824 1139 quibm
838 1075 920 1125 Mars
945 1079 1053 1139 iniecit
1075 1082 1189 1145 suumn

187 1139 294 1190 invente
321 1139 520 1208 opportunitate
548 1138 708 1205 irruperunt
733 1152 824 1193 cestre
846 1142 989 1199 Troiana.
1063 1148 1200 1215 Quoniam

207 1214 337 1274 estquem.
359 1232 394 1243 -
433 1214 494 1264 725.
513 1206 659 1269 Obnisus3
683 1210 823 1275 connisus,
845 1151 1062 1282 certabundusfi
1086 1244 1120 1255 —
1153 1222 1198 1277 tii,

187 1226 269 1327 Bure
294 1276 326 1325 in
356 1277 506 1325 certamine
535 1275 657 1341 linquit,
684 1275 741 1327 siue
763 1294 810 1346 spe
833 1279 986 1333 evadendi.
1013 1307 1051 1323 -
1090 1295 1144 1344 727.
1160 1288 1188 1333 le

188 1344 262 1393 olios
280 1360 371 1393 seeum
390 1343 509 1393 includit
515 1365 525 1405 ,-
551 1344 612 1411 [pro
629 1342 749 1393 hostibus
766 1347 901 1412 quonism
924 1351 1042 1403 multos
1057 1370 1120 1405 suos
1132 1352 1187 1406 enh

187 1408 281 1474 sisset]
314 1409 412 1461 Statius
436 1414 504 1474 (10,
520 1410 611 1471 508.)=
637 1409 691 1461 Por
716 1415 791 1477 operi
814 1415 929 1466 iactura
958 1419 1057 1473 luero.
1086 1421 1186 1487 iliensis

187 1477 264 1529 horte
288 1491 389 1545 recepto
413 1478 561 1529 Exclusere
584 1495 666 1542 suos;
695 1480 707 1595 ἑ
735 1487 805 1531 otest
826 1489 925 1535 tumen
959 1486 998 1538 et'
1017 1488 1132 1542 dubium
1148 1492 1197 1549 est,

186 1547 326 1610 Includit,
342 1553 434 1598 utrum
451 1546 554 1611 hostes,
576 1563 612 1597 en
627 1562 688 1596 suos
714 1496 841 1611 illino,-
866 1552 1001 1620 insuper.
1016 1582 1057 1603 s·-
1090 1564 1145 1617 72&
1155 1556 1187 1605 lle

187 1632 280 1677 mens,·
303 1614 356 1666 hoc
373 1630 406 1666 ex
422 1615 565 1666 effectione
587 1631 636 1667 suu
658 1617 746 1683 posuit
762 1617 852 1669 Poeta.
887 1619 970 1671 Alibi
996 1622 1186 1689 (6,171.):ld

185 1697 244 1736 tum
256 1683 333 1751 forte
352 1699 420 1733 eave
438 1683 505 1732 dum
521 1695 652 1751 personat
668 1700 790 1749 aequora
807 1685 914 1735 coneha
934 1688 1080 1756 Demens,
1096 1706 1120 1743 et
1133 1704 1185 1743 essu

184 1764 265 1804 oooot
289 1754 320 1802 in
344 1753 496 1803 certamino
522 1753 609 1804 diuo's.
643 1750 813 1818 [Rutulum3
835 1762 935 1821 potest
960 1763 1132 1813 accusativus
1149 1774 1186 1821 ut.

184 1827 273 1890 potest
295 1828 322 1872 et
344 1817 495 1884 genitivus]
510 1844 544 1856 -
569 1826 644 1889 Ι737-
668 1818 781 1870 Dotaiis
805 1824 884 1887 regio
909 1824 1057 1894 Amarae,-
1081 1826 1185 1897 [autl'ti

184 1891 247 1940 dete
271 1903 321 1954 per
337 1889 443 1950 dotem,
466 1890 523 1955 [sut
539 1886 603 1955 quis
618 1887 797 1956 sperebatur]
829 1890 868 1939 Et
890 1890 972 1946 bene
991 1897 1126 1961 Amatae,
1143 1912 1184 1975 qm

184 1958 264 2009 illurn
294 1957 349 2007 sola
378 1972 515 2022 generum
544 1972 602 2008 esse
631 1955 772 2024 cupiebat,
801 1957 920 2022 [contra
949 1965 1056 2015 mariti
1083 1965 1185 2017 inditum

183 2026 258 2090 Ergo
281 2040 347 2076 eum
370 2024 479 2076 mulieri
501 2023 647 2093 probatum
670 2039 724 2075 non
747 2025 805 2074 siro
828 2025 921 2091 dicit]
960 2031 1125 2084 Notandum
1141 2050 1185 2093 sus

183 2094 248 2160 quis
271 2093 300 2144 id
323 2092 393 2160 egit,
422 2100 453 2142 ut
476 2092 612 2156 ostendat,
633 2107 662 2141 se
685 2108 741 2142 non
764 2108 813 2160 per
835 2092 1073 2160 imprudentiam
1096 2102 1182 2153 Times

182 2162 334 2224 inclusisse,
364 2160 411 2210 sed
439 2159 516 2210 illum
546 2177 596 2229 per
625 2159 809 2210 temeritatem
831 2161 885 2211 sibi
917 2166 1048 2220 minime
1077 2172 1182 2236 prolutus

182 2238 270 2280 castra
294 2237 456 2294 penetrasse.
473 2254 506 2264 ·-
546 2232 606 2284 740.
633 2228 693 2277 Olli
718 2229 882 2292 subridens,
911 2247 1060 2301 magnam
1085 2238 1180 2289 confides

180 2299 249 2347 tiam
272 2297 375 2346 virtutis
400 2297 522 2346 ostendit
539 2322 573 2332 -
607 2302 667 2351 742.
686 2295 795 2345 Priamo
815 2301 956 2352 narrabis
976 2306 1131 2368 Achillem,
1148 2318 1179 2374 pit·

181 2373 243 2432 pter
266 2364 333 2413 illud
357 2363 470 2429 Sibyllae
494 2366 504 2421 (
511 2369 543 2425 6,
562 2362 627 2421 89·):
651 2365 733 2414 Alius
756 2363 836 2414 Latio
864 2369 925 2416 ium
953 2387 1062 2436 partus
1088 2375 1177 2424 Actius
1221 2402 1222 2413 .

181 2435 217 2482 Et
240 2432 344 2482 dietum
369 2439 423 2492 est,
447 2431 559 2481 utillud
584 2436 626 2495 (2,
644 2433 727 2493 549.):
749 2432 981 2503 Degeneremque
1000 2441 1176 2507 Neoptolemus
1220 2474 1222 2499 2

183 2519 298 2553 narrare
317 2511 455 2549 memento.
474 2525 506 2536 -
540 2506 601 2555 743.
617 2498 723 2549 Rudem
743 2502 840 2561 nodis3
865 2519 925 2554 non
945 2507 1063 2575 levem,
1090 2507 1173 2577 neoptl
1220 2504 1222 2515 ⁴

181 2571 292 2631 ohram,
315 2566 362 2620 sed
381 2569 488 2620 fortem.
524 2565 630 2617 Cortice
648 2570 748 2630 crudo;
773 2569 857 2620 viridi.
891 2572 974 2624 Nam
999 2578 1100 2631 hastae
1121 2572 1174 2645 [igidi
1220 2606 1222 2643 ι

180 2638 343 2704 plerumque
365 2644 512 2687 torrentur.
535 2661 570 2671 -
617 2640 676 2693 745.
705 2637 813 2687 Vulnus
837 2647 903 2699 etc.;
932 2644 1069 2709 [vulnus
1093 2649 1171 2701 venuit,
1218 2674 1222 2699 ,

179 2708 196 2756 i.
222 2725 244 2756 e.
266 2705 366 2768 ictum,
390 2720 443 2772 quo
467 2703 602 2754 vuhserari
626 2702 742 2769 debuit]
787 2706 933 2773 Plerique,
961 2713 1014 2764 sed
1039 2733 1096 2766 non
1117 2710 1171 2765 idorei
1218 2742 1222 2773 4

180 2782 424 2836 commentatores,
450 2772 543 2822 dicunt
565 2772 617 2821 hoc
640 2773 699 2822 loeo
725 2776 844 2823 occisum
868 2776 1024 2834 Turnum:
1057 2785 1103 2834 sed
1125 2794 1170 2832 tius
1218 2794 1222 2859 l

179 2842 355 2892 oeconomiae
372 2841 487 2906 gloriam
505 2858 521 2890 a
537 2840 618 2890 Poe'ta
634 2842 740 2892 Aeneae
758 2859 813 2893 esse
829 2853 984 2898 servatam:
1013 2853 1088 2918 quod
1110 2852 1168 2903 fuss
1217 2871 1222 2915 ¹.

179 2918 225 2961 est.
260 2911 332 2960 Nam
355 2910 378 2959 si
395 2910 537 2960 veritatem
561 2907 688 2961 historiae
711 2910 847 2978 requiras,
872 2915 968 2977 primo
996 2921 1106 2985 praelio
1118 2920 1169 2969 inte·

95 2998 108 3009 ⁴
179 2985 284 3046 emptus
309 2978 422 3028 Latinus
444 2986 484 3028 est
507 2978 552 3043 [in
576 2975 663 3040 arce];
687 2977 765 3039 inde,
788 2979 834 3028 ubi
858 2979 972 3032 Turnus
992 2992 1116 3039 Aeneam
1134 2985 1168 3035 ut
1217 3032 1222 3043 ,

177 3046 362 3114 superiorem,
384 3045 513 3096 Mezentii
529 3043 681 3111 imploravit
698 3047 838 3105 auxilium
863 3053 989 3102 secundo
1010 3057 1115 3122 proelio
1129 3055 1167 3103 Tur

177 3130 228 3163 nus
253 3114 354 3162 oreisus
378 3120 431 3171 est,
454 3121 481 3164 et
503 3113 678 3163 nihilominus
701 3117 803 3165 Aeneas
826 3124 922 3181 postea
946 3136 1009 3172 ison
1036 3120 1167 3191 compendi

175 3182 257 3231 tertio
281 3181 386 3249 praelio
410 3181 577 3232 Mezentium
600 3180 697 3231 occidit
722 3184 856 3233 Ascanius.
899 3186 959 3234 Hoc
987 3189 1083 3242 Liuius
1105 3186 1166 3258 (nti
1215 3217 1222 3248 ι

175 3249 253 3312 dicit,
277 3259 306 3301 et
329 3252 398 3301 Cato
421 3249 450 3299 in
474 3248 638 3311 Originibus.
655 3275 689 3286 -
729 3258 788 3306 747.
813 3251 926 3313 Telum3
949 3255 1010 3306 hoe
1036 3260 1095 3310 loco
1116 3260 1165 3308 totu
1219 3287 1222 3313 2

175 3318 298 3383 gladium
326 3319 389 3369 dixit
413 3336 429 3366 a
454 3317 628 3384 longitudine.
679 3319 755 3369 Unde
778 3327 806 3370 et
830 3323 948 3370 mustela
968 3325 1097 3392 rutenus,
1122 3339 1175 3394 qus
1217 3344 1222 3362 ¹

175 3404 238 3435 mus
257 3389 365 3453 longus.
403 3385 499 3436 Telum
524 3393 615 3437 autem
639 3388 757 3450 posuisse
781 3403 830 3456 pro
855 3388 945 3454 gladio
971 3392 1044 3444 illud
1062 3395 1163 3459 significet
1215 3421 1222 3452 r

174 3456 247 3520 quod
271 3457 354 3506 insert
375 3455 454 3523 paulo
478 3463 549 3522 post:
577 3453 727 3520 Consurgit
750 3458 780 3504 in
805 3474 904 3507 ensem.
921 3484 956 3495 —
1002 3470 1067 3519 748,
1084 3466 1110 3513 Is
1128 3462 1163 3519 uli,-
1211 3480 1222 3535 j

174 3537 239 3587 par,
263 3525 364 3574 similis.
399 3522 523 3588 [Versot;
549 3521 644 3585 librat,
667 3525 762 3584 iactet,
788 3533 815 3574 et
840 3533 879 3574 est
895 3526 1076 3581 Ennianum:
1103 3532 1161 3581 t'ou
1207 3540 1221 3589 ι’,

175 3591 350 3657 mucronem]
367 3616 401 3631 ··-
444 3597 504 3647 749.
527 3590 584 3639 Alte
609 3593 753 3656 consurgit
778 3595 808 3640 in
834 3610 940 3657 ensem
968 3613 1060 3662 genus
1084 3594 1160 3651 feriori
1206 3625 1222 3662 ἃς

172 3657 354 3710 Gallicanum.
388 3659 537 3710 Sallustius:
561 3658 691 3723 Regressi
716 3661 751 3708 ud
767 3661 918 3727 faciliores
944 3667 1024 3714 ictus
1044 3669 1102 3719 loco
1118 3666 1159 3717 teit-
1200 3691 1222 3732 0,

173 3726 240 3774 bont
265 3729 365 3790 (Guelf.
383 3730 402 3777 Ι.
427 3730 501 3778 lotos
524 3729 704 3794 quaerebant,-
730 3730 757 3776 V.
784 3731 860 3778 locus
887 3731 960 3790 ced).
981 3761 1017 3769 ——
1053 3745 1110 3794 751,
1123 3735 1157 3802 [ln
1196 3750 1222 3802 11„

172 3795 323 3860 pubesque3
350 3797 445 3861 pathos
462 3811 493 3847 ex
513 3802 600 3846 aetate
617 3797 707 3844 movit.
727 3821 758 3832 ·—
793 3797 933 3853 miluc
953 3815 1055 3867 caput,·
1080 3807 1157 3870 hutpt
1194 3830 1222 3875 91„

171 3862 264 3926 pendit
287 3863 421 3927 ligurius]
437 3890 469 3901 --
510 3869 569 3920 759.
593 3863 667 3913 Bello
692 3867 818 3929 gentique
837 3866 962 3931 fus'sset5
988 3872 1044 3920 duo
1070 3871 1156 3924 dicius
1187 3881 1222 3941 f„

171 3930 272 3981 bellum
296 3932 368 3980 siuiri
392 3931 556 3996 putruisset,
581 3932 705 3981 omnibus
731 3933 914 3999 interemptis,
939 3945 968 3985 et
993 3954 1062 4004 gens
1086 3940 1155 4009 ponito
1188 3963 1206 4000 r,

169 3999 263 4055 fuisset
278 3994 420 4066 exstincte,
436 4002 524 4055 occiso
539 3999 663 4066 Ascanio,
680 4017 696 4052 e
714 4017 766 4071 quo
783 4001 903 4057 Romani
921 4004 1027 4060 ducunt
1047 4010 1151 4081 origines
1186 4030 1222 4077 u„
