2454 4500
177 285 217 329 ιιι
235 226 396 333 vincio
419 267 593 333 annaio.
614 270 695 335 ma.
717 272 772 348 iv,
792 277 985 347 ror-247.
1036 284 1115 350 ars·

68 450 270 506 caduceatores
284 448 378 509 fiebat
410 452 528 577 &ihm
542 454 668 511 saduceis
684 454 739 510 duo
755 454 829 511 mala
846 457 997 527 adduntur,
1014 475 1102 516 rmum
1137 446 1156 489 ’-

69 521 152 589 Solia,
174 521 251 575 aliud
272 522 378 596 Lunae.
428 526 434 541 '
471 524 540 578 cin
561 525 627 595 ipsis
649 526 821 597 serpentibus
842 525 913 580 liaeo
937 528 1030 596 opinio
1053 540 1103 598 ers,
1137 586 1141 593 ,

67 586 229 643 umarus
251 589 322 644 haec
343 597 404 644 tatu
425 594 487 653 iera
509 592 640 647 animalia
656 595 821 661 concordat,
843 612 893 647 nos
948 614 1019 666 oque
1035 614 1101 651 con-

70 658 189 712 cordare
205 658 310 713 debera
327 668 438 714 certum
455 660 517 728 cst]
549 656 654 733 Ἐρμῆς
670 670 764 716 autem
780 664 890 716 Graece
927 665 1021 733 'cium
1043 660 1100 722 dno*
1124 692 1133 713 ’-

71 720 167 796 sitia
219 727 296 801 ¹salat,
319 728 424 783 latine.
441 733 587 799 interpres.
621 730 704 801 [Sane
726 730 879 785 caduceum
895 740 991 801 postea
1006 735 1101 790 inten-
1128 774 1132 779 -
1183 726 1191 749 ‘

71 799 131 847 urm
177 796 272 864 'dnm
293 796 372 866 virga
393 812 458 852 vero
481 799 589 868 insigne
612 798 753 870 potestatis
774 807 828 866 est,
852 814 919 853 narn
941 803 1004 855 ideo
1021 812 1055 857 aa
1071 813 1102 858 et
1147 834 1150 839 ·

67 863 249 937 'magistratio
270 873 400 933 uttmtur,
422 864 497 921 diota
518 866 594 937 quod
616 869 668 918 diu
693 871 770 949 rigat
791 870 834 936 (vi
857 870 961 937 τιμῆς
992 870 1045 925 hac
1069 882 1101 927 et

67 941 141 987 tates
157 932 268 1001 plerrun
307 951 324 986 a
339 942 464 1002 utuntur¹
479 939 552 989 unde
568 944 598 988 et
610 937 692 991 Circe
703 937 812 989 videtin
827 934 955 991 homines
970 947 1101 1008 mutasse,

67 998 240 1069 ot(7‚19o):
282 1002 524 1073 aesopianam
538 1005 628 1072 virga.
664 1004 701 1055 Et
710 1001 1100 1075 hodiequetamathletarum

67 1084 153 1153 lum
189 1068 357 1123 ladiatorum
371 1073 526 1126 certamina
540 1072 618 1141 virga
633 1068 816 1141 dirimuntur,
841 1081 869 1127 ct
883 1078 1017 1147 praefecti
1032 1092 1100 1147 gen·

67 1143 137 1191 uum
189 1154 325 1192 surarum
340 1155 407 1192 cum
428 1139 512 1209 fitmt,
534 1141 643 1210 virgam
659 1141 799 1212 accipiunt
821 1148 851 1195 et
865 1143 994 1214 gestant]
1026 1147 1098 1198 Ani·

67 1221 145 1274 πως
188 1222 222 1258 ro
240 1208 371 1274 umbras,
391 1208 545 1262 secundum
566 1211 707 1279 poiticum
729 1223 849 1263 morem.
884 1212 1002 1264 Animas
1018 1215 1098 1267 enim

67 1279 92 1329 'm
182 1290 201 1326 ο
221 1282 299 1330 sunt:
320 1285 353 1328 ut
374 1277 531 1349 (5,⁶722.)=
559 1279 627 1330 Visa
650 1275 752 1330 dehinc
768 1279 844 1331 coslo
862 1279 958 1351 facies
981 1283 1098 1353 delapsu

67 1344 206 1396 rannus.
240 1345 327 1398 Huius
347 1353 444 1398 autem
468 1347 512 1400 rei
533 1348 607 1401 ratio
624 1345 736 1400 alterins
751 1355 794 1400 est
807 1348 947 1403 scientiae.
965 1374 1001 1389 --
1034 1356 1098 1410 244.
1163 1358 1166 1363 “

67 1411 195 1464 Lamina
213 1426 299 1465 morte
317 1416 459 1495 rescz'guat,⁸
482 1413 600 1483 claudit,
616 1412 769 1487 perturbat
802 1415 852 1466 Est
866 1425 895 1469 ct
910 1417 999 1484 aliud,
1021 1416 1098 1488 quoa

67 1482 100 1535 m
136 1479 300 1547 ''dicunt‚
341 1483 454 1554 nprllas,
513 1501 544 1536 as
559 1484 588 1536 iu
604 1481 689 1536 oculis
705 1484 842 1549 videmus,
864 1487 1013 1538 morituros
1029 1496 1097 1543 anta

67 1551 96 1602 ri
118 1560 192 1601 uum
212 1565 275 1603 non
292 1550 330 1604 ha
350 1566 414 1604 eres
476 1552 482 1564 '
505 1566 535 1603 us
557 1567 614 1604 non
635 1551 712 1618 visis,
740 1559 782 1620 est
802 1566 912 1613 summa
933 1554 1097 1626 desperatio.

67 1618 122 1693 Iac
140 1632 212 1687 ergo
227 1617 309 1671 dicit:
336 1619 489 1688 designat,
510 1621 564 1675 hoc
580 1625 623 1673 est
637 1622 728 1672 aufert
743 1619 822 1688 signa
837 1618 1002 1686 luminibus3
1019 1624 1055 1704 [i.
1072 1640 1097 1678 e.

67 1687 211 1757 ignorum
239 1687 338 1756 quibus
380 1701 486 1759 uaeque
515 1695 664 1741 noscuntur
686 1687 857 1740 intellectum
878 1690 958 1743 tollit.
997 1690 1099 1744 Crocro

67 1752 215 1823 nsignart
236 1769 288 1826 pro
312 1703 441 1827 aussm,
464 1757 494 1809 in
518 1757 595 1809 (irat
619 1771 671 1824 pro
688 1755 789 1809 Archia
811 1755 858 1825 (5.)
874 1758 927 1811 ait:
949 1756 1099 1825 Qunmdirc

67 1824 223 1877 5noolamis
241 1823 322 1893 suit,
350 1828 466 1892 levitas,
488 1837 552 1894 post
574 1826 799 1890 damnationem,
829 1827 979 1879 calamitas
1009 1828 1097 1894 (Dan,

142 1950 147 1958 ,
170 1893 199 1943 ἰι
214 1892 357 1945 incolonus
373 1903 436 1965 post
451 1893 635 1947 damnationis
651 1893 866 1959 calamitatem),
890 1912 998 1947 omnem
1016 1898 1098 1948 tabu·

67 1978 161 2013 arum
172 1958 264 2030 fidam
283 1965 469 2032 resig'nasset3
487 1962 546 2015 'hoc
562 1970 603 2016 est
624 1961 784 2015 abstulisset
819 1960 872 2014 Alii
894 1964 1008 2016 tradunt
1030 1965 1099 2019 reti·

67 2044 152 2100 gnara
166 2036 271 2082 vetuste
287 2030 327 2084 ita
342 2032 462 2099 dictum,
488 2038 520 2082 ut
534 2047 585 2084 nos
602 2033 754 2098 adsignare
771 2026 887 2082 dicimus
911 2047 962 2102 pro
984 2031 1098 2099 damno,

67 2104 93 2150 st
108 2104 155 2152 est
170 2096 247 2167 apud
263 2098 398 2155 Catonem
414 2100 445 2153 in
461 2096 580 2153 Lucium
596 2100 725 2151 Furium:
750 2096 794 2150 Da
812 2116 887 2167 aqua
905 2101 980 2166 quod
996 2105 1098 2154 attinet

67 2168 100 2218 id
118 2166 293 2219 salinatores
311 2171 454 2234 aerarios,
471 2171 519 2220 tui
536 2185 605 2220 cura
622 2169 803 2237 vectigalium
822 2171 963 2236 resignat5
980 2176 1009 2222 et
1018 2170 1097 2224 Idem

67 2234 207 2304 eademi)
230 2235 260 2287 in
277 2237 416 2290 oratione:
439 2236 482 2289 No
500 2238 591 2302 spolia
603 2237 763 2306 figerentur
787 2237 848 2287 nisi
865 2239 896 2290 da
914 2237 990 2289 hoste
1008 2251 1098 2308 capta,

67 2304 112 2356 real
129 2316 188 2356 tum
207 2304 258 2356 ubi
276 2306 300 2357 ii
317 2304 432 2358 dimissi
449 2319 517 2357 sunt
536 2318 712 2358 revertantur
730 2307 882 2374 resignatis
899 2309 1096 2374 vectigalibus.

67 2398 96 2412 -—
132 2377 196 2432 245.
213 2374 279 2442 Agit
295 2387 406 2439 ventos3
429 2391 487 2427 non
505 2383 583 2428 vocat
604 2383 653 2426 aut
674 2374 787 2439 transit,
812 2388 878 2426 nam
901 2375 1037 2443 sequittu:
1061 2375 1097 2428 Et

67 2442 181 2493 turbido
198 2454 294 2493 tranat
300 2465 317 2507 ,·,
328 2460 365 2496 an
381 2458 448 2512 ergo
465 2444 541 2495 ducit
556 2452 639 2511 atque
656 2442 835 2495 moderatur?
857 2450 888 2493 ut
903 2443 948 2563 SG.
964 2447 991 2505 4,
1008 2444 1097 2508 510.):

67 2510 234 2562 Muloenttm
252 2514 380 2579 tigrium
397 2524 521 2581 agentem
528 2536 537 2578 ,-
560 2513 635 2564 unde
657 2517 686 2565 ct
702 2512 880 2579 paedogogos
922 2511 1036 2562 icimus:
1059 2530 1096 2565 an

67 2577 182 2633 anuuit
197 2597 230 2631 ac
246 2580 344 2650 pellit?
362 2587 393 2632 ut
409 2581 455 2648 (G.
465 2591 491 2646 2,
505 2585 591 2639 130.):
609 2582 647 2631 Ac
666 2582 797 2639 membris
815 2582 876 2647 agit
893 2593 955 2631 atra
973 2597 1094 2632 venena:

67 2664 99 2701 m
118 2649 267 2719 sequitur?
289 2656 321 2699 ut
337 2654 379 2715 (5,
396 2649 482 2711 265.):
504 2648 636 2700 Palantes
654 2650 745 2701 Troas
770 2647 891 2715 agebat?
926 2665 962 2700 an
985 2656 1050 2701 ante
1066 2666 1097 2702 se

67 2715 136 2784 agit,
151 2732 189 2769 ne
206 2715 370 2770 reflectant?
388 2726 418 2768 ut
435 2735 520 2784 equos
538 2722 611 2786 agit,
628 2719 694 2786 quia
710 2719 762 2768 illis
779 2718 916 2777 desertum
933 2730 1001 2768 nam
1016 2717 1096 2771 dixit:

67 2784 176 2854 Rapido
200 2787 307 2854 pariter
330 2802 394 2836 cum
411 2786 538 2854 flumine
562 2799 683 2853 portant.
727 2787 770 2836 An
792 2787 868 2852 agit,
896 2784 926 2836 in
949 2793 1013 2836 actu
1036 2786 1096 2838 est?

67 2852 217 2906 Sallrntius:
232 2854 320 2915 „Inter
344 2858 498 2906 certamino
523 2858 687 2907 donationis
711 2853 863 2921 (dominat)
887 2863 938 2902 aut
955 2855 1094 2906 libertatis

67 2921 144 2991 ogit]
181 2920 306 2991 Tranat5
330 2925 493 2976 transvolat:
515 2933 547 2974 ut
570 2925 620 2992 (G.
644 2930 676 2989 4,
694 2922 767 2984 59.):
791 2921 870 2974 Nare
891 2937 940 2988 par
963 2935 1094 2974 aestatem

67 2989 204 3059 liquidam
221 2994 381 3060 suspexeris
405 3009 514 3061 agmen.
531 3017 567 3031 *-
600 2998 662 3050 246.
679 2993 789 3058 Apicem
807 3003 833 3042 et
850 2991 954 3055 latera3
980 2991 1051 3043 bene
1068 2991 1095 3044 ei

67 3076 133 3130 miae
157 3067 223 3111 sunt
245 3061 366 3112 hominis
388 3061 442 3113 dat.
478 3061 551 3113 Nam
574 3060 614 3130 [et
635 3061 781 3126 humeros,
803 3059 937 3125 barbam,
959 3067 1095 3125 mentum,

67 3128 158 3183 senem
182 3129 257 3182 dicit.
290 3131 343 3180 Hic
367 3138 461 3182 autern
476 3128 561 3194 Atlas]
577 3146 624 3183 rex
648 3131 715 3194 fuit,
739 3128 787 3196 qui
803 3128 925 3197 [habuit‚
947 3128 1018 3178 sicut
1034 3127 1093 3196 qui-

67 3196 254 3263 damelant,
276 3196 351 3250 iuxta
367 3198 515 3266 Aethiopas
531 3197 704 3270 pomarium,
727 3196 757 3247 in
775 3213 829 3269 qno
846 3196 921 3248 mala
937 3212 1022 3248 aurea
1046 3213 1094 3248 na·

67 3267 221 3331 icebantur,
238 3282 309 3335 quae
321 3267 484 3336 Hesperides
502 3275 530 3319 et
545 3266 677 3318 insomnis
691 3266 783 3316 Draco
800 3265 997 3317 custodiebant.
1031 3263 1094 3330 Hic]

67 3348 129 3386 cum
152 3335 274 3388 audisset
297 3337 409 3388 oraculo
440 3336 475 3403 [a
499 3335 634 3388 Themide
663 3333 854 3402 antiquissima
876 3334 990 3385 dearum
1013 3330 1094 3399 vate]‚

67 3403 217 3457 cavendum
235 3421 294 3456 esse
312 3422 327 3456 a
344 3403 414 3456 Iovis
430 3403 501 3470 filio,
524 3406 583 3472 [qui
608 3421 640 3456 ea
657 3420 741 3473 poma
758 3401 922 3470 qtmndoque
939 3398 1094 3452 sublaturus

67 3470 163 3545 εικῆ]
189 3479 219 3524 et
234 3471 324 3542 [prae]
340 3474 442 3526 timor'e
459 3471 566 3526 nulhim
582 3472 747 3542 susciperet,
768 3471 871 3540 [audito
889 3469 962 3539 quod
979 3471 1094 3522 Perseus
1123 3502 1131 3515 κ

67 3534 129 3592 [oris
146 3548 218 3594 essct
233 3542 317 3606 lilius,
340 3542 479 3612 suscipere
495 3557 561 3594 cum
578 3542 697 3613 hospitio
715 3536 826 3605 noluit‚]
853 3557 870 3591 a
893 3554 948 3606 quo
970 3538 1056 3605 (codd.
1074 3556 1092 3588 a

67 3606 172 3674 Perseo)
189 3611 220 3661 in
236 3618 362 3661 montem
379 3627 523 3664 conversus
541 3620 582 3662 est
597 3612 652 3661 viso
670 3608 809 3677 Gorgonis
825 3607 915 3679 capite
933 3613 996 3674 (eo,
1019 3607 1093 3679 quod
1196 3670 1199 3675 Ι

67 3677 138 3731 ¹illum
154 3679 246 3730 noluit
261 3674 417 3747 suscioere.)
451 3681 487 3730 Ut
504 3687 598 3732 autem
614 3680 643 3730 in
660 3679 753 3747 primo
771 3677 852 3744 (741.)
869 3676 1002 3742 diximus,
1019 3676 1094 3744 peri-

67 3754 102 3800 tua
125 3746 295 3816 astrologiae
323 3751 385 3800 luit.
425 3748 498 3800 Nam
528 3751 574 3816 [et
603 3749 724 3800 siderum
747 3762 860 3797 cursum
883 3746 916 3797 de
937 3745 1094 3798 rehendissa

67 3814 194 3884 liciurr,]
218 3825 248 3869 et
264 3817 413 3869 Herculem
429 3817 552 3870 docuisse
577 3817 666 3884 (codd.
686 3815 801 3878 docuit).
835 3814 906 3867 Sane
918 3765 1020 3867 lentina
1037 3815 1094 3883 [At-

67 3884 116 3951 Β]
146 3884 283 3937 Telamon
312 3885 427 3951 dicitur,
456 3886 526 3938 sicut
548 3886 639 3950 Nilus,
667 3885 750 3937 Melo.
775 3908 808 3919 ·—
849 3889 911 3942 247.
937 3885 1074 3950 [Atlantis
1082 3906 1093 3947 ‚-

67 3954 187 4008 lotheris
205 3962 233 4006 et
249 3951 315 4006 Diei
330 3953 417 4019 filius,
434 3953 478 4006 cui
495 3972 601 4026 poenae
620 3955 710 4022 gratia
726 3952 834 4004 coelum
850 3953 1012 4022 impositum
1029 3951 1095 4003 diei·

69 4038 121 4088 ua,
143 4023 234 4097 quod,
257 4029 288 4074 ut
311 4022 426 4093 quidam
449 4021 558 4090 volunt,
580 4039 646 4076 cum
671 4021 816 4075 Titanibus
839 4021 953 4074 steterit.
999 4019 1094 4083 Duri,·

108 4143 144 4219 Ῑ,
307 4160 324 4170 ·
857 4143 896 4198 ts
