2454 4500
96 270 163 335 492
349 264 489 329 stum
512 264 866 329 COMMENTARIUS

97 449 164 517 qaid
181 450 310 503 audirent
326 452 500 520 ignorantes,
524 458 553 503 et
569 450 706 517 optimum
723 450 870 513 ducentes,
891 448 917 499 si
937 448 1018 517 prius
1034 464 1079 500 eos
1092 465 1124 499 ss·

96 518 231 581 laurent,
245 520 373 571 dixerunt
388 526 479 585 ιιῖριι
497 537 581 587 quam
597 520 790 569 salutationem
806 517 933 568 Romani
951 532 1058 567 nomeu
1074 518 1123 567 civi·

96 587 161 637 tatis
177 604 236 640 esse
253 598 432 655 putauerunt,
448 598 477 641 et
492 590 615 639 detracta
633 589 799 657 aspiratione
816 602 881 639 eam
901 586 994 635 Caere
1011 586 1125 635 nomina·

96 664 210 717 rerimt,
231 668 263 706 ιιι
277 658 344 707 dixit
359 658 480 725 Hymnus
501 656 532 707 in
556 656 669 707 urbibus
685 656 793 707 ltalicis.
827 656 934 703 Amnis
958 662 1058 705 autem
1079 656 1126 720 [aut

41 726 44 735 '
95 725 184 773 tarint
200 740 319 790 nomen,
335 736 403 788 aut,
424 736 455 776 ut
471 723 583 792 qnidam
601 723 704 787 veliunt]
719 724 808 773 Minio
825 723 949 773 dicitur:
976 723 1056 788 [quia
1071 720 1126 771 abbi

94 788 190 855 dixitJ,
214 802 246 843 ut
261 800 324 857 (10,
341 794 427 855 lesi:
454 792 513 858 Qui
531 794 640 843 Caerete
657 794 756 855 domo,
779 793 830 856 qui
848 802 919 841 sunt
936 790 1087 841 blanteriis
1102 791 1127 837 ιιι

97 862 186 909 aruis.
220 862 285 927 [Alii
300 869 376 913 certe
393 862 529 927 (Caeref’)
554 870 681 911 montem
696 860 845 929 putabant,
869 859 907 909 ob
926 859 986 909 lior:
1004 858 1127 925 oppidum

95 926 211 979 dictum.
228 929 253 993 ⁸]
271 956 303 967 -
337 935 398 987 598.
415 928 484 981 Late
502 947 597 993 socer,
621 930 673 979 hoc
697 937 739 980 est
760 944 818 979 non
843 927 939 977 solum
957 926 1128 977 colebatura

94 994 216 1060 civibus,
231 997 280 1048 sed
295 998 379 1049 etiem
395 998 432 1049 ab
449 999 555 1049 accolis.
588 997 745 1065 [Undique3
768 994 844 1047 deest
862 1011 969 1061 quem,
994 996 1038 1047 vel
1055 990 1127 1056 eum]

96 1086 133 1101 ··-
167 1070 229 1121 5⁸19-
247 1064 357 1134 Nigra,
380 1068 525 1119 umbrosa:
548 1083 627 1117 more
647 1082 705 1116 suo.
722 1090 758 1104 -
789 1070 852 1121 600.
875 1064 991 1114 Veteres
1010 1078 1128 1113 sacrasse

96 1130 248 1197 Pelasgos,-
272 1136 306 1187 de
322 1134 365 1187 his
382 1136 456 1187 varia
473 1144 514 1187 est
530 1135 629 1204 opinio.
663 1134 736 1184 Nam
760 1133 806 1185 alii
831 1147 880 1182 eos
906 1132 948 1183 ab
967 1129 1128 1183 Atheniensi·

96 1199 164 1261 bus,
187 1202 235 1253 alii
251 1219 269 1253 a
286 1203 456 1269 Laconibus,
478 1204 526 1255 alii
549 1221 566 1254 a
582 1202 717 1253 Thessalis
735 1201 829 1251 dicunt
856 1201 1006 1266 originem
1028 1202 1128 1259 discere,

96 1266 174 1337 quod
189 1278 233 1319 est
249 1272 416 1340 propensius.
451 1272 524 1323 Nam
546 1271 643 1321 multas
664 1271 693 1321 io
710 1268 853 1321 Thessalia
869 1270 1058 1336 Pelasgorum
1076 1282 1129 1317 cou-

97 1345 152 1387 nat
168 1354 227 1389 esse
240 1340 370 1391 civitates.
403 1341 438 1393 ui
455 1341 539 1409 primi
550 1340 656 1391 ltaliam
673 1340 792 1389 tenuisse
809 1337 1014 1403 perhibentur.
1050 1336 1128 1404 [lilio

98 1419 180 1455 corus
203 1407 379 1469 (Philochor.)
402 1410 456 1471 ait,
478 1408 541 1460 ideo
562 1408 717 1459 nominatos
740 1406 885 1472 Pelasgos,
917 1405 999 1473 quod
1024 1406 1086 1456 velis
1105 1408 1128 1453 et

98 1490 183 1525 verno
204 1484 332 1542 tempore
348 1475 476 1529 advenire
494 1478 621 1527 visisunt
637 1484 667 1525 ιιι
683 1492 752 1527 aves.
785 1474 905 1540 Higinus
923 1474 998 1524 dicit
1014 1474 1127 1538 Pelasgos

97 1559 157 1595 esse
176 1544 225 1610 qni
242 1544 383 1612 Tyrrheni
395 1554 471 1610 sunt,
487 1546 539 1597 hoc
556 1545 639 1595 etiam
658 1546 745 1594 varro
760 1543 997 1607 commemorat]
1012 1570 1046 1579 -
1077 1544 1128 1597 601·

102 1613 242 1663 Arvorum
273 1616 434 1681 pecorisque
464 1616 530 1677 deo,-
557 1613 666 1679 publica
693 1613 924 1663 ceremoniarum
961 1610 1058 1678 opinio
1085 1609 1127 1657 hoc

100 1680 199 1733 habet:
223 1682 358 1745 Pacorum
381 1690 410 1735 et
430 1698 562 1749 agrorum
578 1682 661 1733 deum
678 1696 735 1731 esse
751 1679 900 1731 Silvanum.
940 1678 1127 1729 Prudentiores

100 1758 196 1801 tamen
223 1750 332 1814 dicunt,
355 1768 412 1803 esse
435 1766 499 1802 erim
523 1746 613 1801 silendo
635 1745 719 1811 θεὸν,
743 1748 797 1799 hoc
820 1756 863 1803 est
888 1747 979 1799 deum
1002 1744 1052 1811 τῆς
1068 1740 1125 1808 iim.

100 1818 169 1885 Hyle
186 1828 280 1869 autem
297 1828 339 1871 est
352 1820 395 1871 sex
413 1820 538 1869 oninium
556 1818 765 1879 elementorum,
782 1817 799 1866 ι.
817 1834 842 1867 e.
859 1818 936 1881 ignis
954 1817 1091 1867 sordidior
1105 1820 1126 1863 et

100 1893 165 1951 adr,
187 1890 255 1938 item
272 1904 344 1954 aqua
360 1896 388 1939 et
404 1896 481 1939 terra
496 1887 649 1939 sordidiora
671 1887 714 1951 (ul.
737 1885 797 1951 igni
820 1886 895 1937 sord.
914 1892 948 1935 et
964 1889 1048 1947 aire,
1068 1884 1125 1933 item

102 1972 174 2023 aqua
192 1964 221 2007 et
236 1963 310 2007 terra
328 1954 493 2018 sordidior,)
517 1955 589 2005 rmde
605 1963 703 2007 emera
727 1962 931 2021 procreantur:
957 1969 1047 2021 quam
1063 1943 1125 2013 lupe

100 2022 194 2075 Latini
218 2026 363 2074 materiam
385 2025 604 2090 appellaverunt:
633 2040 685 2075 nec
713 2022 869 2089 incongrue
899 2038 972 2071 cum
1004 2022 1126 2072 materiae

101 2092 231 2144 silvarum
255 2094 318 2143 sint.
355 2090 431 2159 Ergo
456 2092 529 2157 quod
550 2091 651 2143 Graeci
673 2108 691 2142 a
713 2098 787 2152 toto,
816 2090 871 2140 hoc
895 2089 997 2141 Latini
1021 2108 1039 2142 a
1061 2096 1127 2161 parte
1167 2110 1170 2133 ι

100 2162 235 2212 dixerunt.
270 2159 440 2226 Locumque,
458 2162 597 2225 diemque3
614 2160 666 2210 hoc
683 2176 699 2209 a
716 2158 850 2208 Romanis
866 2159 963 2221 traxit,
981 2158 1055 2226 apud
1072 2172 1127 2223 quos
1168 2151 1170 2189 ²

100 2230 171 2281 nihil
187 2232 239 2279 iuit
264 2237 323 2277 tam
340 2229 471 2289 sollemne
488 2244 572 2294 quam
589 2229 645 2278 dies
655 2226 882 2278 consecrationis.
921 2227 997 2276 Hinc
1016 2236 1057 2277 est
1072 2223 1127 2277 il'nd

102 2303 146 2361 (1,
163 2298 248 2357 737.):
271 2295 442 2357 ll'ostrosque
466 2296 553 2345 huius
578 2299 735 2345 meminisse
761 2298 893 2344 minores.
932 2296 1022 2361 [Ecce
1046 2305 1072 2346 et
1091 2295 1126 2344 ln·

102 2367 164 2416 luco
189 2372 216 2415 et
240 2380 356 2427 numen,
380 2374 408 2414 et
431 2366 666 2415 consecrationem
690 2362 788 2426 dedit]
814 2390 848 2399 -
884 2370 950 2419 603.
978 2364 1087 2414 Tarcho
1108 2374 1126 2409 ιι

104 2433 260 2500 Tyrrheni,
284 2432 392 2481 Tarcho
406 2433 466 2498 '[sic
490 2432 603 2498 legitur,
628 2432 666 2496 et]
683 2432 797 2489 Latinus
820 2432 1013 2482 nominativus
1039 2441 1079 2482 est
1098 2431 1124 2479 de

103 2502 212 2554 Graeco
237 2500 345 2551 veniens
371 2500 406 2550 ab
431 2516 464 2550 eo
482 2502 554 2565 qnod
571 2509 611 2552 est
629 2500 773 2550 Tarchon.-
799 2501 908 2565 perdito
931 2519 967 2563 n,
993 2510 1021 2552 et
1038 2521 1060 2551 ω
1075 2502 1100 2549 in
1115 2518 1125 2547 ι

102 2579 222 2630 mutata,
239 2576 269 2618 ut
286 2569 379 2635 Apollo
397 2564 551 2632 Ἁπόλλων,
570 2570 671 2636 [Plato,
688 2565 837 2632 iliricum]
866 2569 950 2619 aliter
970 2586 1062 2621 versus
1078 2585 1124 2618 non

99 2648 163 2690 stat.
198 2636 270 2686 Tuta
289 2640 415 2687 tenebant
435 2639 532 2687 Castro
552 2640 636 2697 Iocis3
659 2638 710 2687 hoc
728 2645 769 2687 est
785 2645 813 2689 et
834 2636 977 2688 industria
994 2647 1023 2690 et
1039 2645 1126 2688 natura

101 2706 291 2759 munitissima.
306 2758 309 2763 ,
327 2704 380 2757 Sed
403 2709 527 2757 novimus
551 2716 638 2758 castra
656 2724 706 2774 per
722 2715 853 2757 naturam
872 2708 988 2756 munita
1005 2722 1125 2758 essenon

102 2793 195 2846 posse,
218 2775 271 2825 nisi
288 2778 315 2824 in
333 2775 446 2825 collibus
463 2774 577 2826 fuerint:
603 2777 676 2841 quod
699 2774 721 2824 si
746 2775 776 2824 in
800 2775 944 2824 montibus
970 2784 1048 2839 sunt,
1070 2790 1126 2841 quo·

102 2842 185 2895 modo
210 2843 346 2911 procedit:
372 2843 453 2893 Loris
479 2845 605 2893 tendebat
630 2846 661 2892 in
686 2842 784 2892 arvis?
820 2844 862 2893 Ne
880 2843 916 2892 sit
934 2860 1005 2910 ergo
1030 2850 1127 2893 contra·

100 2916 190 2972 rium,
216 2912 416 2978 intelligamus,
439 2912 513 2978 ιμιοιι
535 2913 672 2978 hodieque
696 2911 817 2962 videmus
846 2919 875 2962 et
896 2910 1036 2976 legimus.
1065 2913 1126 2961 hanc

101 2980 215 3032 collium
232 2980 313 3029 fuisse
332 2989 475 3043 naturam,
493 2989 523 3028 ιιι
541 2982 668 3047 planicies
686 2989 755 3031 esset
771 2981 802 3030 ιιι
819 2995 940 3041 summu,
958 2980 987 3029 in
1008 2998 1062 3047 qua
1079 2982 1126 3029 ine·

100 3056 165 3101 rant
182 3056 270 3098 castra
288 3049 459 3099 Tarchonis.
493 3048 656 3115 Quanquam
674 3049 753 3098 nudti
771 3048 867 3098 velint:
886 3048 1029 3112 Celsoque·
1044 3065 1126 3100 οιιιιιιι

103 3120 135 3167 de
155 3118 222 3167 colle
241 3118 331 3166 videri
350 3118 408 3165 Iam
428 3130 534 3182 poterat
552 3119 639 3183 legio:
665 3118 698 3167 ad
715 3119 837 3168 Aeneam
857 3118 987 3177 referre,
1012 3127 1042 3166 ut
1059 3117 1125 3168 intel·

100 3186 226 3253 ligamus,
242 3186 381 3235 venientes
398 3186 426 3235 in
442 3186 555 3236 collibus
571 3189 652 3236 luisse
668 3185 810 3247 Troianos,
828 3184 926 3236 Castra
942 3201 1010 3236 vero
1022 3188 1126 3236 Etrusca

99 3256 131 3307 in
149 3254 259 3322 campis.
295 3254 372 3319 Quod
396 3254 419 3302 si
436 3253 548 3303 velimus
571 3255 711 3320 accipere,
734 3253 977 3319 quemadmodum
996 3256 1126 3320 procedit;

104 3322 176 3372 Tuto
194 3323 320 3372 tenebant
339 3322 436 3372 Castro
456 3323 547 3371 locis?
572 3325 648 3389 [nam
666 3321 736 3383 tuto]
760 3322 777 3371 i.
796 3341 819 3373 e.
844 3339 894 3389 per
911 3331 1049 3374 naturam
1064 3324 1125 3373 loco

100 3406 172 3440 rum
190 3418 225 3428 -
257 3394 319 3448 604.
341 3391 396 3459 [De
419 3392 488 3440 colle
513 3393 618 3456 videri3
642 3391 781 3442 incertum
806 3398 900 3439 utrum
925 3390 987 3457 ipsa
1012 3394 1043 3441 in
1068 3391 1125 3441 colle

102 3473 201 3521 agens,
217 3476 253 3509 an
270 3459 304 3508 ab
322 3460 364 3510 his
382 3460 427 3525 qui
446 3459 480 3511 de
498 3460 564 3509 colle
583 3458 770 3529 prospiciunt]
789 3484 821 3493 -
857 3463 918 3513 605.
940 3461 1084 3511 Tendebat
1099 3463 1123 3508 ιιι

102 3527 197 3586 arvis,
214 3535 245 3575 ιιι
264 3532 307 3588 (2,
325 3530 391 3589 293:
408 3526 463 3576 Hic
482 3545 583 3577 saevus
601 3531 728 3579 tendebat
745 3526 884 3587 Achilles,-
901 3527 969 3592 [hoc
988 3538 1031 3578 est
1047 3537 1123 3583 tento

102 3593 144 3643 ria
160 3592 301 3656 habebat]
319 3622 350 3631 -
386 3602 445 3650 006.
462 3595 496 3644 Et
514 3598 583 3646 bello
604 3599 687 3659 lectc3
711 3597 776 3663 quia
792 3596 832 3645 ait
848 3611 934 3664 supra
951 3597 1053 3663 (547.):
1077 3596 1123 3662 (lui

101 3677 161 3711 sese
186 3661 217 3709 ιἰι
242 3663 311 3711 bellu
337 3676 505 3730 sequnntur,
536 3663 710 3716 Praestontes
736 3667 837 3715 virtute
861 3664 937 3729 legit.
983 3666 1040 3715 Aut
1064 3669 1122 3717 lecto

100 3727 223 3796 proprie,
240 3730 304 3796 quia
316 3732 436 3793 delectus
453 3733 573 3782 militum
587 3743 635 3785 est.
647 3763 680 3772 -
714 3739 775 3790 607.
793 3733 817 3780 F
817 3734 927 3796 mique
941 3742 1012 3795 etc.;
1030 3734 1123 3803 ingenti

100 3803 160 3848 arte
178 3798 253 3862 quod
268 3800 432 3865 sequebatur
456 3802 561 3863 omisit,
584 3803 740 3853 redditurus
764 3802 792 3851 ιιι
811 3801 928 3852 decimo.
964 3804 1091 3872 Namque
1105 3804 1123 3851 si

99 3864 180 3917 vellet
196 3864 301 3928 dicere,
320 3869 422 3919 venisse
439 3872 575 3933 Aeneam,
597 3871 694 3922 vidisse
713 3870 915 3929 Tarchontem,
940 3872 1044 3938 petisse
1062 3874 1122 3922 ariri·

99 3935 151 3997 lia,
173 3933 237 3982 satis
253 3933 367 4000 longum
385 3939 491 4000 fuerat,
517 3946 544 3987 et
569 3939 677 4005 peribat
700 3938 767 3989 illud
784 3937 857 4003 quod
874 3939 914 3987 ait
930 3953 1017 4007 supra
1035 3942 1121 4006 (49ης

103 4003 170 4053 Toto
190 4018 309 4069 nomque
326 4002 458 4070 fremunt
476 4007 632 4059 condensae
656 4010 736 4060 litore
753 4021 876 4073 puppes:
900 4021 968 4057 cum
985 4007 1037 4077 [et]
1053 4009 1122 4058 Etru·
