2454 4500
161 262 229 333 438
426 272 567 339 suurn
587 272 944 340 COMMENTARIUS

166 444 246 515 Qud
269 470 337 507 sum
359 458 399 511 illi
420 476 478 513 atsi
494 459 654 527 aederent,
677 460 804 513 invocato
820 460 961 526 Videsne,
986 464 1018 509 ut
1036 473 1103 511 eum
1116 456 1183 511 uim

165 532 245 571 suurn
262 530 476 595 supputaret.
496 530 585 581 omnis
609 531 681 583 illius
704 529 889 581 multitudinis
905 536 1005 580 coetus
1031 528 1076 594 (al.
1094 526 1184 589 eboris)

165 600 204 635 est
224 608 338 647 numnis
355 600 546 651 ori-crusinatus
581 598 644 668 Quo
660 601 733 651 iacto
751 597 885 649 commoti
902 612 1004 648 omnes
1021 596 1109 647 simul
1128 594 1187 647 hibi·

165 662 305 715 tor-nunt.
330 676 357 717 et
376 668 488 717 liticen:
510 666 599 719 num
622 684 680 719 esse
703 667 888 721 crediderunt.
921 666 998 716 Hinc
1023 672 1082 717 est:
1105 665 1187 716 Omnis

166 744 247 789 quesn
267 736 385 785 credidit
402 752 494 787 astris:
514 738 592 803 quusi
609 744 671 807 post
686 735 901 787 dubitationem:
918 742 950 785 et
961 733 1032 802 quia
1050 734 1111 786 sine
1124 732 1188 784 dubio

164 808 334 855 ustassai-..1
357 822 386 853 nr
409 806 570 869 spectaculis
590 806 651 855 init.
668 832 705 842 -
737 810 798 861 682.
814 803 924 869 [Altum
945 802 1115 866 Praeneste,
1139 801 1190 852 Cato

165 866 245 918 dicit:
264 870 341 935 Quia
362 876 387 923 ir
405 874 484 925 sori.-
504 875 646 925 monsiius
662 885 795 942 praestet,
812 870 962 921 Praeneste
982 872 1089 938 oppido
1109 886 1191 921 nomm

166 936 250 989 tetri.
286 941 361 1009 Ergo
385 942 473 992 altum
490 944 556 1011 quis
578 944 608 995 in
630 942 772 992 montibus
788 937 931 1003 locatum]
966 938 1100 990 Dicimus
1116 946 1193 990 autem

167 1016 195 1059 et
212 1005 263 1057 boc
283 1008 443 1063 Praeneste.-
467 1018 511 1059 ut:
538 1010 652 1079 Quique
676 1011 766 1061 altum
789 1008 937 1058 Praeneste
962 1010 1036 1059 viri.
1082 1008 1119 1057 Et
1140 1007 1193 1057 haee

167 1074 343 1139 Praenestis,
365 1080 438 1131 uude
461 1085 502 1131 est
523 1079 684 1145 (8,561·):
709 1079 779 1129 Cum
801 1079 924 1143 primam
951 1079 1046 1127 aciem
1066 1075 1195 1127 Praeneste

167 1146 220 1197 sul
248 1150 310 1209 ipso
334 1148 437 1201 Straui.
480 1146 591 1215 Quique
621 1165 690 1199 arva
717 1145 844 1197 Gabinae
868 1145 1017 1208 Iunonis5
1050 1144 1135 1197 Gabii
1155 1143 1194 1211 (sl.

170 1212 293 1267 Gabinii
309 1218 423 1283 populi)
446 1217 494 1269 diu
516 1216 546 1266 in
569 1217 644 1281 agris
666 1216 783 1280 morati,
803 1213 918 1265 undem
944 1212 1058 1265 Gabios
1080 1212 1195 1265 condide-

167 1292 241 1335 ruut.
276 1285 354 1341 L'nde
407 1285 459 1336 rite
476 1302 545 1334 arva
563 1283 645 1349 dixit,
661 1300 719 1336 non
736 1286 853 1334 moenia.
888 1281 964 1334 Sane
981 1282 1043 1335 illic
1060 1281 1129 1333 Iuno
1143 1280 1194 1333 reli·

167 1352 322 1473 qiosissime
339 1370 372 1404 co
387 1355 447 1403 tur.
480 1353 529 1402 Est
553 1359 649 1405 autem
669 1353 746 1403 locus
762 1352 849 1421 (lips.
866 1350 936 1413 lue.)
961 1350 1043 1403 haud
1065 1350 1146 1419 longe
1166 1348 1194 1400 sb

186 1420 252 1475 abe.
269 1448 304 1461 ··-
337 1428 400 1479 683.
425 1418 554 1471 Gelidum
577 1438 610 1471 ue
633 1421 783 1481 Anienem3
803 1419 872 1471 Anio
895 1418 1000 1471 fluvius
1025 1419 1104 1472 hand
1126 1420 1195 1485 longe

168 1488 204 1545 ab
228 1489 304 1542 Urbe
327 1499 381 1543 est:
409 1488 457 1541 sed
488 1490 534 1540 hic
557 1439 737 1556 lluphoniam
765 1496 871 1541 semtrrs
900 1494 951 1539 est.
1002 1488 1082 1539 Nam
1104 1488 1194 1538 Ennius

170 1560 310 1609 Anionem
334 1558 402 1611 dicit
423 1557 497 1611 iuxta
519 1576 550 1609 re
572 1559 653 1609 ulam.
679 1584 714 1597 -·
755 1564 816 1616 654.
838 1553 968 1606 Hernica
992 1573 1071 1608 saxa
1096 1557 1193 1617 colunt,-

167 1626 335 1682 Sabinorum
350 1626 459 1692 hana,
481 1644 544 1678 saxa
552 1574 670 1678 liertiae
688 1626 778 1695 (codd.
793 1625 886 1685 berne)
902 1632 1052 1677 vocantur.
1088 1623 1195 1692 Quidam

167 1696 222 1747 dux
239 1712 356 1763 magnus
374 1695 525 1762 (Magiusi
544 1694 686 1746 Marsus?
711 1694 802 1746 Gnell.
817 1693 838 1743 I.
854 1694 888 1744 Il.
906 1692 1015 1755 maior)
1033 1691 1149 1745 Sabinos
1167 1693 1195 1744 ds

167 1765 222 1817 suis
245 1765 312 1816 locis
329 1763 437 1826 elicuit,
461 1773 490 1815 et
511 1764 639 1816 babitare
664 1780 760 1819 secum
781 1762 848 1813 iecit
870 1761 973 1812 saxosis
996 1762 1030 1813 in
1055 1760 1195 1812 montibus.

166 1832 246 1888 Unde
264 1834 330 1885 dicti
346 1841 410 1885 sunt
427 1831 563 1900 [Hernica
580 1834 656 1899 loca,
679 1840 708 1884 et
730 1829 834 1902 populi]
849 1828 981 1883 Hernici.
1020 1829 1115 1881 Dives
1131 1831 1195 1880 Ana-

166 1904 256 1971 gnia5
278 1910 326 1955 aut
348 1901 460 1958 fertilis:
484 1910 532 1953 aut
548 1900 645 1953 alludit
660 1901 696 1952 ad
719 1898 873 1951 historiam.
904 1899 983 1949 Nam
1000 1898 1139 1950 Antonius
1153 1901 1198 1951 Au·

165 1971 238 2037 gusti
255 1986 349 2025 sorore
367 1978 533 2039 contempta,
549 1977 695 2040 postquam
712 1969 889 2038 Cleopatram
905 1967 983 2018 duxit
1004 1981 1132 2034 risorem,
1147 1982 1198 2017 mo·

167 2046 263 2093 aetam
286 2038 344 2090 eius
368 2038 503 2106 [nomine]
527 2038 558 2088 in
580 2038 705 2106 Anagnia
727 2038 835 2089 civitate
858 2036 937 2087 iussit
959 2034 1054 2087 feriri.
1071 2062 1106 2073 -
1145 2041 1197 2093 685

168 2105 248 2175 Quos
266 2107 402 2157 Amasene
419 2120 513 2172 pater,
540 2114 588 2157 aut
603 2106 704 2176 pascis:
728 2113 776 2157 aut
792 2106 827 2156 sit
843 2105 1010 2173 Antiptosis,
1035 2120 1106 2172 qnos
1123 2104 1199 2174 pascit

168 2178 331 2233 Arnasenus;
356 2183 396 2226 est
420 2184 513 2226 autem
536 2174 635 2226 fluvius
652 2175 754 2225 vicinus
772 2174 873 2224 civitati
889 2174 1115 2237 Privernatium,
1139 2189 1198 2241 qnae

168 2243 248 2297 estin
264 2244 417 2310 Campania
432 2244 490 2312 [qni
504 2243 690 2309 Anagnienses
703 2258 783 2310 agros
796 2240 912 2309 irrigat]
947 2244 1056 2306 Arma,·
1075 2250 1158 2292 scuta.
1171 2267 1198 2276 —

167 2316 228 2367 686.
247 2310 305 2360 Neo
325 2312 414 2376 clypei
420 2335 430 2373 ,·
454 2320 529 2362 scuta
548 2311 669 2362 maiora:
694 2311 768 2362 dicta
791 2311 826 2361 ab
845 2327 876 2362 eo
895 2311 970 2377 quod
989 2313 1082 2360 celent
1100 2327 1198 2376 corpus,

168 2373 223 2432 sitio*
240 2376 289 2431 rod
306 2378 435 2435 aliatus.
453 2407 487 2416 -
521 2384 582 2436 688.
600 2379 625 2429 F
627 2382 758 2447 ulvosque
777 2381 838 2447 lupi
856 2381 887 2428 de
904 2380 976 2444 pelle
996 2381 1129 2446 galeros5
1154 2397 1196 2445 ga·

167 2447 244 2503 lerus
261 2465 346 2519 genus
365 2457 405 2499 est
421 2448 501 2515 pilei,
526 2448 599 2514 quod
616 2449 719 2499 Fronto
736 2465 840 2515 genere
857 2448 958 2498 neutro
975 2447 1047 2497 dicit
1064 2448 1117 2496 boc
1134 2449 1198 2514 gale-

168 2534 239 2572 rum.
263 2543 298 2557 -·
338 2523 399 2574 689.
430 2517 555 2582 Vestigia
582 2517 660 2566 nudo
686 2519 799 2567 sinistri
822 2516 974 2565 instituere
1000 2518 1098 2581 pedis;
1131 2514 1197 2583 atqui

166 2585 224 2657 ipse
242 2595 281 2639 est
297 2585 327 2637 in
345 2585 530 2652 pugnantibus
546 2585 670 2654 primus:
687 2586 735 2636 sed
752 2585 822 2639 bene
839 2584 928 2635 nudus
946 2591 1002 2648 est,
1021 2586 1087 2652 quia
1104 2584 1196 2652 tegitur

167 2662 251 2708 scuto.
286 2654 420 2707 Dextrum
438 2661 533 2705 autem
550 2661 656 2704 tectum
673 2653 853 2708 conveniebat
870 2669 943 2716 esse,
966 2654 1052 2718 quasi
1069 2655 1105 2705 ab
1121 2653 1196 2704 arnus

166 2730 314 2775 remotum·
327 2749 362 2761 -··
397 2727 457 2778 690.
476 2721 542 2773 Pero
562 2732 656 2775 autem
673 2730 715 2772 est
730 2723 864 2772 russeum
877 2720 1108 2773 calceamentum
1120 2720 1194 2787 (codd.

168 2790 321 2852 calciam).
368 2789 404 2841 Et
434 2790 516 2844 traxit
537 2790 590 2845 hoc
621 2808 638 2841 a
661 2789 797 2841 Grai-ciac
821 2805 915 2853 more,
948 2790 1026 2841 unde
1050 2791 1096 2840 isti
1119 2790 1194 2858 [sicut

166 2859 271 2913 dictum
297 2855 354 2925 est]
379 2860 559 2921 transierant,
588 2859 661 2909 unde
685 2859 738 2912 hoc
761 2874 905 2908 armorum
930 2858 1030 2909 fuerat
1054 2875 1145 2926 genus.
1165 2881 1192 2893 -·

166 2932 227 2983 691.
245 2928 279 2976 At
296 2926 446 2992 Messapus
464 2934 532 2987 etc.;
554 2926 600 2978 hic
617 2927 759 2996 Messapus
776 2944 827 2996 per
843 2943 922 2977 mare
940 2926 978 2977 ad
996 2927 1108 2981 Italiam
1124 2926 1192 2976 venit.
1218 2964 1221 2991 ,

166 2992 243 3046 Unde
260 2994 383 3063 Neptuni
398 2995 486 3045 dictus
510 3001 551 3045 est
572 2995 657 3060 filius,
684 3012 767 3062 quem
791 2994 1028 3046 invulnerabilem
1052 2996 1113 3047 ideo
1131 2994 1192 3055 dicit,

166 3063 213 3128 qui
236 3078 372 3132 nusquam
415 3063 478 3113 eriit
496 3078 550 3113 nec
573 3063 604 3113 in
626 3063 706 3114 bello.
742 3066 839 3131 Ignem
861 3071 959 3113 autern
983 3063 1012 3114 ei
1030 3081 1131 3117 nocere
1145 3077 1190 3113 non
1217 3100 1220 3109 .

165 3144 244 3251 posse
268 3138 381 3201 propter
395 3080 558 3199 lleptunum
581 3130 661 3195 dicit,
683 3132 731 3199 qui
754 3147 890 3198 aquarum
914 3131 983 3182 deus
1002 3140 1053 3185 est.
1087 3133 1126 3183 Ab
1147 3131 1189 3180 hoc
1216 3128 1220 3201 Ξ

190 3199 270 3253 nnius
287 3199 354 3250 dicit
370 3215 397 3251 se
415 3199 553 3265 originem
569 3198 687 3250 ducere:
710 3201 783 3250 unde
799 3216 872 3251 nunc
890 3205 919 3249 et
936 3209 1084 3252 cantantes
1100 3197 1189 3250 inducit

166 3267 223 3321 cius
247 3268 346 3320 socios:
371 3275 398 3318 et
422 3284 467 3319 eos
491 3275 636 3336 comparat
653 3269 750 3334 cycnis.
787 3268 919 3318 Domitor
944 3277 1044 3321 autern
1062 3284 1188 3337 equorum,

164 3336 243 3402 quasi
262 3335 423 3389 animalium
441 3352 511 3405 qriae
529 3344 609 3407 pater
626 3335 781 3396 invenerat3
805 3337 890 3404 [quod
906 3336 961 3387 fuit
976 3337 1010 3389 in
1028 3336 1188 3389 contentione

165 3419 231 3453 cum
253 3404 376 3468 Pallade,
400 3405 434 3455 de
458 3404 633 3468 impositione
657 3405 777 3457 nominis
798 3404 993 3469 Athenarum]
1014 3430 1049 3443 -·-
1083 3410 1139 3462 695.
1154 3401 1186 3451 Hi

165 3469 355 3523 Fescenninas
381 3475 472 3535 acies,-
496 3471 682 3523 Fescennium
707 3473 803 3538 (codd.
827 3472 1017 3525 Fesceninum
1042 3491 1063 3525 s.
1086 3473 1185 3523 Fescen-

166 3541 285 3603 ninum)
310 3541 443 3609 oppidum
467 3547 520 3604 est,
544 3541 592 3591 ubi
614 3541 749 3607 nuptialia
769 3541 880 3593 inventa
902 3549 966 3593 sunt
990 3543 1123 3595 carmina.
1159 3538 1185 3590 Hi
1213 3528 1220 3573 l

165 3613 260 3657 eutem
292 3609 385 3675 populi
408 3610 511 3661 ducunt
540 3609 678 3676 originem
710 3610 745 3664 ab
769 3609 988 3663 Atheniensibus.
1039 3613 1184 3679 Aequosque

165 3672 309 3739 Falisco„
334 3676 462 3729 Faliscos
479 3677 590 3731 Halesus
609 3679 757 3742 (Haliscus3
783 3678 814 3729 L.
832 3679 865 3727 R.
885 3679 994 3744 AlesuS,
1020 3681 1082 3731 Vos.
1098 3679 1183 3738 Alesco,

164 3741 273 3803 Alosum
291 3744 378 3795 Guelt.
398 3747 418 3797 1.
437 3745 539 3809 Hales,
563 3748 595 3798 ll.
613 3745 743 3809 hilesus.)
769 3747 898 3801 condidit.
932 3747 967 3796 Hi
987 3755 1086 3800 nutem
1101 3748 1183 3798 immu-

165 3815 222 3861 tato
240 3809 269 3859 H
285 3813 314 3863 in
331 3811 369 3877 F,
386 3813 495 3867 Falisci
517 3814 584 3866 dicti
607 3822 683 3866 sunt:
705 3816 776 3868 sicut
792 3813 889 3881 febris
905 3813 1026 3883 dicitur,
1049 3833 1118 3885 quae
1133 3820 1182 3883 aute

165 3875 260 3931 tetris
283 3880 440 3935 dicebatur:
472 3881 617 3947 Formiae,
647 3899 719 3950 quae
742 3881 879 3935 Hormiae
909 3885 1044 3951 fuerunt,
1074 3880 1127 3937 ini
1147 3876 1183 3944 rit

164 3941 260 4019 dapis.
301 3947 374 4002 Nem
399 3951 544 4028 posteritas
567 3951 597 4003 in
623 3952 717 4005 miritis
740 3952 899 4004 nontinibus
915 3950 950 3999 -F
972 3967 1027 4019 pro
1052 3952 1081 4001 H
1104 3951 1182 4024 posuit

163 4014 251 4071 lustos
270 4023 364 4069 eutem
382 4017 464 4083 dreit,
481 4019 545 4087 quia
562 4019 676 4093 populus
693 4019 836 4071 Romanus
852 4019 942 4073 missis
959 4021 1059 4073 decem
1077 4022 1144 4085 viris,
1157 4016 1182 4069 sb

156 4325 254 4446 f
