<?xml version="1.0" encoding="UTF-8"?>
<!DOCTYPE html PUBLIC "-//W3C//DTD XHTML 1.0 Transitional//EN"
    "http://www.w3.org/TR/xhtml1/DTD/xhtml1-transitional.dtd">
<html xmlns="http://www.w3.org/1999/xhtml" xml:lang="en" lang="en">
 <head>
  <title>
</title>
<meta http-equiv="Content-Type" content="text/html;charset=utf-8" />
  <meta name='ocr-system' content='tesseract 3.04.00' />
  <meta name='ocr-capabilities' content='ocr_page ocr_carea ocr_par ocr_line ocrx_word'/>
</head>
<body>
  <div class='ocr_page' id='page_1' title='image "./commentariiinvi00liongoog_0108.png"; bbox 0 0 2454 4500; ppageno 0'>
   <div class='ocr_carea' id='block_1_1' title="bbox 203 252 1107 343">
    <p class='ocr_par' dir='ltr' id='par_1_1' title="bbox 203 252 1107 343">
     <span class='ocr_line' id='line_1_1' title="bbox 203 252 1107 343; baseline -0.001 -25"><span class='ocrx_word' id='word_1_1' title='bbox 203 275 242 318; x_wconf 72' lang='lat' dir='ltr'>n</span> <span class='ocrx_word' id='word_1_2' title='bbox 264 252 425 343; x_wconf 65' lang='lat' dir='ltr'>upon„</span> <span class='ocrx_word' id='word_1_3' title='bbox 448 252 620 317; x_wconf 81' lang='lat' dir='ltr'>nonem.</span> <span class='ocrx_word' id='word_1_4' title='bbox 641 254 723 318; x_wconf 79' lang='lat' dir='ltr'>uns.</span> <span class='ocrx_word' id='word_1_5' title='bbox 745 256 771 331; x_wconf 85' lang='lat'>1,</span> <span class='ocrx_word' id='word_1_6' title='bbox 791 259 984 326; x_wconf 80' lang='lat' dir='ltr'>sas-us.</span> <span class='ocrx_word' id='word_1_7' title='bbox 1063 261 1107 325; x_wconf 81' lang='lat'>77</span> 
     </span>
    </p>
   </div>
   <div class='ocr_carea' id='block_1_2' title="bbox 65 436 1176 3999">
    <p class='ocr_par' dir='ltr' id='par_1_2' title="bbox 68 436 1176 1399">
     <span class='ocr_line' id='line_1_2' title="bbox 69 436 1108 509; baseline -0.005 -14"><span class='ocrx_word' id='word_1_8' title='bbox 69 438 154 509; x_wconf 73' lang='lat' dir='ltr'>¹line:</span> <span class='ocrx_word' id='word_1_9' title='bbox 172 440 218 495; x_wconf 81' lang='lat' dir='ltr'>rel</span> <span class='ocrx_word' id='word_1_10' title='bbox 240 454 258 494; x_wconf 84' lang='lat' dir='ltr'>s</span> <span class='ocrx_word' id='word_1_11' title='bbox 274 436 404 506; x_wconf 82' lang='lat' dir='ltr'>celando,</span> <span class='ocrx_word' id='word_1_12' title='bbox 426 439 500 494; x_wconf 88' lang='lat' dir='ltr'>undo</span> <span class='ocrx_word' id='word_1_13' title='bbox 518 439 616 491; x_wconf 78' lang='lat' dir='ltr'>sellam</span> <span class='ocrx_word' id='word_1_14' title='bbox 632 437 845 509; x_wconf 72' lang='lat' dir='ltr'>appellaverunt.</span> <span class='ocrx_word' id='word_1_15' title='bbox 878 438 1011 507; x_wconf 49' lang='lat' dir='ltr'>Agmina</span> <span class='ocrx_word' id='word_1_16' title='bbox 1034 452 1108 490; x_wconf 82' lang='lat' dir='ltr'>nrme</span> 
     </span>
     <span class='ocr_line' id='line_1_3' title="bbox 69 506 1108 577; baseline -0.004 -15"><span class='ocrx_word' id='word_1_17' title='bbox 69 514 111 571; x_wconf 56' lang='lat' dir='ltr'><strong>h</strong></span> <span class='ocrx_word' id='word_1_18' title='bbox 150 518 191 562; x_wconf 81' lang='lat' dir='ltr'>tu</span> <span class='ocrx_word' id='word_1_19' title='bbox 209 537 247 549; x_wconf 92' lang='lat'>-</span> <span class='ocrx_word' id='word_1_20' title='bbox 279 513 341 567; x_wconf 79' lang='grc'><strong>435.</strong></span> <span class='ocrx_word' id='word_1_21' title='bbox 359 511 514 577; x_wconf 69' lang='lat' dir='ltr'>Ignavum,</span> <span class='ocrx_word' id='word_1_22' title='bbox 532 508 642 572; x_wconf 89' lang='lat' dir='ltr'>inutile,</span> <span class='ocrx_word' id='word_1_23' title='bbox 659 524 715 559; x_wconf 90' lang='lat' dir='ltr'>non</span> <span class='ocrx_word' id='word_1_24' title='bbox 732 514 827 573; x_wconf 86' lang='lat' dir='ltr'>aptum</span> <span class='ocrx_word' id='word_1_25' title='bbox 844 506 1001 563; x_wconf 78' lang='lat' dir='ltr'>industriae.</span> <span class='ocrx_word' id='word_1_26' title='bbox 1034 508 1108 560; x_wconf 82' lang='lat' dir='ltr'>Nam</span> 
     </span>
     <span class='ocr_line' id='line_1_4' title="bbox 69 574 1108 646; baseline -0.002 -17"><span class='ocrx_word' id='word_1_27' title='bbox 69 574 76 587; x_wconf 67' lang='lat'>⁸</span> <span class='ocrx_word' id='word_1_28' title='bbox 140 578 228 629; x_wconf 80' lang='lat' dir='ltr'>&#39;trios</span> <span class='ocrx_word' id='word_1_29' title='bbox 256 594 345 629; x_wconf 82' lang='lat' dir='ltr'>nasos</span> <span class='ocrx_word' id='word_1_30' title='bbox 375 577 500 629; x_wconf 77' lang='lat' dir='ltr'><strong>dicimus.</strong></span> <span class='ocrx_word' id='word_1_31' title='bbox 550 576 658 640; x_wconf 87' lang='lat' dir='ltr'>Fucos,·</span> <span class='ocrx_word' id='word_1_32' title='bbox 694 575 845 627; x_wconf 80' lang='lat' dir='ltr'>secundum</span> <span class='ocrx_word' id='word_1_33' title='bbox 873 575 993 626; x_wconf 81' lang='lat' dir='ltr'>Plinium</span> <span class='ocrx_word' id='word_1_34' title='bbox 1024 593 1108 646; x_wconf 85' lang='lat' dir='ltr'>apum</span> 
     </span>
     <span class='ocr_line' id='line_1_5' title="bbox 69 642 1107 717; baseline -0.002 -18"><span class='ocrx_word' id='word_1_35' title='bbox 69 642 164 703; x_wconf 74' lang='lat' dir='ltr'>brults</span> <span class='ocrx_word' id='word_1_36' title='bbox 182 653 249 698; x_wconf 88' lang='lat' dir='ltr'>sunt</span> <span class='ocrx_word' id='word_1_37' title='bbox 265 661 375 714; x_wconf 79' lang='lat' dir='ltr'>genera.</span> <span class='ocrx_word' id='word_1_38' title='bbox 408 646 523 717; x_wconf 82' lang='lat' dir='ltr'><strong>Proprie</strong></span> <span class='ocrx_word' id='word_1_39' title='bbox 546 652 643 697; x_wconf 86' lang='lat' dir='ltr'>tamen</span> <span class='ocrx_word' id='word_1_40' title='bbox 660 660 724 713; x_wconf 85' lang='lat' dir='ltr'>apes</span> <span class='ocrx_word' id='word_1_41' title='bbox 748 651 879 694; x_wconf 73' lang='lat' dir='ltr'>vocontio·</span> <span class='ocrx_word' id='word_1_42' title='bbox 897 653 975 696; x_wconf 80' lang='lat' dir='ltr'>ortae</span> <span class='ocrx_word' id='word_1_43' title='bbox 998 645 1034 697; x_wconf 88' lang='lat' dir='ltr'>de</span> <span class='ocrx_word' id='word_1_44' title='bbox 1058 645 1107 697; x_wconf 92' lang='lat' dir='ltr'>bn·</span> 
     </span>
     <span class='ocr_line' id='line_1_6' title="bbox 69 706 1176 783; baseline -0.006 -12"><span class='ocrx_word' id='word_1_45' title='bbox 69 706 140 771; x_wconf 61' lang='lat' dir='ltr'>hl:</span> <span class='ocrx_word' id='word_1_46' title='bbox 171 715 247 779; x_wconf 79' lang='lat' dir='ltr'>fuci,</span> <span class='ocrx_word' id='word_1_47' title='bbox 278 713 312 767; x_wconf 89' lang='lat' dir='ltr'>de</span> <span class='ocrx_word' id='word_1_48' title='bbox 336 711 427 783; x_wconf 86' lang='lat' dir='ltr'>equis:</span> <span class='ocrx_word' id='word_1_49' title='bbox 456 712 621 777; x_wconf 77' lang='lat' dir='ltr'>crabrones,</span> <span class='ocrx_word' id='word_1_50' title='bbox 644 713 678 763; x_wconf 86' lang='lat' dir='ltr'>de</span> <span class='ocrx_word' id='word_1_51' title='bbox 702 712 798 763; x_wconf 88' lang='lat' dir='ltr'>mulis:</span> <span class='ocrx_word' id='word_1_52' title='bbox 827 728 938 782; x_wconf 81' lang='lat' dir='ltr'>vespae,</span> <span class='ocrx_word' id='word_1_53' title='bbox 962 714 996 766; x_wconf 75' lang='lat' dir='ltr'>rle</span> <span class='ocrx_word' id='word_1_54' title='bbox 1019 714 1108 765; x_wconf 82' lang='lat' dir='ltr'>asinis.</span> <span class='ocrx_word' id='word_1_55' title='bbox 1172 764 1176 775; x_wconf 76' lang='grc'><strong>,</strong></span> 
     </span>
     <span class='ocr_line' id='line_1_7' title="bbox 69 776 1108 849; baseline -0.001 -14"><span class='ocrx_word' id='word_1_56' title='bbox 69 776 173 835; x_wconf 66' lang='lat' dir='ltr'>Fusus</span> <span class='ocrx_word' id='word_1_57' title='bbox 204 790 301 835; x_wconf 85' lang='lat' dir='ltr'>autem</span> <span class='ocrx_word' id='word_1_58' title='bbox 332 790 374 835; x_wconf 82' lang='lat' dir='ltr'>est</span> <span class='ocrx_word' id='word_1_59' title='bbox 403 784 553 835; x_wconf 83' lang='lat' dir='ltr'>seosmdum</span> <span class='ocrx_word' id='word_1_60' title='bbox 577 782 724 833; x_wconf 76' lang='lat' dir='ltr'>Aemilium</span> <span class='ocrx_word' id='word_1_61' title='bbox 754 780 895 845; x_wconf 80' lang='lat' dir='ltr'>Macrum,</span> <span class='ocrx_word' id='word_1_62' title='bbox 925 783 1015 834; x_wconf 83' lang='lat' dir='ltr'>maior</span> <span class='ocrx_word' id='word_1_63' title='bbox 1045 799 1108 849; x_wconf 80' lang='lat' dir='ltr'>upa,</span> 
     </span>
     <span class='ocr_line' id='line_1_8' title="bbox 69 848 1109 918; baseline -0.005 -13"><span class='ocrx_word' id='word_1_64' title='bbox 69 852 217 905; x_wconf 65' lang='lat' dir='ltr'>ktobrone</span> <span class='ocrx_word' id='word_1_65' title='bbox 240 852 340 903; x_wconf 87' lang='lat' dir='ltr'>minor.</span> <span class='ocrx_word' id='word_1_66' title='bbox 377 848 463 901; x_wconf 80' lang='lat' dir='ltr'><em>Pecus</em></span> <span class='ocrx_word' id='word_1_67' title='bbox 487 850 603 903; x_wconf 76' lang='lat' dir='ltr'>dis-imus</span> <span class='ocrx_word' id='word_1_68' title='bbox 627 866 709 901; x_wconf 86' lang='lat' dir='ltr'>omne</span> <span class='ocrx_word' id='word_1_69' title='bbox 728 849 801 915; x_wconf 75' lang='lat' dir='ltr'>qtrod</span> <span class='ocrx_word' id='word_1_70' title='bbox 824 849 946 901; x_wconf 89' lang='lat' dir='ltr'>humana</span> <span class='ocrx_word' id='word_1_71' title='bbox 970 853 1062 918; x_wconf 84' lang='lat' dir='ltr'>lingna</span> <span class='ocrx_word' id='word_1_72' title='bbox 1081 859 1109 902; x_wconf 89' lang='lat' dir='ltr'>ot</span> 
     </span>
     <span class='ocr_line' id='line_1_9' title="bbox 69 917 1108 1036; baseline -0.003 -63"><span class='ocrx_word' id='word_1_73' title='bbox 69 918 173 989; x_wconf 68' lang='lat' dir='ltr'>ffigie</span> <span class='ocrx_word' id='word_1_74' title='bbox 189 927 283 984; x_wconf 78' lang='lat' dir='ltr'>caret,</span> <span class='ocrx_word' id='word_1_75' title='bbox 294 920 342 1036; x_wconf 44' lang='lat' dir='ltr'>pi.</span> <span class='ocrx_word' id='word_1_76' title='bbox 355 934 384 971; x_wconf 81' lang='lat' dir='ltr'>e.</span> <span class='ocrx_word' id='word_1_77' title='bbox 403 937 419 970; x_wconf 90' lang='lat' dir='ltr'>a</span> <span class='ocrx_word' id='word_1_78' title='bbox 443 917 598 987; x_wconf 72' lang='lat' dir='ltr'>pascendo]</span> <span class='ocrx_word' id='word_1_79' title='bbox 632 917 710 968; x_wconf 83' lang='lat' dir='ltr'>l&#39;nde</span> <span class='ocrx_word' id='word_1_80' title='bbox 735 917 863 967; x_wconf 75' lang='lat' dir='ltr'>Horatius</span> <span class='ocrx_word' id='word_1_81' title='bbox 887 920 989 985; x_wconf 79' lang='lat' dir='ltr'>(Carni.</span> <span class='ocrx_word' id='word_1_82' title='bbox 1008 926 1039 981; x_wconf 83' lang='lat'>1,</span> <span class='ocrx_word' id='word_1_83' title='bbox 1057 920 1108 983; x_wconf 75' lang='lat'><strong>2.):</strong></span> 
     </span>
     <span class='ocr_line' id='line_1_10' title="bbox 69 980 1108 1055; baseline -0.004 -12"><span class='ocrx_word' id='word_1_84' title='bbox 69 980 174 1043; x_wconf 71' lang='lat' dir='ltr'>Dmne</span> <span class='ocrx_word' id='word_1_85' title='bbox 204 1002 268 1037; x_wconf 82' lang='lat' dir='ltr'>cum</span> <span class='ocrx_word' id='word_1_86' title='bbox 316 998 408 1039; x_wconf 84' lang='lat' dir='ltr'>rotsus</span> <span class='ocrx_word' id='word_1_87' title='bbox 431 1004 516 1053; x_wconf 82' lang='lat' dir='ltr'>pecus</span> <span class='ocrx_word' id='word_1_88' title='bbox 549 989 605 1055; x_wconf 79' lang='lat' dir='ltr'>egit</span> <span class='ocrx_word' id='word_1_89' title='bbox 628 988 705 1037; x_wconf 85' lang='lat' dir='ltr'>Altos</span> <span class='ocrx_word' id='word_1_90' title='bbox 734 988 822 1036; x_wconf 77' lang='lat' dir='ltr'>visere</span> <span class='ocrx_word' id='word_1_91' title='bbox 854 1001 965 1039; x_wconf 81' lang='lat' dir='ltr'>montes.</span> <span class='ocrx_word' id='word_1_92' title='bbox 1017 989 1108 1054; x_wconf 80' lang='lat' dir='ltr'>(Plau-</span> 
     </span>
     <span class='ocr_line' id='line_1_11' title="bbox 69 1042 1108 1123; baseline -0.002 -13"><span class='ocrx_word' id='word_1_93' title='bbox 69 1042 132 1111; x_wconf 68' lang='lat' dir='ltr'>iut</span> <span class='ocrx_word' id='word_1_94' title='bbox 167 1056 320 1107; x_wconf 74' lang='lat' dir='ltr'><strong><em>clurinum</em></strong></span> <span class='ocrx_word' id='word_1_95' title='bbox 352 1055 544 1123; x_wconf 77' lang='lat' dir='ltr'>pectussimam</span> <span class='ocrx_word' id='word_1_96' title='bbox 575 1055 649 1122; x_wconf 86' lang='lat' dir='ltr'>(rod.</span> <span class='ocrx_word' id='word_1_97' title='bbox 679 1056 707 1104; x_wconf 83' lang='lat' dir='ltr'>F.</span> <span class='ocrx_word' id='word_1_98' title='bbox 738 1070 834 1123; x_wconf 85' lang='lat' dir='ltr'>porus,</span> <span class='ocrx_word' id='word_1_99' title='bbox 864 1055 990 1117; x_wconf 82' lang='lat' dir='ltr'>simiam)</span> <span class='ocrx_word' id='word_1_100' title='bbox 1025 1056 1108 1116; x_wconf 80' lang='lat' dir='ltr'>dixit)</span> 
     </span>
     <span class='ocr_line' id='line_1_12' title="bbox 68 1114 1110 1194; baseline -0.003 -16"><span class='ocrx_word' id='word_1_101' title='bbox 68 1114 283 1194; x_wconf 73' lang='lat' dir='ltr'>Praesspilsus5</span> <span class='ocrx_word' id='word_1_102' title='bbox 308 1123 440 1177; x_wconf 86' lang='lat' dir='ltr'>alveariis.</span> <span class='ocrx_word' id='word_1_103' title='bbox 474 1125 510 1175; x_wconf 87' lang='lat' dir='ltr'>Et</span> <span class='ocrx_word' id='word_1_104' title='bbox 534 1132 574 1175; x_wconf 89' lang='lat' dir='ltr'>est</span> <span class='ocrx_word' id='word_1_105' title='bbox 596 1123 752 1186; x_wconf 78' lang='lat' dir='ltr'><strong>translatio,</strong></span> <span class='ocrx_word' id='word_1_106' title='bbox 775 1138 845 1189; x_wconf 84' lang='lat' dir='ltr'>quae</span> <span class='ocrx_word' id='word_1_107' title='bbox 871 1124 903 1174; x_wconf 87' lang='lat' dir='ltr'>lit</span> <span class='ocrx_word' id='word_1_108' title='bbox 926 1124 1051 1193; x_wconf 81' lang='lat' dir='ltr'>quotiens</span> <span class='ocrx_word' id='word_1_109' title='bbox 1068 1125 1110 1177; x_wconf 84' lang='lat' dir='ltr'>vel</span> 
     </span>
     <span class='ocr_line' id='line_1_13' title="bbox 68 1176 1108 1263; baseline 0 -20"><span class='ocrx_word' id='word_1_110' title='bbox 68 1176 155 1249; x_wconf 60' lang='lat' dir='ltr'>least</span> <span class='ocrx_word' id='word_1_111' title='bbox 171 1194 325 1246; x_wconf 87' lang='lat' dir='ltr'>verborum</span> <span class='ocrx_word' id='word_1_112' title='bbox 343 1192 512 1263; x_wconf 77' lang='lat' dir='ltr'>proprietas,</span> <span class='ocrx_word' id='word_1_113' title='bbox 528 1193 571 1244; x_wconf 84' lang='lat' dir='ltr'>vel</span> <span class='ocrx_word' id='word_1_114' title='bbox 593 1192 692 1241; x_wconf 89' lang='lat' dir='ltr'>vitatur</span> <span class='ocrx_word' id='word_1_115' title='bbox 715 1192 833 1241; x_wconf 79' lang='lat' dir='ltr'>iteratio.</span> <span class='ocrx_word' id='word_1_116' title='bbox 850 1219 885 1230; x_wconf 92' lang='lat'><em>—</em></span> <span class='ocrx_word' id='word_1_117' title='bbox 918 1197 979 1251; x_wconf 73' lang='lat'>430.</span> <span class='ocrx_word' id='word_1_118' title='bbox 997 1194 1092 1245; x_wconf 79' lang='lat' dir='ltr'>Fervet</span> <span class='ocrx_word' id='word_1_119' title='bbox 1098 1216 1108 1257; x_wconf 81' lang='lat'>,-</span> 
     </span>
     <span class='ocr_line' id='line_1_14' title="bbox 68 1260 1108 1328; baseline -0.002 -13"><span class='ocrx_word' id='word_1_120' title='bbox 68 1262 304 1315; x_wconf 73' lang='lat' dir='ltr'>soncelebratur:</span> <span class='ocrx_word' id='word_1_121' title='bbox 328 1270 359 1310; x_wconf 93' lang='lat' dir='ltr'>ut</span> <span class='ocrx_word' id='word_1_122' title='bbox 382 1279 398 1312; x_wconf 89' lang='lat' dir='ltr'>e</span> <span class='ocrx_word' id='word_1_123' title='bbox 421 1268 532 1325; x_wconf 81' lang='lat' dir='ltr'>sorrtra,</span> <span class='ocrx_word' id='word_1_124' title='bbox 556 1260 665 1328; x_wconf 80' lang='lat' dir='ltr'>Friget,</span> <span class='ocrx_word' id='word_1_125' title='bbox 688 1268 775 1311; x_wconf 82' lang='lat' dir='ltr'>cessat</span> <span class='ocrx_word' id='word_1_126' title='bbox 799 1261 921 1313; x_wconf 70' lang='lat' dir='ltr'>dicimus.</span> <span class='ocrx_word' id='word_1_127' title='bbox 963 1263 1108 1313; x_wconf 83' lang='lat' dir='ltr'>Terentius</span> 
     </span>
     <span class='ocr_line' id='line_1_15' title="bbox 68 1326 1107 1399; baseline -0.002 -18"><span class='ocrx_word' id='word_1_128' title='bbox 68 1328 157 1397; x_wconf 65' lang='lat' dir='ltr'>{Eun-</span> <span class='ocrx_word' id='word_1_129' title='bbox 181 1340 216 1397; x_wconf 87' lang='lat'>2,</span> <span class='ocrx_word' id='word_1_130' title='bbox 240 1341 273 1395; x_wconf 82' lang='lat'>2,</span> <span class='ocrx_word' id='word_1_131' title='bbox 296 1328 368 1390; x_wconf 84' lang='lat'><strong>37.):</strong></span> <span class='ocrx_word' id='word_1_132' title='bbox 399 1326 544 1379; x_wconf 83' lang='lat' dir='ltr'><em>Nimirum</em></span> <span class='ocrx_word' id='word_1_133' title='bbox 568 1328 614 1378; x_wconf 80' lang='lat' dir='ltr'>hic</span> <span class='ocrx_word' id='word_1_134' title='bbox 640 1327 766 1379; x_wconf 78' lang='lat' dir='ltr'>homines</span> <span class='ocrx_word' id='word_1_135' title='bbox 785 1328 904 1397; x_wconf 78' lang='lat' dir='ltr'>frigent.</span> <span class='ocrx_word' id='word_1_136' title='bbox 941 1330 1107 1399; x_wconf 81' lang='lat' dir='ltr'>[Redolens;</span> 
     </span>
    </p>

    <p class='ocr_par' dir='ltr' id='par_1_3' title="bbox 110 1397 1109 1464">
     <span class='ocr_line' id='line_1_16' title="bbox 110 1397 1109 1464; baseline -0.004 -10"><span class='ocrx_word' id='word_1_137' title='bbox 110 1400 195 1455; x_wconf 80' lang='lat' dir='ltr'>idam</span> <span class='ocrx_word' id='word_1_138' title='bbox 213 1399 289 1451; x_wconf 90' lang='lat' dir='ltr'>olere</span> <span class='ocrx_word' id='word_1_139' title='bbox 305 1414 366 1464; x_wconf 87' lang='lat' dir='ltr'>rer,</span> <span class='ocrx_word' id='word_1_140' title='bbox 389 1397 433 1448; x_wconf 88' lang='lat' dir='ltr'>vel</span> <span class='ocrx_word' id='word_1_141' title='bbox 455 1397 541 1449; x_wconf 82' lang='lat' dir='ltr'>malas</span> <span class='ocrx_word' id='word_1_142' title='bbox 558 1397 717 1462; x_wconf 82' lang='lat' dir='ltr'>vel‘bonas,</span> <span class='ocrx_word' id='word_1_143' title='bbox 740 1397 865 1449; x_wconf 82' lang='lat' dir='ltr'>redolere</span> <span class='ocrx_word' id='word_1_144' title='bbox 887 1406 996 1450; x_wconf 88' lang='lat' dir='ltr'>tantum</span> <span class='ocrx_word' id='word_1_145' title='bbox 1023 1400 1109 1452; x_wconf 81' lang='lat' dir='ltr'>bonas</span> 
     </span>
    </p>

    <p class='ocr_par' dir='ltr' id='par_1_4' title="bbox 65 1464 1176 3999">
     <span class='ocr_line' id='line_1_17' title="bbox 117 1464 1109 1536; baseline 0.003 -17"><span class='ocrx_word' id='word_1_146' title='bbox 117 1466 221 1533; x_wconf 77' lang='lat' dir='ltr'>dunt]</span> <span class='ocrx_word' id='word_1_147' title='bbox 260 1464 450 1533; x_wconf 74' lang='lat' dir='ltr'>Fragrantiu5</span> <span class='ocrx_word' id='word_1_148' title='bbox 475 1466 599 1534; x_wconf 88' lang='lat' dir='ltr'>quotiens</span> <span class='ocrx_word' id='word_1_149' title='bbox 633 1466 794 1515; x_wconf 78' lang='lat' dir='ltr'><em>incendium</em></span> <span class='ocrx_word' id='word_1_150' title='bbox 826 1466 1006 1535; x_wconf 67' lang='lat' dir='ltr'>significatur,</span> <span class='ocrx_word' id='word_1_151' title='bbox 1036 1468 1109 1536; x_wconf 75' lang='lat' dir='ltr'>quod</span> 
     </span>
     <span class='ocr_line' id='line_1_18' title="bbox 68 1532 1109 1604; baseline -0.001 -15"><span class='ocrx_word' id='word_1_152' title='bbox 68 1532 145 1589; x_wconf 68' lang='lat' dir='ltr'>Rutu</span> <span class='ocrx_word' id='word_1_153' title='bbox 163 1534 263 1600; x_wconf 79' lang='lat' dir='ltr'>alitur,</span> <span class='ocrx_word' id='word_1_154' title='bbox 285 1535 339 1603; x_wconf 87' lang='lat' dir='ltr'>[vel</span> <span class='ocrx_word' id='word_1_155' title='bbox 361 1554 377 1587; x_wconf 87' lang='grc' dir='ltr'>ιι</span> <span class='ocrx_word' id='word_1_156' title='bbox 401 1532 541 1599; x_wconf 80' lang='lat' dir='ltr'>flamma,]</span> <span class='ocrx_word' id='word_1_157' title='bbox 564 1550 614 1604; x_wconf 77' lang='lat' dir='ltr'>per</span> <span class='ocrx_word' id='word_1_158' title='bbox 632 1535 642 1585; x_wconf 86' lang='lat' dir='ltr'>l</span> <span class='ocrx_word' id='word_1_159' title='bbox 659 1534 790 1595; x_wconf 80' lang='lat' dir='ltr'>di(·i1nus;</span> <span class='ocrx_word' id='word_1_160' title='bbox 813 1537 937 1603; x_wconf 82' lang='lat' dir='ltr'>quotiens</span> <span class='ocrx_word' id='word_1_161' title='bbox 956 1538 1038 1600; x_wconf 86' lang='lat' dir='ltr'>odor,</span> <span class='ocrx_word' id='word_1_162' title='bbox 1061 1538 1109 1603; x_wconf 84' lang='lat' dir='ltr'>qui</span> 
     </span>
     <span class='ocr_line' id='line_1_19' title="bbox 68 1600 1110 1674; baseline 0.003 -19"><span class='ocrx_word' id='word_1_163' title='bbox 68 1600 169 1659; x_wconf 62' lang='lat' dir='ltr'>fracta</span> <span class='ocrx_word' id='word_1_164' title='bbox 184 1603 279 1674; x_wconf 89' lang='lat' dir='ltr'>speoie</span> <span class='ocrx_word' id='word_1_165' title='bbox 303 1602 395 1654; x_wconf 87' lang='lat' dir='ltr'>maior</span> <span class='ocrx_word' id='word_1_166' title='bbox 419 1610 473 1666; x_wconf 78' lang='lat' dir='ltr'>est,</span> <span class='ocrx_word' id='word_1_167' title='bbox 496 1619 546 1673; x_wconf 90' lang='lat' dir='ltr'>per</span> <span class='ocrx_word' id='word_1_168' title='bbox 571 1619 586 1653; x_wconf 87' lang='lat' dir='ltr'>r</span> <span class='ocrx_word' id='word_1_169' title='bbox 609 1602 732 1653; x_wconf 83' lang='lat' dir='ltr'>dicimus.</span> <span class='ocrx_word' id='word_1_170' title='bbox 766 1603 912 1654; x_wconf 84' lang='lat' dir='ltr'>Sciendum</span> <span class='ocrx_word' id='word_1_171' title='bbox 937 1621 1016 1671; x_wconf 88' lang='lat' dir='ltr'>sane,</span> <span class='ocrx_word' id='word_1_172' title='bbox 1039 1606 1110 1659; x_wconf 85' lang='lat' dir='ltr'>nihil</span> 
     </span>
     <span class='ocr_line' id='line_1_20' title="bbox 68 1668 1109 1743; baseline -0.002 -16"><span class='ocrx_word' id='word_1_173' title='bbox 68 1668 99 1727; x_wconf 76' lang='lat' dir='ltr'>&#39;tn</span> <span class='ocrx_word' id='word_1_174' title='bbox 118 1674 179 1727; x_wconf 84' lang='lat' dir='ltr'>hac</span> <span class='ocrx_word' id='word_1_175' title='bbox 194 1688 294 1723; x_wconf 78' lang='lat' dir='ltr'>vacare</span> <span class='ocrx_word' id='word_1_176' title='bbox 319 1671 536 1741; x_wconf 87' lang='lat' dir='ltr'>comparatione.</span> <span class='ocrx_word' id='word_1_177' title='bbox 570 1670 643 1721; x_wconf 88' lang='lat' dir='ltr'>Nam</span> <span class='ocrx_word' id='word_1_178' title='bbox 667 1672 824 1722; x_wconf 88' lang='lat' dir='ltr'>Poenorum</span> <span class='ocrx_word' id='word_1_179' title='bbox 847 1672 941 1742; x_wconf 86' lang='lat' dir='ltr'>operi,</span> <span class='ocrx_word' id='word_1_180' title='bbox 964 1690 1047 1743; x_wconf 86' lang='lat' dir='ltr'>apum</span> <span class='ocrx_word' id='word_1_181' title='bbox 1070 1675 1109 1725; x_wconf 84' lang='lat' dir='ltr'>la-</span> 
     </span>
     <span class='ocr_line' id='line_1_21' title="bbox 68 1738 1109 1813; baseline -0.001 -18"><span class='ocrx_word' id='word_1_182' title='bbox 68 1738 139 1795; x_wconf 80' lang='lat' dir='ltr'>bor:</span> <span class='ocrx_word' id='word_1_183' title='bbox 158 1740 302 1792; x_wconf 85' lang='lat' dir='ltr'>custodiae</span> <span class='ocrx_word' id='word_1_184' title='bbox 316 1739 431 1790; x_wconf 84' lang='lat' dir='ltr'>litorum</span> <span class='ocrx_word' id='word_1_185' title='bbox 448 1740 582 1805; x_wconf 85' lang='lat' dir='ltr'>(adversus</span> <span class='ocrx_word' id='word_1_186' title='bbox 600 1738 791 1806; x_wconf 81' lang='lat' dir='ltr'>alienigenas),</span> <span class='ocrx_word' id='word_1_187' title='bbox 814 1741 942 1792; x_wconf 84' lang='lat' dir='ltr'>incorum</span> <span class='ocrx_word' id='word_1_188' title='bbox 966 1758 1109 1813; x_wconf 81' lang='lat' dir='ltr'>eompara-</span> 
     </span>
     <span class='ocr_line' id='line_1_22' title="bbox 67 1807 1108 1880; baseline 0.005 -23"><span class='ocrx_word' id='word_1_189' title='bbox 67 1814 117 1863; x_wconf 80' lang='lat' dir='ltr'>tur</span> <span class='ocrx_word' id='word_1_190' title='bbox 143 1808 278 1880; x_wconf 74' lang='lat' dir='ltr'>expulsio.</span> <span class='ocrx_word' id='word_1_191' title='bbox 299 1834 335 1845; x_wconf 91' lang='lat'>-</span> <span class='ocrx_word' id='word_1_192' title='bbox 368 1811 430 1864; x_wconf 83' lang='grc'><strong>437.</strong></span> <span class='ocrx_word' id='word_1_193' title='bbox 457 1807 484 1859; x_wconf 92' lang='lat'><em>0</em></span> <span class='ocrx_word' id='word_1_194' title='bbox 500 1807 663 1876; x_wconf 82' lang='lat' dir='ltr'>fortunati,</span> <span class='ocrx_word' id='word_1_195' title='bbox 685 1826 804 1874; x_wconf 83' lang='lat' dir='ltr'>quorum</span> <span class='ocrx_word' id='word_1_196' title='bbox 829 1811 886 1858; x_wconf 83' lang='lat' dir='ltr'>inm</span> <span class='ocrx_word' id='word_1_197' title='bbox 912 1814 1022 1861; x_wconf 81' lang='lat' dir='ltr'>moenia</span> <span class='ocrx_word' id='word_1_198' title='bbox 1047 1818 1108 1862; x_wconf 75' lang='lat' dir='ltr'>siar-</span> 
     </span>
     <span class='ocr_line' id='line_1_23' title="bbox 67 1876 1108 1948; baseline 0.001 -19"><span class='ocrx_word' id='word_1_199' title='bbox 67 1890 168 1945; x_wconf 66' lang='lat' dir='ltr'>gunt,-</span> <span class='ocrx_word' id='word_1_200' title='bbox 198 1877 272 1929; x_wconf 82' lang='lat' dir='ltr'>bene</span> <span class='ocrx_word' id='word_1_201' title='bbox 296 1876 460 1945; x_wconf 78' lang='lat' dir='ltr'>fortunati,</span> <span class='ocrx_word' id='word_1_202' title='bbox 488 1876 553 1944; x_wconf 82' lang='lat' dir='ltr'>qnia</span> <span class='ocrx_word' id='word_1_203' title='bbox 576 1878 633 1928; x_wconf 83' lang='lat' dir='ltr'>iam</span> <span class='ocrx_word' id='word_1_204' title='bbox 657 1877 762 1928; x_wconf 83' lang='lat' dir='ltr'>iaciunt</span> <span class='ocrx_word' id='word_1_205' title='bbox 786 1877 859 1945; x_wconf 89' lang='lat' dir='ltr'>quod</span> <span class='ocrx_word' id='word_1_206' title='bbox 883 1878 941 1948; x_wconf 85' lang='lat' dir='ltr'>ipse</span> <span class='ocrx_word' id='word_1_207' title='bbox 965 1880 1108 1932; x_wconf 78' lang='lat' dir='ltr'>desiderat.</span> 
     </span>
     <span class='ocr_line' id='line_1_24' title="bbox 67 1944 1110 2017; baseline -0.001 -18"><span class='ocrx_word' id='word_1_208' title='bbox 67 1946 157 2017; x_wconf 77' lang='lat' dir='ltr'>[eod.</span> <span class='ocrx_word' id='word_1_209' title='bbox 183 1946 214 1997; x_wconf 85' lang='lat' dir='ltr'>F.</span> <span class='ocrx_word' id='word_1_210' title='bbox 237 1946 379 2014; x_wconf 82' lang='lat' dir='ltr'>Expressit</span> <span class='ocrx_word' id='word_1_211' title='bbox 400 1947 510 1997; x_wconf 81' lang='lat' dir='ltr'>Aeneae</span> <span class='ocrx_word' id='word_1_212' title='bbox 534 1944 714 2008; x_wconf 88' lang='lat' dir='ltr'>desiderium,</span> <span class='ocrx_word' id='word_1_213' title='bbox 737 1948 790 1997; x_wconf 89' lang='lat' dir='ltr'>hoc</span> <span class='ocrx_word' id='word_1_214' title='bbox 815 1954 869 1997; x_wconf 81' lang='lat' dir='ltr'>est:</span> <span class='ocrx_word' id='word_1_215' title='bbox 891 1947 938 2016; x_wconf 77' lang='lat' dir='ltr'>qui</span> <span class='ocrx_word' id='word_1_216' title='bbox 962 1948 1019 1999; x_wconf 90' lang='lat' dir='ltr'>iam</span> <span class='ocrx_word' id='word_1_217' title='bbox 1043 1950 1110 2013; x_wconf 73' lang='lat' dir='ltr'>iao,</span> 
     </span>
     <span class='ocr_line' id='line_1_25' title="bbox 67 2012 1108 2085; baseline 0.001 -19"><span class='ocrx_word' id='word_1_218' title='bbox 67 2016 151 2085; x_wconf 68' lang='lat' dir='ltr'>quod</span> <span class='ocrx_word' id='word_1_219' title='bbox 177 2021 207 2065; x_wconf 86' lang='lat' dir='ltr'>et</span> <span class='ocrx_word' id='word_1_220' title='bbox 231 2013 288 2084; x_wconf 87' lang='lat' dir='ltr'>ipse</span> <span class='ocrx_word' id='word_1_221' title='bbox 305 2013 389 2065; x_wconf 81' lang='lat' dir='ltr'>desid.</span> <span class='ocrx_word' id='word_1_222' title='bbox 424 2012 512 2079; x_wconf 86' lang='lat' dir='ltr'>Quor.</span> <span class='ocrx_word' id='word_1_223' title='bbox 537 2014 595 2063; x_wconf 89' lang='lat' dir='ltr'>inm</span> <span class='ocrx_word' id='word_1_224' title='bbox 621 2016 731 2064; x_wconf 77' lang='lat' dir='ltr'>moenio</span> <span class='ocrx_word' id='word_1_225' title='bbox 757 2027 894 2081; x_wconf 72' lang='lat' dir='ltr'>surgunt5</span> <span class='ocrx_word' id='word_1_226' title='bbox 925 2016 984 2067; x_wconf 84' lang='lat' dir='ltr'>laus</span> <span class='ocrx_word' id='word_1_227' title='bbox 1007 2017 1050 2069; x_wconf 85' lang='lat' dir='ltr'>vel</span> <span class='ocrx_word' id='word_1_228' title='bbox 1072 2016 1108 2069; x_wconf 84' lang='lat' dir='ltr'>ab</span> 
     </span>
     <span class='ocr_line' id='line_1_26' title="bbox 67 2080 1109 2153; baseline 0.004 -20"><span class='ocrx_word' id='word_1_229' title='bbox 67 2080 132 2153; x_wconf 75' lang='lat' dir='ltr'>ipss</span> <span class='ocrx_word' id='word_1_230' title='bbox 165 2097 199 2134; x_wconf 86' lang='lat' dir='ltr'>re</span> <span class='ocrx_word' id='word_1_231' title='bbox 229 2082 370 2146; x_wconf 86' lang='lat' dir='ltr'>sumitur,</span> <span class='ocrx_word' id='word_1_232' title='bbox 400 2098 470 2149; x_wconf 85' lang='lat' dir='ltr'>quae</span> <span class='ocrx_word' id='word_1_233' title='bbox 500 2081 652 2143; x_wconf 84' lang='lat' dir='ltr'>landatur.)</span> <span class='ocrx_word' id='word_1_234' title='bbox 682 2108 716 2119; x_wconf 90' lang='lat'><em>-</em></span> <span class='ocrx_word' id='word_1_235' title='bbox 766 2086 829 2139; x_wconf 76' lang='lat' dir='ltr'>los.</span> <span class='ocrx_word' id='word_1_236' title='bbox 858 2084 1004 2151; x_wconf 77' lang='lat' dir='ltr'>Fostigin5</span> <span class='ocrx_word' id='word_1_237' title='bbox 1035 2102 1109 2137; x_wconf 85' lang='lat' dir='ltr'>muro</span> 
     </span>
     <span class='ocr_line' id='line_1_27' title="bbox 67 2149 1109 2225; baseline 0.004 -25"><span class='ocrx_word' id='word_1_238' title='bbox 67 2151 172 2225; x_wconf 78' lang='lat' dir='ltr'>operis</span> <span class='ocrx_word' id='word_1_239' title='bbox 189 2149 376 2214; x_wconf 80' lang='lat' dir='ltr'>summitates,</span> <span class='ocrx_word' id='word_1_240' title='bbox 399 2150 465 2201; x_wconf 84' lang='lat' dir='ltr'>alibi</span> <span class='ocrx_word' id='word_1_241' title='bbox 481 2150 538 2200; x_wconf 85' lang='lat' dir='ltr'>ima</span> <span class='ocrx_word' id='word_1_242' title='bbox 554 2150 721 2218; x_wconf 80' lang='lat' dir='ltr'>significant:</span> <span class='ocrx_word' id='word_1_243' title='bbox 744 2158 775 2201; x_wconf 87' lang='lat' dir='ltr'>ut</span> <span class='ocrx_word' id='word_1_244' title='bbox 792 2152 835 2219; x_wconf 89' lang='lat' dir='ltr'>(G.</span> <span class='ocrx_word' id='word_1_245' title='bbox 853 2161 884 2217; x_wconf 75' lang='lat'>2,</span> <span class='ocrx_word' id='word_1_246' title='bbox 902 2155 988 2217; x_wconf 52' lang='lat'><strong>2883:</strong></span> <span class='ocrx_word' id='word_1_247' title='bbox 1015 2154 1109 2205; x_wconf 82' lang='lat' dir='ltr'>Forsi-</span> 
     </span>
     <span class='ocr_line' id='line_1_28' title="bbox 67 2217 1108 2287; baseline 0.003 -16"><span class='ocrx_word' id='word_1_248' title='bbox 67 2228 123 2273; x_wconf 80' lang='lat' dir='ltr'>tass</span> <span class='ocrx_word' id='word_1_249' title='bbox 143 2231 173 2271; x_wconf 82' lang='lat' dir='ltr'>st</span> <span class='ocrx_word' id='word_1_250' title='bbox 189 2220 338 2270; x_wconf 81' lang='lat' dir='ltr'>scrobibus</span> <span class='ocrx_word' id='word_1_251' title='bbox 356 2235 426 2285; x_wconf 77' lang='lat' dir='ltr'>quae</span> <span class='ocrx_word' id='word_1_252' title='bbox 444 2221 502 2269; x_wconf 87' lang='lat' dir='ltr'>sint</span> <span class='ocrx_word' id='word_1_253' title='bbox 513 2217 637 2285; x_wconf 79' lang='lat' dir='ltr'>fastigia</span> <span class='ocrx_word' id='word_1_254' title='bbox 658 2236 785 2286; x_wconf 84' lang='lat' dir='ltr'>quaerar.</span> <span class='ocrx_word' id='word_1_255' title='bbox 821 2220 875 2270; x_wconf 85' lang='lat' dir='ltr'>Sus</span> <span class='ocrx_word' id='word_1_256' title='bbox 896 2225 960 2287; x_wconf 61' lang='grc' dir='ltr'>ἰείη</span> <span class='ocrx_word' id='word_1_257' title='bbox 978 2224 1108 2274; x_wconf 82' lang='lat' dir='ltr'>miratur:</span> 
     </span>
     <span class='ocr_line' id='line_1_29' title="bbox 67 2240 1109 2357; baseline 0.005 -20"><span class='ocrx_word' id='word_1_258' title='bbox 67 2296 103 2341; x_wconf 79' lang='lat' dir='ltr'>ut</span> <span class='ocrx_word' id='word_1_259' title='bbox 117 2302 151 2343; x_wconf 79' lang='lat' dir='ltr'>e·</span> <span class='ocrx_word' id='word_1_260' title='bbox 165 2286 308 2339; x_wconf 72' lang='lat' dir='ltr'>&#39;conuario</span> <span class='ocrx_word' id='word_1_261' title='bbox 334 2288 464 2353; x_wconf 79' lang='lat' dir='ltr'>despicit,</span> <span class='ocrx_word' id='word_1_262' title='bbox 487 2288 641 2338; x_wconf 89' lang='lat' dir='ltr'>contemnit</span> <span class='ocrx_word' id='word_1_263' title='bbox 663 2288 810 2355; x_wconf 79' lang='lat' dir='ltr'>significat:</span> <span class='ocrx_word' id='word_1_264' title='bbox 828 2240 1031 2357; x_wconf 54' lang='lat' dir='ltr'>[veisuspiciu</span> <span class='ocrx_word' id='word_1_265' title='bbox 1054 2290 1109 2342; x_wconf 83' lang='lat' dir='ltr'>alta</span> 
     </span>
     <span class='ocr_line' id='line_1_30' title="bbox 67 2354 1109 2429; baseline 0.001 -20"><span class='ocrx_word' id='word_1_266' title='bbox 67 2356 192 2429; x_wconf 73' lang='lat' dir='ltr'>lupicit,</span> <span class='ocrx_word' id='word_1_267' title='bbox 215 2363 248 2406; x_wconf 86' lang='lat' dir='ltr'>ut</span> <span class='ocrx_word' id='word_1_268' title='bbox 271 2354 337 2407; x_wconf 81' lang='lat' dir='ltr'>alibi</span> <span class='ocrx_word' id='word_1_269' title='bbox 362 2357 514 2420; x_wconf 81' lang='lat'>(8,190.):</span> <span class='ocrx_word' id='word_1_270' title='bbox 539 2355 622 2406; x_wconf 82' lang='lat' dir='ltr'>Hanc</span> <span class='ocrx_word' id='word_1_271' title='bbox 646 2359 768 2422; x_wconf 85' lang='lat' dir='ltr'>primum</span> <span class='ocrx_word' id='word_1_272' title='bbox 793 2360 904 2424; x_wconf 79' lang='lat' dir='ltr'>suspice</span> <span class='ocrx_word' id='word_1_273' title='bbox 930 2357 1051 2426; x_wconf 77' lang='lat' dir='ltr'>rupem]</span> <span class='ocrx_word' id='word_1_274' title='bbox 1074 2384 1109 2398; x_wconf 92' lang='lat'>·-</span> 
     </span>
     <span class='ocr_line' id='line_1_31' title="bbox 67 2422 1109 2494; baseline 0.006 -19"><span class='ocrx_word' id='word_1_275' title='bbox 67 2422 303 2487; x_wconf 64' lang='lat' dir='ltr'>239.&#39;Mirniile</span> <span class='ocrx_word' id='word_1_276' title='bbox 329 2424 404 2473; x_wconf 78' lang='lat' dir='ltr'>dictu</span> <span class='ocrx_word' id='word_1_277' title='bbox 413 2446 422 2488; x_wconf 89' lang='lat'>,·</span> <span class='ocrx_word' id='word_1_278' title='bbox 447 2423 483 2473; x_wconf 92' lang='lat' dir='ltr'>ob</span> <span class='ocrx_word' id='word_1_279' title='bbox 506 2425 561 2476; x_wconf 90' lang='lat' dir='ltr'>hoc</span> <span class='ocrx_word' id='word_1_280' title='bbox 586 2425 659 2492; x_wconf 87' lang='lat' dir='ltr'>quod</span> <span class='ocrx_word' id='word_1_281' title='bbox 682 2424 818 2492; x_wconf 79' lang='lat' dir='ltr'>sequitur:</span> <span class='ocrx_word' id='word_1_282' title='bbox 841 2427 906 2494; x_wconf 79' lang='lat' dir='ltr'>qnia</span> <span class='ocrx_word' id='word_1_283' title='bbox 929 2431 1027 2479; x_wconf 79' lang='lat' dir='ltr'>mixtus</span> <span class='ocrx_word' id='word_1_284' title='bbox 1044 2444 1109 2481; x_wconf 87' lang='lat' dir='ltr'>cun-</span> 
     </span>
     <span class='ocr_line' id='line_1_32' title="bbox 67 2490 1110 2562; baseline 0.004 -17"><span class='ocrx_word' id='word_1_285' title='bbox 67 2490 271 2554; x_wconf 69' lang='lat' dir='ltr'>etis&#39;latebat3</span> <span class='ocrx_word' id='word_1_286' title='bbox 300 2497 407 2561; x_wconf 86' lang='lat' dir='ltr'>(potest</span> <span class='ocrx_word' id='word_1_287' title='bbox 427 2498 521 2543; x_wconf 85' lang='lat' dir='ltr'>tamen</span> <span class='ocrx_word' id='word_1_288' title='bbox 546 2500 574 2545; x_wconf 91' lang='lat' dir='ltr'>et</span> <span class='ocrx_word' id='word_1_289' title='bbox 596 2492 649 2543; x_wconf 90' lang='lat' dir='ltr'>hoc</span> <span class='ocrx_word' id='word_1_290' title='bbox 671 2493 806 2562; x_wconf 87' lang='lat' dir='ltr'>superiori</span> <span class='ocrx_word' id='word_1_291' title='bbox 831 2501 859 2545; x_wconf 85' lang='lat' dir='ltr'>et</span> <span class='ocrx_word' id='word_1_292' title='bbox 881 2495 1007 2549; x_wconf 82' lang='lat' dir='ltr'>inferiori</span> <span class='ocrx_word' id='word_1_293' title='bbox 1029 2513 1110 2549; x_wconf 84' lang='lat' dir='ltr'>sensu</span> 
     </span>
     <span class='ocr_line' id='line_1_33' title="bbox 67 2558 1109 2632; baseline 0.006 -19"><span class='ocrx_word' id='word_1_294' title='bbox 67 2560 160 2626; x_wconf 69' lang='lat' dir='ltr'>ndu.)</span> <span class='ocrx_word' id='word_1_295' title='bbox 178 2586 216 2599; x_wconf 88' lang='lat'><em>-</em></span> <span class='ocrx_word' id='word_1_296' title='bbox 248 2563 313 2617; x_wconf 83' lang='grc'><strong>440.</strong></span> <span class='ocrx_word' id='word_1_297' title='bbox 331 2558 380 2631; x_wconf 61' lang='grc' dir='ltr'>Ριζ</span> <span class='ocrx_word' id='word_1_298' title='bbox 398 2561 520 2623; x_wconf 69' lang='lat' dir='ltr'>medios,</span> <span class='ocrx_word' id='word_1_299' title='bbox 538 2561 627 2628; x_wconf 77' lang='lat' dir='ltr'>ligura</span> <span class='ocrx_word' id='word_1_300' title='bbox 645 2569 697 2612; x_wconf 88' lang='lat' dir='ltr'>est:</span> <span class='ocrx_word' id='word_1_301' title='bbox 715 2579 781 2613; x_wconf 85' lang='lat' dir='ltr'>narn</span> <span class='ocrx_word' id='word_1_302' title='bbox 797 2562 910 2631; x_wconf 90' lang='lat' dir='ltr'>plenum</span> <span class='ocrx_word' id='word_1_303' title='bbox 929 2566 1031 2632; x_wconf 87' lang='lat' dir='ltr'>(Gneli.</span> <span class='ocrx_word' id='word_1_304' title='bbox 1043 2566 1064 2615; x_wconf 95' lang='grc' dir='ltr'>Ι.</span> <span class='ocrx_word' id='word_1_305' title='bbox 1076 2566 1109 2619; x_wconf 93' lang='lat'>11.</span> 
     </span>
     <span class='ocr_line' id='line_1_34' title="bbox 67 2626 1109 2697; baseline 0.001 -14"><span class='ocrx_word' id='word_1_306' title='bbox 67 2626 207 2697; x_wconf 77' lang='lat' dir='ltr'>planum)</span> <span class='ocrx_word' id='word_1_307' title='bbox 225 2628 332 2681; x_wconf 76' lang='lat' dir='ltr'>uerat:</span> <span class='ocrx_word' id='word_1_308' title='bbox 348 2628 447 2679; x_wconf 84' lang='lat' dir='ltr'>mediis</span> <span class='ocrx_word' id='word_1_309' title='bbox 463 2645 492 2680; x_wconf 88' lang='lat' dir='ltr'>se</span> <span class='ocrx_word' id='word_1_310' title='bbox 508 2629 602 2681; x_wconf 86' lang='lat' dir='ltr'>infert.</span> <span class='ocrx_word' id='word_1_311' title='bbox 636 2629 815 2697; x_wconf 60' lang='lat' dir='ltr'>[Missaquq</span> <span class='ocrx_word' id='word_1_312' title='bbox 833 2631 917 2695; x_wconf 84' lang='lat' dir='ltr'>deest,</span> <span class='ocrx_word' id='word_1_313' title='bbox 932 2632 980 2697; x_wconf 78' lang='lat' dir='ltr'>se]</span> <span class='ocrx_word' id='word_1_314' title='bbox 1013 2632 1055 2684; x_wconf 84' lang='lat' dir='ltr'>Nc</span> <span class='ocrx_word' id='word_1_315' title='bbox 1076 2651 1109 2684; x_wconf 84' lang='lat' dir='ltr'>us</span> 
     </span>
     <span class='ocr_line' id='line_1_35' title="bbox 68 2650 1110 2817; baseline 0.004 -66"><span class='ocrx_word' id='word_1_316' title='bbox 68 2701 204 2751; x_wconf 75' lang='lat' dir='ltr'>cernitur</span> <span class='ocrx_word' id='word_1_317' title='bbox 217 2697 272 2748; x_wconf 77' lang='lat' dir='ltr'>etti</span> <span class='ocrx_word' id='word_1_318' title='bbox 280 2718 289 2763; x_wconf 72' lang='grc' dir='ltr'><strong><em>ς</em></strong></span> <span class='ocrx_word' id='word_1_319' title='bbox 306 2696 372 2762; x_wconf 84' lang='lat' dir='ltr'>i.e.,</span> <span class='ocrx_word' id='word_1_320' title='bbox 389 2713 481 2817; x_wconf 62' lang='lat' dir='ltr'>nepae</span> <span class='ocrx_word' id='word_1_321' title='bbox 493 2697 529 2748; x_wconf 85' lang='lat' dir='ltr'>ab</span> <span class='ocrx_word' id='word_1_322' title='bbox 542 2697 597 2748; x_wconf 88' lang='lat' dir='ltr'>ullo</span> <span class='ocrx_word' id='word_1_323' title='bbox 611 2699 749 2759; x_wconf 82' lang='lat' dir='ltr'>cernitur3</span> <span class='ocrx_word' id='word_1_324' title='bbox 767 2706 797 2750; x_wconf 92' lang='lat' dir='ltr'>et</span> <span class='ocrx_word' id='word_1_325' title='bbox 810 2708 850 2751; x_wconf 86' lang='lat' dir='ltr'>est</span> <span class='ocrx_word' id='word_1_326' title='bbox 858 2700 996 2753; x_wconf 84' lang='lat' dir='ltr'>Graecum</span> <span class='ocrx_word' id='word_1_327' title='bbox 1011 2650 1110 2766; x_wconf 71' lang='lat' dir='ltr'>(oiim</span> 
     </span>
     <span class='ocr_line' id='line_1_36' title="bbox 73 2761 1107 2837; baseline 0.007 -20"><span class='ocrx_word' id='word_1_328' title='bbox 73 2761 245 2837; x_wconf 56' lang='grc' dir='ltr'>δρώμενα.)</span> <span class='ocrx_word' id='word_1_329' title='bbox 263 2773 293 2815; x_wconf 91' lang='lat' dir='ltr'>ut</span> <span class='ocrx_word' id='word_1_330' title='bbox 310 2766 363 2832; x_wconf 88' lang='lat' dir='ltr'>[est</span> <span class='ocrx_word' id='word_1_331' title='bbox 378 2764 426 2816; x_wconf 89' lang='lat' dir='ltr'>illu</span> <span class='ocrx_word' id='word_1_332' title='bbox 461 2764 568 2817; x_wconf 89' lang='lat' dir='ltr'>Horatii</span> <span class='ocrx_word' id='word_1_333' title='bbox 586 2766 691 2832; x_wconf 77' lang='lat' dir='ltr'>(Germ.</span> <span class='ocrx_word' id='word_1_334' title='bbox 710 2772 734 2831; x_wconf 85' lang='lat'>1,</span> <span class='ocrx_word' id='word_1_335' title='bbox 755 2766 824 2830; x_wconf 81' lang='lat'>6.)]:</span> <span class='ocrx_word' id='word_1_336' title='bbox 847 2768 983 2821; x_wconf 82' lang='lat' dir='ltr'>Scriberis</span> <span class='ocrx_word' id='word_1_337' title='bbox 1005 2770 1107 2837; x_wconf 77' lang='lat' dir='ltr'>Vori03</span> 
     </span>
     <span class='ocr_line' id='line_1_37' title="bbox 71 2832 1109 2906; baseline 0.004 -20"><span class='ocrx_word' id='word_1_338' title='bbox 71 2834 131 2891; x_wconf 71' lang='lat' dir='ltr'>te.</span> <span class='ocrx_word' id='word_1_339' title='bbox 155 2834 265 2895; x_wconf 71' lang='lat' dir='ltr'>scribet</span> <span class='ocrx_word' id='word_1_340' title='bbox 285 2841 314 2884; x_wconf 86' lang='lat' dir='ltr'>te</span> <span class='ocrx_word' id='word_1_341' title='bbox 330 2833 434 2886; x_wconf 76' lang='lat' dir='ltr'>Varius.</span> <span class='ocrx_word' id='word_1_342' title='bbox 451 2858 487 2870; x_wconf 94' lang='lat'><em>-</em></span> <span class='ocrx_word' id='word_1_343' title='bbox 520 2838 583 2890; x_wconf 88' lang='grc'><strong>441.</strong></span> <span class='ocrx_word' id='word_1_344' title='bbox 606 2832 719 2898; x_wconf 86' lang='lat' dir='ltr'>Lucus;</span> <span class='ocrx_word' id='word_1_345' title='bbox 743 2835 901 2904; x_wconf 85' lang='lat' dir='ltr'>ubicunque</span> <span class='ocrx_word' id='word_1_346' title='bbox 917 2839 1045 2906; x_wconf 85' lang='lat' dir='ltr'>Virgilius</span> <span class='ocrx_word' id='word_1_347' title='bbox 1067 2840 1109 2892; x_wconf 92' lang='lat' dir='ltr'>lu-</span> 
     </span>
     <span class='ocr_line' id='line_1_38' title="bbox 74 2900 1108 2975; baseline 0.003 -21"><span class='ocrx_word' id='word_1_348' title='bbox 74 2918 137 2956; x_wconf 75' lang='lat' dir='ltr'>tum</span> <span class='ocrx_word' id='word_1_349' title='bbox 155 2902 252 2975; x_wconf 81' lang='lat' dir='ltr'>ponit,</span> <span class='ocrx_word' id='word_1_350' title='bbox 275 2900 398 2969; x_wconf 75' lang='lat' dir='ltr'>sequitur</span> <span class='ocrx_word' id='word_1_351' title='bbox 422 2902 508 2953; x_wconf 89' lang='lat' dir='ltr'>etiam</span> <span class='ocrx_word' id='word_1_352' title='bbox 533 2902 718 2967; x_wconf 81' lang='lat' dir='ltr'>consecratio,</span> <span class='ocrx_word' id='word_1_353' title='bbox 743 2911 774 2952; x_wconf 88' lang='lat' dir='ltr'>nt</span> <span class='ocrx_word' id='word_1_354' title='bbox 798 2906 846 2970; x_wconf 84' lang='lat'>(9,</span> <span class='ocrx_word' id='word_1_355' title='bbox 864 2905 916 2968; x_wconf 79' lang='lat'>3.):</span> <span class='ocrx_word' id='word_1_356' title='bbox 945 2905 1022 2959; x_wconf 88' lang='lat' dir='ltr'>Luco</span> <span class='ocrx_word' id='word_1_357' title='bbox 1049 2921 1108 2958; x_wconf 86' lang='lat' dir='ltr'>tum</span> 
     </span>
     <span class='ocr_line' id='line_1_39' title="bbox 75 2968 1110 3051; baseline 0.004 -26"><span class='ocrx_word' id='word_1_358' title='bbox 75 2970 145 3051; x_wconf 62' lang='lat' dir='ltr'>forts</span> <span class='ocrx_word' id='word_1_359' title='bbox 169 2972 300 3041; x_wconf 85' lang='lat' dir='ltr'>parentis</span> <span class='ocrx_word' id='word_1_360' title='bbox 317 2968 444 3020; x_wconf 83' lang='lat' dir='ltr'>Pilumni</span> <span class='ocrx_word' id='word_1_361' title='bbox 462 2970 579 3021; x_wconf 85' lang='lat' dir='ltr'>Turnus</span> <span class='ocrx_word' id='word_1_362' title='bbox 603 2983 713 3021; x_wconf 82' lang='lat' dir='ltr'>saerata</span> <span class='ocrx_word' id='word_1_363' title='bbox 739 2973 811 3022; x_wconf 82' lang='lat' dir='ltr'>valle</span> <span class='ocrx_word' id='word_1_364' title='bbox 835 2975 953 3026; x_wconf 83' lang='lat' dir='ltr'>sedebat.</span> <span class='ocrx_word' id='word_1_365' title='bbox 987 2976 1064 3029; x_wconf 83' lang='lat' dir='ltr'>Unde</span> <span class='ocrx_word' id='word_1_366' title='bbox 1081 2985 1110 3029; x_wconf 87' lang='lat' dir='ltr'>et</span> 
     </span>
     <span class='ocr_line' id='line_1_40' title="bbox 77 3036 1107 3111; baseline 0.017 -32"><span class='ocrx_word' id='word_1_367' title='bbox 77 3051 104 3093; x_wconf 59' lang='grc' dir='ltr'>ιη</span> <span class='ocrx_word' id='word_1_368' title='bbox 125 3036 339 3105; x_wconf 59' lang='lat' dir='ltr'><strong>30n0.(673.):</strong></span> <span class='ocrx_word' id='word_1_369' title='bbox 369 3037 453 3090; x_wconf 82' lang='lat' dir='ltr'>Nulli</span> <span class='ocrx_word' id='word_1_370' title='bbox 477 3051 550 3089; x_wconf 84' lang='lat' dir='ltr'>certa</span> <span class='ocrx_word' id='word_1_371' title='bbox 575 3040 689 3090; x_wconf 81' lang='lat' dir='ltr'>domus:</span> <span class='ocrx_word' id='word_1_372' title='bbox 720 3040 794 3090; x_wconf 83' lang='lat' dir='ltr'>lucis</span> <span class='ocrx_word' id='word_1_373' title='bbox 818 3041 979 3094; x_wconf 79' lang='lat' dir='ltr'>habitamus</span> <span class='ocrx_word' id='word_1_374' title='bbox 1003 3048 1107 3111; x_wconf 83' lang='lat' dir='ltr'>opacis.</span> 
     </span>
     <span class='ocr_line' id='line_1_41' title="bbox 79 3104 1136 3180; baseline 0.006 -19"><span class='ocrx_word' id='word_1_375' title='bbox 79 3104 213 3161; x_wconf 73' lang='lat' dir='ltr'>Diumtur</span> <span class='ocrx_word' id='word_1_376' title='bbox 231 3106 308 3159; x_wconf 87' lang='lat' dir='ltr'>enim</span> <span class='ocrx_word' id='word_1_377' title='bbox 323 3107 443 3158; x_wconf 88' lang='lat' dir='ltr'>heroum</span> <span class='ocrx_word' id='word_1_378' title='bbox 460 3108 569 3160; x_wconf 82' lang='lat' dir='ltr'>animae</span> <span class='ocrx_word' id='word_1_379' title='bbox 585 3108 661 3159; x_wconf 88' lang='lat' dir='ltr'>lucos</span> <span class='ocrx_word' id='word_1_380' title='bbox 677 3115 782 3160; x_wconf 90' lang='lat' dir='ltr'>tenere.</span> <span class='ocrx_word' id='word_1_381' title='bbox 818 3111 869 3177; x_wconf 88' lang='lat' dir='ltr'>(Et</span> <span class='ocrx_word' id='word_1_382' title='bbox 893 3127 956 3161; x_wconf 87' lang='lat' dir='ltr'>mox</span> <span class='ocrx_word' id='word_1_383' title='bbox 972 3114 1108 3180; x_wconf 85' lang='lat' dir='ltr'>sequitur:</span> <span class='ocrx_word' id='word_1_384' title='bbox 1133 3120 1136 3125; x_wconf 83' lang='lat'>&#39;</span> 
     </span>
     <span class='ocr_line' id='line_1_42' title="bbox 84 3172 1109 3248; baseline 0.006 -22"><span class='ocrx_word' id='word_1_385' title='bbox 84 3172 131 3229; x_wconf 84' lang='lat' dir='ltr'>llis</span> <span class='ocrx_word' id='word_1_386' title='bbox 154 3177 290 3245; x_wconf 70' lang='lat' dir='ltr'>templum</span> <span class='ocrx_word' id='word_1_387' title='bbox 313 3173 421 3226; x_wconf 85' lang='lat' dir='ltr'>Iunoni</span> <span class='ocrx_word' id='word_1_388' title='bbox 445 3176 565 3243; x_wconf 84' lang='lat' dir='ltr'>ingens).</span> <span class='ocrx_word' id='word_1_389' title='bbox 600 3174 696 3225; x_wconf 83' lang='lat' dir='ltr'>Lucus</span> <span class='ocrx_word' id='word_1_390' title='bbox 721 3184 816 3228; x_wconf 87' lang='lat' dir='ltr'>autem</span> <span class='ocrx_word' id='word_1_391' title='bbox 838 3179 938 3229; x_wconf 83' lang='lat' dir='ltr'>dicitnr</span> <span class='ocrx_word' id='word_1_392' title='bbox 955 3181 1028 3248; x_wconf 87' lang='lat' dir='ltr'>quod</span> <span class='ocrx_word' id='word_1_393' title='bbox 1051 3198 1109 3234; x_wconf 88' lang='lat' dir='ltr'>non</span> 
     </span>
     <span class='ocr_line' id='line_1_43' title="bbox 66 3240 1108 3316; baseline 0.001 -17"><span class='ocrx_word' id='word_1_394' title='bbox 66 3248 69 3299; x_wconf 84' lang='lat' dir='ltr'>i</span> <span class='ocrx_word' id='word_1_395' title='bbox 84 3240 177 3298; x_wconf 80' lang='lat' dir='ltr'>hosat:</span> <span class='ocrx_word' id='word_1_396' title='bbox 202 3252 234 3297; x_wconf 88' lang='lat' dir='ltr'>et</span> <span class='ocrx_word' id='word_1_397' title='bbox 248 3259 305 3295; x_wconf 91' lang='lat' dir='ltr'>non</span> <span class='ocrx_word' id='word_1_398' title='bbox 323 3244 395 3311; x_wconf 85' lang='lat' dir='ltr'>quod</span> <span class='ocrx_word' id='word_1_399' title='bbox 411 3244 466 3295; x_wconf 87' lang='lat' dir='ltr'>sint</span> <span class='ocrx_word' id='word_1_400' title='bbox 482 3244 523 3294; x_wconf 89' lang='lat' dir='ltr'>ibi</span> <span class='ocrx_word' id='word_1_401' title='bbox 537 3244 644 3296; x_wconf 88' lang='lat' dir='ltr'>lumina</span> <span class='ocrx_word' id='word_1_402' title='bbox 661 3244 709 3310; x_wconf 87' lang='lat' dir='ltr'>(in)</span> <span class='ocrx_word' id='word_1_403' title='bbox 726 3261 807 3295; x_wconf 76' lang='lat' dir='ltr'>eausa</span> <span class='ocrx_word' id='word_1_404' title='bbox 823 3246 978 3315; x_wconf 74' lang='lat' dir='ltr'>religionis,</span> <span class='ocrx_word' id='word_1_405' title='bbox 1002 3250 1108 3316; x_wconf 89' lang='lat' dir='ltr'>utqui·</span> 
     </span>
     <span class='ocr_line' id='line_1_44' title="bbox 87 3310 1108 3381; baseline 0.004 -16"><span class='ocrx_word' id='word_1_406' title='bbox 87 3310 140 3365; x_wconf 70' lang='lat' dir='ltr'>hm</span> <span class='ocrx_word' id='word_1_407' title='bbox 155 3314 261 3365; x_wconf 80' lang='lat' dir='ltr'>volunt</span> <span class='ocrx_word' id='word_1_408' title='bbox 296 3312 332 3361; x_wconf 89' lang='lat' dir='ltr'>ln</span> <span class='ocrx_word' id='word_1_409' title='bbox 351 3314 417 3363; x_wconf 81' lang='lat' dir='ltr'>urbe</span> <span class='ocrx_word' id='word_1_410' title='bbox 428 3312 493 3381; x_wconf 83' lang='lat' dir='ltr'>fuit</span> <span class='ocrx_word' id='word_1_411' title='bbox 511 3314 618 3377; x_wconf 81' lang='lat' dir='ltr'>medio;</span> <span class='ocrx_word' id='word_1_412' title='bbox 642 3327 715 3362; x_wconf 84' lang='lat' dir='ltr'>nunc</span> <span class='ocrx_word' id='word_1_413' title='bbox 738 3312 798 3364; x_wconf 85' lang='lat' dir='ltr'>iam</span> <span class='ocrx_word' id='word_1_414' title='bbox 821 3313 851 3365; x_wconf 91' lang='lat' dir='ltr'>in</span> <span class='ocrx_word' id='word_1_415' title='bbox 866 3316 966 3367; x_wconf 86' lang='lat' dir='ltr'>media.</span> <span class='ocrx_word' id='word_1_416' title='bbox 1000 3315 1108 3368; x_wconf 80' lang='lat' dir='ltr'>Laetis-</span> 
     </span>
     <span class='ocr_line' id='line_1_45' title="bbox 90 3377 1107 3449; baseline 0.008 -20"><span class='ocrx_word' id='word_1_417' title='bbox 90 3384 166 3433; x_wconf 84' lang='lat' dir='ltr'>simus</span> <span class='ocrx_word' id='word_1_418' title='bbox 192 3383 313 3446; x_wconf 73' lang='lat' dir='ltr'>umbra3</span> <span class='ocrx_word' id='word_1_419' title='bbox 339 3388 386 3431; x_wconf 86' lang='lat' dir='ltr'>aut</span> <span class='ocrx_word' id='word_1_420' title='bbox 410 3383 542 3449; x_wconf 87' lang='lat' dir='ltr'>septimus</span> <span class='ocrx_word' id='word_1_421' title='bbox 559 3377 659 3448; x_wconf 89' lang='lat' dir='ltr'>[casus]</span> <span class='ocrx_word' id='word_1_422' title='bbox 677 3386 729 3432; x_wconf 88' lang='lat' dir='ltr'>est:</span> <span class='ocrx_word' id='word_1_423' title='bbox 754 3389 802 3433; x_wconf 84' lang='lat' dir='ltr'>aut</span> <span class='ocrx_word' id='word_1_424' title='bbox 818 3383 969 3434; x_wconf 89' lang='lat' dir='ltr'>secundnm</span> <span class='ocrx_word' id='word_1_425' title='bbox 985 3384 1107 3438; x_wconf 89' lang='lat' dir='ltr'>Probum</span> 
     </span>
     <span class='ocr_line' id='line_1_46' title="bbox 90 3448 1176 3521; baseline 0.003 -18"><span class='ocrx_word' id='word_1_426' title='bbox 90 3450 226 3517; x_wconf 70' lang='lat' dir='ltr'>genitivus,</span> <span class='ocrx_word' id='word_1_427' title='bbox 249 3456 282 3498; x_wconf 90' lang='lat' dir='ltr'>nt</span> <span class='ocrx_word' id='word_1_428' title='bbox 303 3449 338 3499; x_wconf 89' lang='lat' dir='ltr'>sit</span> <span class='ocrx_word' id='word_1_429' title='bbox 360 3448 523 3500; x_wconf 83' lang='lat' dir='ltr'>laetissimus</span> <span class='ocrx_word' id='word_1_430' title='bbox 547 3448 677 3500; x_wconf 84' lang='lat' dir='ltr'>umbrae:</span> <span class='ocrx_word' id='word_1_431' title='bbox 705 3448 775 3499; x_wconf 89' lang='lat' dir='ltr'>sicut</span> <span class='ocrx_word' id='word_1_432' title='bbox 797 3449 951 3517; x_wconf 77' lang='lat' dir='ltr'>Sallustius,</span> <span class='ocrx_word' id='word_1_433' title='bbox 980 3452 1107 3521; x_wconf 83' lang='lat' dir='ltr'>Frugum</span> <span class='ocrx_word' id='word_1_434' title='bbox 1171 3484 1176 3491; x_wconf 87' lang='lat'><em>·</em></span> 
     </span>
     <span class='ocr_line' id='line_1_47' title="bbox 90 3515 1108 3587; baseline 0.004 -20"><span class='ocrx_word' id='word_1_435' title='bbox 90 3520 229 3587; x_wconf 77' lang='lat' dir='ltr'>psiuliqus</span> <span class='ocrx_word' id='word_1_436' title='bbox 253 3519 345 3568; x_wconf 82' lang='lat' dir='ltr'>luctus</span> <span class='ocrx_word' id='word_1_437' title='bbox 363 3536 436 3585; x_wconf 75' lang='lat' dir='ltr'>ager.</span> <span class='ocrx_word' id='word_1_438' title='bbox 461 3545 497 3553; x_wconf 97' lang='lat'><strong>—</strong></span> <span class='ocrx_word' id='word_1_439' title='bbox 530 3521 592 3573; x_wconf 75' lang='lat'>442.</span> <span class='ocrx_word' id='word_1_440' title='bbox 619 3515 680 3583; x_wconf 88' lang='lat' dir='ltr'>Quo</span> <span class='ocrx_word' id='word_1_441' title='bbox 705 3521 847 3584; x_wconf 67' lang='lat' dir='ltr'>primum,</span> <span class='ocrx_word' id='word_1_442' title='bbox 871 3519 924 3569; x_wconf 89' lang='lat' dir='ltr'>hoc</span> <span class='ocrx_word' id='word_1_443' title='bbox 948 3529 1002 3586; x_wconf 87' lang='lat' dir='ltr'>est,</span> <span class='ocrx_word' id='word_1_444' title='bbox 1026 3524 1108 3578; x_wconf 85' lang='lat' dir='ltr'>simul</span> 
     </span>
     <span class='ocr_line' id='line_1_48' title="bbox 90 3586 1106 3654; baseline 0.007 -18"><span class='ocrx_word' id='word_1_445' title='bbox 90 3586 256 3640; x_wconf 75' lang='lat' dir='ltr'>advenerunt</span> <span class='ocrx_word' id='word_1_446' title='bbox 289 3586 348 3637; x_wconf 86' lang='lat' dir='ltr'>Nec</span> <span class='ocrx_word' id='word_1_447' title='bbox 365 3586 440 3637; x_wconf 90' lang='lat' dir='ltr'>enim</span> <span class='ocrx_word' id='word_1_448' title='bbox 456 3586 576 3636; x_wconf 87' lang='lat' dir='ltr'>secundo</span> <span class='ocrx_word' id='word_1_449' title='bbox 594 3587 628 3636; x_wconf 87' lang='lat' dir='ltr'>ad</span> <span class='ocrx_word' id='word_1_450' title='bbox 641 3586 762 3637; x_wconf 78' lang='lat' dir='ltr'>Airicam</span> <span class='ocrx_word' id='word_1_451' title='bbox 776 3597 888 3638; x_wconf 85' lang='lat' dir='ltr'>ventum</span> <span class='ocrx_word' id='word_1_452' title='bbox 907 3595 958 3640; x_wconf 86' lang='lat' dir='ltr'>est:</span> <span class='ocrx_word' id='word_1_453' title='bbox 975 3590 1025 3654; x_wconf 91' lang='lat' dir='ltr'>(vel</span> <span class='ocrx_word' id='word_1_454' title='bbox 1038 3593 1106 3643; x_wconf 90' lang='lat' dir='ltr'>ordo</span> 
     </span>
     <span class='ocr_line' id='line_1_49' title="bbox 65 3653 1108 3724; baseline 0.005 -19"><span class='ocrx_word' id='word_1_455' title='bbox 65 3690 70 3713; x_wconf 72' lang='grc'><strong>.</strong></span> <span class='ocrx_word' id='word_1_456' title='bbox 91 3662 131 3708; x_wconf 86' lang='lat' dir='ltr'>est:</span> <span class='ocrx_word' id='word_1_457' title='bbox 146 3671 203 3724; x_wconf 78' lang='lat' dir='ltr'>qsro</span> <span class='ocrx_word' id='word_1_458' title='bbox 226 3653 349 3721; x_wconf 81' lang='lat' dir='ltr'>primum</span> <span class='ocrx_word' id='word_1_459' title='bbox 367 3653 447 3715; x_wconf 87' lang='lat' dir='ltr'>loco.)</span> <span class='ocrx_word' id='word_1_460' title='bbox 468 3678 504 3690; x_wconf 92' lang='lat'>·-</span> <span class='ocrx_word' id='word_1_461' title='bbox 537 3657 598 3711; x_wconf 79' lang='grc'><strong>443.</strong></span> <span class='ocrx_word' id='word_1_462' title='bbox 616 3653 743 3723; x_wconf 74' lang='lat' dir='ltr'>Effudere</span> <span class='ocrx_word' id='word_1_463' title='bbox 762 3656 821 3707; x_wconf 80' lang='lat' dir='ltr'>loco</span> <span class='ocrx_word' id='word_1_464' title='bbox 843 3657 973 3722; x_wconf 68' lang='lat' dir='ltr'>signum,</span> <span class='ocrx_word' id='word_1_465' title='bbox 991 3659 1108 3715; x_wconf 74' lang='lat' dir='ltr'>ln&#39;storis</span> 
     </span>
     <span class='ocr_line' id='line_1_50' title="bbox 65 3718 1106 3796; baseline 0.008 -25"><span class='ocrx_word' id='word_1_466' title='bbox 65 3718 130 3775; x_wconf 66' lang='lat' dir='ltr'>aiot</span> <span class='ocrx_word' id='word_1_467' title='bbox 144 3723 249 3786; x_wconf 77' lang='lat' dir='ltr'>habet,</span> <span class='ocrx_word' id='word_1_468' title='bbox 272 3738 357 3791; x_wconf 80' lang='lat' dir='ltr'>quam</span> <span class='ocrx_word' id='word_1_469' title='bbox 381 3738 460 3773; x_wconf 90' lang='lat' dir='ltr'>more</span> <span class='ocrx_word' id='word_1_470' title='bbox 485 3738 533 3772; x_wconf 89' lang='lat' dir='ltr'>suo</span> <span class='ocrx_word' id='word_1_471' title='bbox 552 3722 686 3790; x_wconf 73' lang='lat' dir='ltr'>Virgilius</span> <span class='ocrx_word' id='word_1_472' title='bbox 696 3741 746 3792; x_wconf 87' lang='lat' dir='ltr'>per</span> <span class='ocrx_word' id='word_1_473' title='bbox 762 3723 909 3775; x_wconf 83' lang='lat' dir='ltr'>transitum</span> <span class='ocrx_word' id='word_1_474' title='bbox 926 3724 993 3792; x_wconf 88' lang='lat' dir='ltr'>[hic]</span> <span class='ocrx_word' id='word_1_475' title='bbox 1009 3729 1106 3796; x_wconf 82' lang='lat' dir='ltr'>tangit.</span> 
     </span>
     <span class='ocr_line' id='line_1_51' title="bbox 65 3788 1106 3873; baseline 0.003 -31"><span class='ocrx_word' id='word_1_476' title='bbox 65 3806 74 3861; x_wconf 70' lang='lat'>¹,-</span> <span class='ocrx_word' id='word_1_477' title='bbox 91 3788 147 3843; x_wconf 74' lang='lat' dir='ltr'>udo</span> <span class='ocrx_word' id='word_1_478' title='bbox 156 3794 292 3873; x_wconf 77' lang='lat' dir='ltr'>[fratrem</span> <span class='ocrx_word' id='word_1_479' title='bbox 304 3788 424 3859; x_wconf 83' lang='lat' dir='ltr'>fugiens]</span> <span class='ocrx_word' id='word_1_480' title='bbox 441 3806 506 3841; x_wconf 82' lang='lat' dir='ltr'>curn</span> <span class='ocrx_word' id='word_1_481' title='bbox 523 3793 652 3843; x_wconf 82' lang='lat' dir='ltr'>transiret</span> <span class='ocrx_word' id='word_1_482' title='bbox 668 3807 719 3858; x_wconf 89' lang='lat' dir='ltr'>per</span> <span class='ocrx_word' id='word_1_483' title='bbox 737 3794 876 3859; x_wconf 84' lang='lat' dir='ltr'>quandam</span> <span class='ocrx_word' id='word_1_484' title='bbox 892 3793 1008 3845; x_wconf 86' lang='lat' dir='ltr'>insulam</span> <span class='ocrx_word' id='word_1_485' title='bbox 1025 3797 1106 3848; x_wconf 88' lang='lat' dir='ltr'>luno-</span> 
     </span>
     <span class='ocr_line' id='line_1_52' title="bbox 71 3858 1105 3928; baseline 0.006 -18"><span class='ocrx_word' id='word_1_486' title='bbox 71 3860 133 3925; x_wconf 86' lang='lat' dir='ltr'>&#39;ris,</span> <span class='ocrx_word' id='word_1_487' title='bbox 154 3860 214 3912; x_wconf 86' lang='lat' dir='ltr'>rllio</span> <span class='ocrx_word' id='word_1_488' title='bbox 231 3859 338 3928; x_wconf 82' lang='lat' dir='ltr'>accepit</span> <span class='ocrx_word' id='word_1_489' title='bbox 360 3858 518 3924; x_wconf 81' lang='lat' dir='ltr'>oraculum,</span> <span class='ocrx_word' id='word_1_490' title='bbox 541 3868 569 3911; x_wconf 93' lang='lat' dir='ltr'>et</span> <span class='ocrx_word' id='word_1_491' title='bbox 592 3860 763 3911; x_wconf 86' lang='lat' dir='ltr'>sacerdotem</span> <span class='ocrx_word' id='word_1_492' title='bbox 788 3861 845 3912; x_wconf 89' lang='lat' dir='ltr'>eius</span> <span class='ocrx_word' id='word_1_493' title='bbox 862 3877 956 3912; x_wconf 88' lang='lat' dir='ltr'>secum</span> <span class='ocrx_word' id='word_1_494' title='bbox 981 3863 1105 3916; x_wconf 76' lang='lat' dir='ltr'>obaudit:</span> 
     </span>
     <span class='ocr_line' id='line_1_53' title="bbox 90 3920 1104 3999; baseline 0.003 -20"><span class='ocrx_word' id='word_1_495' title='bbox 90 3941 139 3979; x_wconf 82' lang='lat' dir='ltr'>tum</span> <span class='ocrx_word' id='word_1_496' title='bbox 155 3930 182 3981; x_wconf 90' lang='lat' dir='ltr'>ei</span> <span class='ocrx_word' id='word_1_497' title='bbox 200 3943 304 3999; x_wconf 87' lang='lat' dir='ltr'>parum</span> <span class='ocrx_word' id='word_1_498' title='bbox 321 3928 460 3990; x_wconf 85' lang='lat' dir='ltr'>crederet,</span> <span class='ocrx_word' id='word_1_499' title='bbox 477 3928 650 3996; x_wconf 79' lang='lat' dir='ltr'>promittenti</span> <span class='ocrx_word' id='word_1_500' title='bbox 668 3920 845 3997; x_wconf 81' lang='lat' dir='ltr'>Carthaginis</span> <span class='ocrx_word' id='word_1_501' title='bbox 862 3930 951 3981; x_wconf 86' lang='lat' dir='ltr'>sedes:</span> <span class='ocrx_word' id='word_1_502' title='bbox 969 3947 1104 3998; x_wconf 84' lang='lat' dir='ltr'>quocum</span> 
     </span>
    </p>
   </div>
   <div class='ocr_carea' id='block_1_3' title="bbox 65 3995 1104 4103">
    <p class='ocr_par' dir='ltr' id='par_1_5' title="bbox 65 3995 1104 4103">
     <span class='ocr_line' id='line_1_54' title="bbox 65 3995 1104 4103; baseline -0.005 -51"><span class='ocrx_word' id='word_1_503' title='bbox 65 3996 224 4103; x_wconf 44' lang='lat' dir='ltr'>inissent,</span> <span class='ocrx_word' id='word_1_504' title='bbox 253 3995 380 4048; x_wconf 83' lang='lat' dir='ltr'>sacerdos</span> <span class='ocrx_word' id='word_1_505' title='bbox 403 3995 490 4063; x_wconf 75' lang='lat' dir='ltr'>elegit</span> <span class='ocrx_word' id='word_1_506' title='bbox 511 3996 604 4085; x_wconf 75' lang='lat' dir='ltr'>lotum</span> <span class='ocrx_word' id='word_1_507' title='bbox 627 3995 773 4050; x_wconf 78' lang='lat' dir='ltr'>iaciendas</span> <span class='ocrx_word' id='word_1_508' title='bbox 795 3996 886 4064; x_wconf 82' lang='lat' dir='ltr'>subis,</span> <span class='ocrx_word' id='word_1_509' title='bbox 914 4013 969 4065; x_wconf 80' lang='lat' dir='ltr'>quo</span> <span class='ocrx_word' id='word_1_510' title='bbox 997 4000 1104 4064; x_wconf 81' lang='lat' dir='ltr'>effosso,</span> 
     </span>
    </p>
   </div>
   <div class='ocr_carea' id='block_1_4' title="bbox 64 4110 71 4191">
    <p class='ocr_par' dir='ltr' id='par_1_6' title="bbox 64 4110 71 4191">
     <span class='ocr_line' id='line_1_55' title="bbox 64 4110 71 4191; baseline 0 0"><span class='ocrx_word' id='word_1_511' title='bbox 64 4110 71 4191; x_wconf 87' lang='lat' dir='ltr'>l</span> 
     </span>
    </p>
   </div>
   <div class='ocr_carea' id='block_1_5' title="bbox 0 0 1232 4500">
    <p class='ocr_par' dir='ltr' id='par_1_7' title="bbox 0 0 1232 4500">
     <span class='ocr_line' id='line_1_56' title="bbox 0 0 1232 4500; baseline 0 0"><span class='ocrx_word' id='word_1_512' title='bbox 0 0 1232 4500; x_wconf 95' lang='lat' dir='ltr'> </span> 
     </span>
    </p>
   </div>
  </div>
 </body>
</html>
