2454 4500
68 215 73 237 ’
171 210 682 353 annuntiaremus.
706 206 979 351 tumst-ios.
1031 232 1139 349 t'tt

53 454 239 522 circuitum]
281 454 334 509 Via
359 456 457 524 invia;
488 456 596 507 Annene
617 451 728 508 scilicet
752 481 788 498 ·-
834 459 895 515 334.
927 454 1097 522 Trinacria3

56 541 136 593 quae
153 522 253 580 Latine
270 524 421 592 Triquetra
439 523 554 589 dicium,
577 539 662 592 quiam
686 522 766 576 multi
784 523 949 577 Trinaciam
968 526 1011 593 (L.
1032 527 1096 578 Tri·

57 595 191 645 martiam
208 593 242 645 R.
259 594 320 644 Vos.
338 592 530 656 Trinacriam,
545 591 636 643 Gueli.
654 593 674 643 Ι.
686 600 721 644 et
737 593 772 644 al.
790 594 979 657 Trinacram.)
995 596 1100 662 dicunt,

56 661 125 729 [sub
143 661 196 714 hac
213 661 384 727 differentia,
408 669 440 712 ut
455 660 690 731 quotienscunque
707 660 807 714 Sicilia
825 663 1007 730 significatur,
1032 663 1097 715 Tri-

60 733 168 781 nacria
185 738 284 785 totum,
329 747 343 780 r
363 749 377 782 r
393 729 516 794 dicauit,
532 728 605 797 qnod
622 730 676 782 tria
693 728 780 783 habet
795 731 1001 802 promontoria,
1025 748 1096 801 quaa

60 797 169 851 Graeci
193 793 264 868 ἄκρα
287 747 398 863 dicum
422 798 551 868 quotiens
574 797 686 864 Sicula,
710 816 761 868 per
784 816 869 852 unam
894 819 922 864 r,
945 808 976 850 ut
1000 801 1097 868 (554.):

61 865 205 919 Trinacia
228 872 354 921 cernitur
377 864 487 931 Aetna]
520 863 703 932 Lentandus,
727 874 775 920 aut
797 868 871 921 laute
893 867 945 920 tibi
967 870 1098 939 itavigan·

59 935 131 987 dum
148 944 204 999 ett3
226 953 294 989 nam
315 943 405 988 totam
421 934 542 986 Siciliam
566 936 718 986 circumiit:
743 943 791 988 aut
815 938 966 988 lentandus
984 939 1038 989 tibi
1056 956 1097 990 re-

12 1054 15 1061 ,
61 1021 129 1055 mus
154 1016 211 1072 ast,
233 1005 251 1057 i.
270 1024 309 1072 e.,
333 1004 486 1056 flectendus
509 1011 563 1054 est:
587 1002 661 1055 unde
684 1005 787 1056 lentum
813 1007 906 1057 vimen
931 1004 976 1072 (G.
992 1010 1028 1073 4,
1044 1007 1098 1069 34.)

58 1072 197 1139 ἀίοίπιω,
224 1072 243 1126 i.
267 1093 291 1127 e.
321 1072 450 1125 flexibile.
516 1073 552 1123 Et
604 1071 689 1123 tida'm
714 1074 865 1125 lentandus
888 1089 958 1126 nove
981 1076 1099 1128 verbum

58 1140 160 1193 fictstm
176 1149 288 1212 putant,
304 1141 399 1195 sedin
415 1143 494 1193 Anna
507 1139 565 1191 ‘bns
591 1139 695 1208 egitur:
719 1141 879 1210 confricari
885 1179 893 1207 ,
911 1144 970 1195 oleo
988 1145 1097 1213 lentati,

99 1212 212 1278 ratique
228 1212 266 1263 ad
283 1228 381 1276 arma,
404 1208 522 1261 asorbo
540 1207 649 1273 lenton]
666 1237 701 1247 -
736 1216 796 1270 383,
815 1210 980 1280 infernique
998 1214 1096 1280 lacus,-

84 1279 218 1331 ucriuum
235 1288 263 1333 et
279 1281 418 1332 Avernum
435 1277 516 1341 dicit,
539 1277 611 1329 inter
628 1293 695 1344 quos
719 1287 760 1330 cst
808 1279 920 1345 elunca,
943 1297 994 1349 per
1011 1298 1097 1350 quam

59 1346 99 1400 ad
114 1346 222 1399 inferos
236 1346 466 1404 descendebatur:
489 1345 563 1402 uude
585 1360 632 1398 eos
655 1346 722 1398 dixit
746 1296 874 1416 infirnus
898 1351 1025 1468 [propter
1048 1369 1096 1406 ne·

57 1414 262 1482 crementiam,
290 1433 362 1486 quae
386 1415 427 1467 ibi
451 1412 561 1479 fiebat]
602 1414 759 1484 Aeaeaeque
784 1418 882 1468 insula
930 1420 1017 1486 irces;
1048 1421 1096 1488 qui

59 1499 139 1537 nunc
156 1484 285 1536 Circeius
302 1499 382 1536 mons
400 1502 417 1537 a
436 1482 515 1535 Circe
538 1482 626 1549 (codd
645 1485 737 1547 cirea,
755 1484 846 1537 Guelf¹
862 1485 883 1537 Ι.
903 1488 1004 1550 circen)
1028 1489 1097 1541 dici·

58 1559 124 1619 tur,
139 1552 303 1622 aliquando,
319 1561 350 1604 ut
366 1553 454 1605 Varro
471 1551 552 1616 dicit,
568 1551 656 1604 insula
672 1548 737 1618 fuit,
754 1553 879 1608 nondum
895 1555 1003 1608 siccatis
1019 1557 1095 1628 palti-

58 1620 159 1687 dibus,
182 1638 254 1690 qtsae
269 1639 334 1677 eam
350 1620 509 1674 dividebant
524 1637 541 1673 a
558 1616 716 1672 continenti.
751 1621 839 1673 Aeaea
857 1630 951 1676 autem
967 1625 1040 1679 dicta
1056 1626 1094 1679 ab

59 1691 271 1761 aspernantium
288 1707 362 1755 voce,
397 1696 493 1760 ropter
510 1687 662 1742 celebratas
678 1688 734 1741 illic
750 1705 783 1741 co
818 1705 900 1742 orum
916 1695 1096 1748 murationes:

59 1758 340 1827 undaett(7,11.):
364 1709 527 1810 liiaccetsos
545 1758 595 1808 uti
612 1757 687 1808 Solis
705 1755 776 1825 filia
813 1774 888 1811 utos.
924 1762 1030 1814 Aeaeae
1048 1781 1095 1818 au-

60 1835 122 1880 tem
136 1836 195 1880 tres
210 1835 282 1891 sunt,
289 1827 466 1898 diphthongi:
483 1841 551 1878 nant
567 1825 701 1894 genitivus
720 1835 760 1877 est
777 1827 812 1877 ab
830 1827 928 1882 Aeaea.
963 1831 1095 1900 [Quidam

60 1897 152 1948 Aeaea
205 1912 222 1946 o
239 1896 328 1958 Eoia,
344 1898 362 1947 i.
381 1915 405 1949 e.
422 1893 578 1957 orientalis,
595 1910 666 1962 qaue
684 1892 751 1946 Solis
767 1896 824 1948 filia
834 1898 974 1965 traditur,
996 1903 1096 1974 accipi·

57 1972 122 2018 unt.
154 1914 208 2017 iffi
225 1981 281 2017 non
299 1963 377 2016 Circe
395 1964 502 2029 Aeaea,
524 1962 573 2019 sed
596 1961 685 2015 insuia
701 1979 774 2030 quae
792 1971 820 2017 et
836 1966 947 2034 Aeaea]
964 1995 997 2006 -
1032 1977 1096 2029 337.

60 2032 158 2101 Quam
175 2041 242 2095 etc.;
264 2042 329 2085 ante
345 2040 444 2085 cuncta
461 2031 604 2097 lustrabis,
619 2047 704 2100 quam
720 2034 805 2101 possit
823 2034 923 2087 urbem
941 2045 1000 2089 tuta
1016 2045 1095 2092 terra

60 2116 240 2170 componere.
276 2101 349 2152 Tuta
372 2109 466 2153 autem
483 2109 596 2172 propter
613 2100 750 2153 Thraciae
767 2110 795 2155 et
812 2101 911 2169 Cretae
928 2105 1094 2161 discrimina.

61 2196 96 2210 -
130 2176 193 2230 388.
210 2170 299 2238 Signa
316 2172 369 2221 tibi
387 2170 496 2233 dicam,
518 2170 595 2222 deest
612 2185 685 2238 ergo.
721 2171 757 2220 Et
773 2173 939 2239 notandum,
956 2175 1020 2242 quia
1037 2191 1094 2230 non

61 2256 95 2294 eo
120 2239 233 2304 ordine,
256 2253 310 2307 quo
334 2239 514 2309 promiserat,
538 2237 614 2289 dicits
646 2240 716 2290 Ante
739 2239 816 2291 enim
838 2239 905 2292 dicit
927 2242 961 2294 de
985 2242 1095 2298 civitate

61 2307 219 2365 condenda:
241 2307 280 2358 sic
299 2307 444 2373 (secundo)
461 2307 496 2359 de
511 2313 571 2358 tuta
587 2306 768 2373 navigatione.
786 2333 820 2347 -·
858 2315 919 2367 389.
936 2311 1038 2363 Secreti
1056 2313 1094 2369 aa

58 2377 194 2446 fluminis
221 2376 325 2426 undam
333 2397 342 2442 3
367 2376 385 2427 i.
403 2395 427 2428 e.
451 2373 585 2427 Tiberini.
619 2372 759 2438 Litareis,
787 2378 857 2431 litut
880 2378 995 2446 dicitnr,
1018 2376 1093 2460 quic·

60 2443 219 2514 qnidiuxta
235 2459 338 2512 aquam
356 2453 409 2496 est:
426 2445 498 2497 uude
516 2459 589 2496 nunc
605 2428 696 2513 ripam
713 2444 836 2501 fluminis
854 2449 924 2499 litus
941 2458 1094 2501 vocavit-

61 2517 121 2572 390.
138 2511 211 2576 Sum
236 2512 397 2566 naun-aliter
414 2511 497 2582 longa
514 2519 568 2564 est:
591 2511 654 2564 licet
676 2512 706 2564 in
723 2515 843 2580 genitivo
860 2517 1053 2586 corripiatur:·
1063 2525 1095 2569 ut

61 2584 127 2646 bot,
151 2597 217 2650 pet,
242 2598 300 2646 res,
324 2599 393 2649 spes.
428 2579 470 2633 De
492 2580 545 2632 hac
567 2587 662 2632 antem
686 2598 736 2631 sue
760 2583 807 2634 alii
824 2584 919 2636 dicunt
941 2585 1093 2638 secundum

61 2649 221 2732 Virgilium,
237 2648 450 2729 quodlinitalia
467 2650 577 2728 inventa
593 2648 642 2699 sit:
659 2648 714 2714 alii,
769 2651 805 2703 od
821 2668 915 2733 secum
932 2670 995 2705 eam
1013 2670 1095 2734 more

61 2719 378 2840 suffixit
395 2724 631 2850 utilitum?
650 2733 771 2840 5:303113
789 2719 1095 2858 mittimini

62 2855 178 2909 macuta.
218 2854 327 2906 Dicitur
350 2869 417 2922 crgo
440 2856 471 2907 in
496 2851 702 2921 Campanisdm]
723 2854 839 2924 fugisse:
872 2866 900 2910 et
922 2859 1032 2911 inventa
1062 2861 1093 2914 in

9 2926 14 2987 l
63 2922 268 2977 Laurolauinio:
297 2941 314 2974 a
336 2939 392 2991 qua
414 2921 544 2974 Ascanius
574 2928 636 2992 post
659 2922 745 2975 Albae
768 2940 872 2978 nomen
894 2926 1033 2995 imposuit
1056 2953 1092 2970 ·-

9 2990 14 3051 ξ
64 2998 122 3051 391.
147 2990 282 3060 Triginta
306 2994 429 3058 capitum
449 2991 548 3070 foetus
575 2991 676 3054 enisa,-
703 2992 857 3061 prodigialc
881 3002 923 3047 est
945 2995 1014 3062 hoc,
1037 3014 1092 3067 quo
1174 3036 1177 3043 .

64 3060 230 3181 Ἢᾶοαῐιιι·
252 3059 366 3126 triginta
387 3075 470 3112 ⁹sums
492 3074 523 3110 re
563 3065 657 3110 aursus
679 3058 772 3126 [esse]
794 3063 932 3116 Ascanius.
955 3091 991 3104 -
1030 3072 1092 3126 392,

65 3129 75 3197 [
121 3130 136 3180 i
161 3130 267 3179 circum
292 3129 480 3187 ubera·nati;
528 3142 594 3178 arro
618 3125 699 3190 dicit,
723 3128 807 3180 etiam
830 3131 884 3182 hoc
906 3132 976 3198 signi
1000 3133 1093 3202 fuisse,

500 3194 762 3315 {istratus
980 3217 1093 3328 ,nur
1163 3268 1168 3275 ,

170 3300 179 3329 3
888 3306 894 3320 ¹
912 3294 946 3308 “
1035 3308 1042 3324 e

9 3304 16 3375 i
67 3332 139 3386 lorus
157 3335 238 3385 urbis
257 3335 325 3397 erit;
343 3332 361 3383 i.
374 3352 413 3399 e.‚
428 3333 456 3384 in
473 3331 534 3400 ipsa
550 3330 678 3398 regione:
694 3349 761 3385 nam
778 3343 806 3386 et
842 3336 964 3389 annium
981 3347 1009 3391 et
1019 3338 1091 3392 Alba

9 3396 16 3457 ·,“
66 3399 142 3523 ῑἭ
163 3417 182 3453 a
204 3402 285 3454 litore
309 3409 379 3453 sunt
420 3401 557 3469 Requies5
582 3414 712 3452 errorum
733 3400 851 3470 scilicet,
881 3405 993 3475 aloquin
1017 3405 1091 3460 bello

8 3500 15 3523 r
66 3484 94 3520 co
134 3469 233 3522 'ctatut
256 3478 303 3523 est.
328 3496 362 3510 ·-
410 3473 472 3528 394.
495 3466 648 3531 Homerum
677 3485 728 3540 pro
750 3469 921 3538 horrueris]
946 3500 980 3513 -
1028 3481 1090 3536 395.

8 3526 17 3589 ἶ
69 3534 160 3602 Viam3
177 3539 196 3590 i,
214 3556 238 3591 e.
255 3539 407 3591 rationem:
431 3545 459 3588 et
474 3553 531 3588 non
549 3537 616 3588 dicit
631 3554 733 3606 msam,
753 3539 819 3607 quia
843 3542 928 3595 etiam
944 3543 1090 3614 profutura

8 3606 18 3667 [ξ
66 3614 100 3659 αι
113 3608 266 3661 funem-ut
282 3612 318 3675 (7,
336 3606 419 3667 129.):
435 3603 513 3655 Haec
531 3617 591 3656 erat
608 3607 660 3659 illa
671 3607 784 3676 fames.-
802 3609 870 3660 haec
888 3628 939 3663 nos
954 3612 1088 3679 suprema

8 3672 17 3727 ἱ.
66 3678 203 3740 manebat,
225 3675 331 3726 Exitiis
355 3676 484 3741 positura
510 3675 630 3729 madum.
665 3676 813 3743 Aderitque
838 3693 954 3731 uocatus
971 3683 1088 3749 appello,-

64 3760 129 3797 nme
146 3757 279 3810 vocatus,
301 3745 380 3813 quia,
403 3750 433 3793 ut
456 3743 637 3811 snpra.(370.)
660 3743 791 3812 diximus,
813 3746 996 3814 expiatorinm
1019 3751 1087 3802 fecit

63 3813 230 3869 fflfieimn,
247 3839 282 3850 -
322 3818 383 3871 396.
405 3810 468 3862 Has
493 3824 585 3862 autem
610 3826 715 3875 terras;
740 3814 816 3879 quasi
840 3817 1007 3870 ostendentis
1031 3828 1087 3872 est:

63 3897 107 3935 nec
123 3883 202 3936 enim
219 3880 348 3933 Calabria
365 3880 400 3933 ab
416 3881 502 3947 Epiro
525 3881 609 3949 longo
626 3881 707 3932 distat
724 3883 819 3948 spatio.
836 3908 870 3921 ··-
904 3891 965 3944 397.
984 3885 1087 3938 Nostri

64 3948 204 4019 aequorisj
220 3949 369 4020 Epirotici,
386 3965 450 4016 quo,
458 3949 603 4002 Calabriae
620 3949 682 3999 litus
700 3949 816 4002 alluitur.
835 3977 869 3991 -
903 3960 964 4012 398,
980 3954 1085 4024 [Malis

17 4044 32 4091 ¹-
64 4016 173 4089 erasti,-
190 4026 238 4074 aut
254 4036 272 4074 a
289 4026 407 4090 persona
419 4021 527 4075 Aeneas
543 4017 685 4090 epitheton
702 4025 756 4086 est,
774 4027 821 4074 aut
837 4021 872 4078 ad
888 4021 1082 4080 &cretionem

8 4170 15 4209 i
