2454 4500
191 280 228 323 na
252 260 604 329 numantinum.
627 263 706 324 LIB.
720 263 774 336 lv,
796 269 947 334 72-8s
1025 269 1091 335 257

70 444 220 497 nnomina
236 443 359 497 verbalia
375 445 483 513 agentis
506 445 628 499 habeant
644 444 886 515 significationem,
910 463 961 516 pro
984 448 1090 516 passiva

67 512 256 579 tigrrificatione
272 514 436 585 plerumque
453 522 601 581 ponuntur.
634 514 766 583 [Quidam
783 518 896 566 nescius
913 516 947 568 ad
964 521 1087 569 Aeneam

67 582 180 633 resonant
192 580 241 651 qui
258 582 345 634 nescit
357 598 453 634 amore
466 598 515 633 suo
529 583 699 634 vulneratam
712 582 858 649 reginam]
875 584 955 652 Fuga
963 608 973 647 ‚-
990 601 1086 639 cursu:

67 649 152 769 iffi.
170 656 204 716 3,
218 649 308 714 201.):
332 650 423 701 Simul
440 668 509 701 arva
521 650 615 719 sagn,
640 652 726 703 simul
743 668 865 717 aeqnora
884 656 977 705 verrit.
1011 653 1085 705 Nam

67 724 107 769 nte
130 719 136 729 '

137 734 208 787 gere
224 734 282 769 non
299 732 440 789 possumus
452 719 572 789 fugam,
589 735 653 770 eum
670 720 742 772 dicat
758 734 897 786 peragrat.
932 720 1084 787 Peragrare
1122 766 1127 773 .

67 784 127 839 uim
154 794 197 840 est
226 787 375 839 circumire
405 786 580 854 inquirendo.
606 814 638 824 -
686 796 729 843 73.
754 787 904 852 Dictares‚·
928 790 1083 842 Cretenses.

67 852 156 907 {errae
171 854 332 909 vulneratae
349 855 520 907 dictamnum
538 856 581 922 (al.
598 856 800 921 dictarnnuem,
818 858 998 921 dietannum,
1025 859 1084 908 dic-

67 924 168 979 amam)
183 931 339 991 quaerunt,
363 923 427 991 [qua
444 931 551 991 gustata
568 924 645 976 ferae
663 923 819 976 udueribus
836 926 890 977 tela
907 925 1080 995 depellrmt:]

67 990 124 1043 uin
142 992 309 1045 duodecimo
326 991 408 1058 (414.)
424 991 556 1059 legimus:
582 992 648 1043 Nan
665 992 716 1043 illa
728 992 806 1059 feris
824 995 969 1061 incognita
987 997 1084 1063 capris

67 1054 201 1111 iramina.
238 1056 346 1111 Letnlis
364 1062 492 1122 arunde,·
517 1068 630 1127 propter
648 1060 771 1111 futurum
790 1076 873 1114 omen
888 1064 1019 1129 Didonis,
1042 1064 1084 1130 [et

67 1127 215 1181 dmiranda
238 1129 320 1195 copia
341 1128 484 1196 loquendi,
506 1128 593 1181 letalis
616 1129 737 1192 araride,
758 1130 872 1197 sagitta,
896 1131 1004 1184 volatile
1026 1133 1084 1185 ier-

67 1196 130 1263 nen]
148 1224 185 1235 -
218 1204 264 1257 75.
280 1196 430 1257 Sidonias3
455 1197 654 1263 Pygmalionis,
675 1196 718 1248 vel
733 1195 848 1249 Sichaei.
877 1198 973 1315 {de
997 1216 1082 1271 supra

67 1263 251 1332 it(1.,369.):
274 1265 363 1316 Avari
380 1263 574 1333 Pygmalionis
599 1280 677 1330 apes,
705 1272 733 1316 et
757 1265 852 1333 (359.):
913 1280 1009 1319 notum
1033 1288 1081 1320 ar-

67 1335 126 1383 enti
141 1333 256 1400 pondus
280 1346 306 1384 et
321 1335 403 1399 auri,
426 1341 455 1385 et
477 1333 531 1384 hoc
556 1334 680 1387 addittun
702 1342 816 1404 propter
839 1286 911 1387 illud
931 1339 974 1402 (1,
993 1339 1081 1402 599.):

67 1376 193 1453 inanibus
218 1402 370 1453 exhaustas
395 1404 452 1451 iam
477 1404 593 1452 casibus
619 1404 744 1453 emnium
770 1402 889 1469 egenos]
927 1403 1081 1486 Urbemque

67 1482 195 1535 raratam3
212 1484 342 1537 parntem
359 1468 394 1521 ad
410 1468 477 1521 illud
493 1471 628 1540 pertinet,
646 1471 720 1536 quod
735 1472 839 1522 Aeneas
856 1480 970 1542 propter
988 1474 1081 1528 civita-

67 1555 107 1591 em
123 1541 244 1607 arrigat.
278 1538 325 1607 [Et
340 1539 435 1590 onmia
452 1539 477 1589 ei
495 1538 613 1590 ostendit
628 1537 700 1589 Dido
718 1538 815 1606 quibus
832 1539 916 1609 possit
931 1540 1080 1607 inducere;

67 1615 80 1658 et
93 1620 222 1676 paratam
237 1608 302 1661 ideo
319 1614 350 1657 ut
365 1608 400 1657 sit
421 1606 594 1677 impendium
611 1607 804 1674 quaerentibus
827 1605 923 1672 sedes]
958 1607 1011 1660 Sed
1032 1610 1081 1665 alii

67 1684 158 1728 norent
173 1677 364 1745 quaestionem
381 1676 519 1744 quomodo
537 1686 681 1741 paratam,
705 1690 769 1724 cum
787 1676 867 1744 paulo
885 1682 946 1744 post
962 1676 1080 1732 inferatz

67 1740 277 1813 tendent-opera
303 1747 475 1810 interrupta,
505 1746 651 1810 minaeque
676 1742 844 1792 murorum?
870 1742 923 1795 Sed
946 1757 1078 1809 paratum

67 1821 136 1865 roten
158 1813 229 1877 dici,
252 1813 297 1864 cui
319 1814 403 1864 etiam
427 1812 569 1881 paululum
592 1817 728 1880 superest:
753 1811 824 1862 mide
849 1820 902 1864 est:
924 1811 1077 1881 Minaeque

67 1897 194 1934 nurerum
212 1885 347 1949 ingentes.
383 1881 472 1949 [Nam
496 1879 559 1930 ideo
577 1879 643 1929 aiibi
661 1878 757 1942 (655.);
784 1879 883 1929 Urbem
899 1880 1077 1959 praeclaram

67 1954 150 2016 tarni,
180 1968 242 2001 men
268 1951 378 2000 moenia
402 1946 547 2012 vidtt-
589 1953 631 2005 76.
661 1947 767 2014 Incipit
789 1955 856 2009 etc.;
885 1964 925 1999 slc
948 1950 1078 2003 Horatius

67 2019 202 2084 Sumit,
220 2025 246 2085 1,
263 2018 331 2080 35.):
351 2017 409 2067 Cur
419 2014 552 2086 facunda
570 2032 671 2083 parum
690 2016 788 2066 decoro
807 2018 880 2068 inter
897 2017 980 2066 verba
999 2020 1076 2071 cadit

67 2089 146 2156 ingara
165 2085 305 2139 silentio?
322 2112 357 2125 -
390 2095 433 2143 77.
453 2082 575 2134 Labente
593 2082 654 2150 din
680 2085 727 2151 [ad
744 2083 864 2135 convivia
880 2085 990 2149 retulit,
1013 2104 1078 2157 per-

67 2166 186 2226 agratum
207 2156 314 2223 (Burm.
332 2154 404 2206 coni.
421 2171 491 2221 quae
510 2157 650 2219 integrare
667 2150 791 2220 gratnm)
810 2151 861 2217 est]
884 2153 949 2221 quia
971 2155 1001 2205 in
1024 2172 1076 2207 tun

67 2232 199 2279 onerant
214 2223 345 2294 prandia:
363 2231 393 2273 ut
408 2221 541 2273 Iuvenalis
559 2224 595 2288 (1,
612 2221 681 2283 49.):
697 2221 772 2270 Exul
790 2222 825 2270 ab
845 2232 941 2271 octava
959 2221 1076 2275 Marius

68 2296 123 2346 ibit.
136 2322 173 2334 ·-·
207 2297 252 2349 78.
269 2291 405 2355 Demens,¹
424 2292 488 2359 quia
505 2308 538 2340 ea
555 2305 626 2357 quae
643 2297 765 2354 noverat,
781 2289 877 2340 audire
893 2306 927 2339 cu
947 2290 1075 2344 iehan-

67 2368 88 2421 9.
110 2362 269 2415 Narrantis
292 2361 326 2411 ab
353 2378 415 2424 ore,·
446 2367 475 2409 ut
499 2375 564 2410 eum
585 2358 747 2409 intueretur.
796 2357 832 2407 Et
854 2357 908 2408 hoc
928 2309 1007 2417 ioco¹
1023 2376 1076 2427 per

67 2432 139 2484 mnia
162 2428 283 2483 amantis
300 2431 413 2497 affectus
435 2427 604 2497 exprimitur.
623 2453 656 2462 -
691 2431 734 2482 80.
753 2425 882 2476 Obscura
901 2427 970 2476 inne
979 2450 989 2491 ,-
1012 2426 1030 2481 i.
1048 2447 1072 2481 e.

67 2516 103 2563 oa.
125 2500 214 2555 ,Nam
237 2497 308 2551 nihil
330 2505 389 2548 tam
412 2498 583 2547 eontrarium
607 2494 702 2546 Lunae
727 2500 782 2557 est,
805 2510 889 2561 quam
913 2494 1074 2550 obscuritas.

67 2578 106 2621 tut
121 2568 187 2622 ideo
205 2581 273 2632 nox,
291 2568 410 2618 obseura
428 2564 522 2627 Luna,
539 2563 604 2630 quia
620 2580 671 2614 nec
688 2577 807 2629 semper,
823 2579 875 2614 nec
892 2563 991 2615 eadem
1004 2563 1075 2618 hora

67 2639 140 2690 itur.
174 2634 225 2688 Vel
248 2635 327 2686 altius
350 2633 487 2700 intelligit.
522 2632 594 2681 Gum
618 2648 670 2698 per
693 2647 722 2681 se
745 2630 810 2701 luna
832 2646 930 2700 corpus
954 2646 1074 2700 opacum

67 2705 191 2769 t3¹undc
208 2706 295 2770 tuna,
319 2704 369 2754 lus
388 2704 482 2753 aliena
500 2698 614 2761 dicitur3
640 2717 656 2750 a
672 2699 729 2749 soie
753 2698 828 2749 enirn
845 2699 941 2751 lumen
959 2700 1074 2776 accipit3

67 2777 115 2828 ade
133 2781 162 2827 et
178 2772 286 2825 Graece
304 2766 414 2838 αελὴνη,
452 2769 506 2819 uod
522 2764 609 2831 aiios,
627 2767 645 2822 i.
663 2785 686 2819 e.
703 2766 794 2817 lucem
811 2766 912 2820 habeat
929 2761 999 2832 ἅνω,
1015 2787 1032 2819 1.
1049 2787 1074 2821 e.

67 2860 179 2913 perne,
202 2840 229 2894 h.
243 2859 272 2901 e.
289 2859 306 2894 a
322 2842 386 2892 sole.
425 2788 558 2888 tgicissim
584 2843 677 2886 sutem
698 2834 761 2885 ideo
778 2835 844 2901 quia
866 2848 918 2902 per
935 2835 1010 2887 diem
1029 2836 1075 2889 Sol

67 2920 127 2977 eet,
142 2906 191 2962 illi
208 2925 259 2977 per
276 2918 401 2973 noctem,
423 2922 490 2974 ergo
509 2918 645 2973 apparens
662 2903 785 2953 divinum
801 2901 911 2968 lumen,
927 2902 945 2952 i.
963 2921 988 2956 e.
1005 2902 1074 2956 Solis

67 2981 179 3051 primis.
217 2980 260 3029 An
283 2979 343 3049 ipsa
366 2976 446 3027 Luna
469 2989 549 3025 suum
571 2972 666 3023 lumen
688 2970 819 3039 reprimit
842 2969 969 3022 occidens
992 2980 1021 3023 et
1042 2989 1073 3025 se

67 3051 213 3117 securam]
229 3072 264 3083 -
297 3052 341 3104 82.
360 3045 443 3108 Sola,·
470 3042 529 3094 sine
554 3056 586 3092 eo
611 3055 694 3106 quem
719 3038 839 3089 amabat.
878 3040 953 3090 Nam
975 3041 1075 3108 regina
1136 3082 1138 3087 .

67 3120 96 3173 la
114 3133 174 3170 esse
198 3130 255 3166 non
273 3120 389 3182 poterat.
424 3113 472 3162 Est
489 3119 582 3162 autem
600 3108 702 3171 Plauti,
726 3107 773 3174 qui
790 3104 897 3159 inducit
911 3106 985 3159 inter
1002 3109 1074 3160 mul·

67 3206 80 3240 s
108 3192 267 3238 amatorem
291 3183 410 3254 positum
434 3180 574 3231 dicentem
597 3176 670 3245 quod
694 3176 765 3226 solus
789 3175 830 3225 sit.
866 3176 913 3242 [Ut
928 3175 987 3247 ipsq
1003 3176 1074 3228 alibi

67 3260 81 3310 ',.
100 3262 151 3322 10,
168 3252 237 3317 48.);
256 3252 304 3302 Me
321 3255 383 3302 sine
401 3250 462 3301 sola
481 3248 574 3311 vides,
591 3260 677 3313 qssam
695 3242 838 3294 constabat
854 3245 965 3294 Antonii
983 3252 1074 3296 castra

67 3324 218 3388 smitatam,
234 3321 282 3374 sed
298 3320 362 3372 Sola
382 3319 440 3370 sine
458 3323 583 3368 amatore
599 3311 668 3377 suo]
702 3309 822 3375 Moeret3
842 3311 864 3361 si
881 3310 1073 3378 diphthongon

67 3394 156 3458 abeat,
173 3400 205 3442 ut
220 3391 274 3441 hoc
290 3389 360 3454 loce,
378 3389 468 3439 tristis
488 3396 527 3434 est
543 3381 692 3451 significat:
711 3381 792 3432 aliter
810 3379 914 3430 militat
929 3380 1075 3448 signifieat,

67 3458 238 3532 ;[Lucanus]
263 3461 325 3525 (10,
341 3457 427 3517 409.):
452 3453 518 3504 Aere
537 3463 640 3503 merent
657 3469 752 3517 parvo.
789 3448 860 3500 Sane
877 3465 982 3500 mereor
999 3449 1074 3503 aliud

68 3540 88 3583 t.
124 3527 254 3601 [Vnena,·
277 3534 326 3577 aut
348 3525 407 3576 sinc
432 3525 524 3575 Aenea
547 3529 576 3572 et
599 3519 742 3580 Troianis3
773 3526 820 3568 aut
842 3532 959 3585 magna,
983 3525 1013 3568 ut
1036 3520 1074 3585 (7,

67 3598 127 3661 r9,):
155 3599 252 3647 Vacua
271 3598 345 3646 atria
364 3596 471 3644 circum
490 3590 595 3640 Intenti
613 3589 688 3639 ludo.
726 3587 862 3648 Relictis,·
887 3594 979 3656 potest
993 3587 1073 3640 intel·

67 3666 141 3738 giab
159 3670 260 3719 Aenea.
277 3690 310 3723 ,-
346 3670 389 3720 83.
407 3659 541 3723 Incuban-
560 3658 635 3726 quasi
652 3655 757 3720 invita]
790 3655 896 3709 Absens
914 3656 1053 3707 absentem
1062 3678 1072 3720 ,·
1168 3695 1169 3698 ,

67 3753 139 3790 num
151 3735 303 3786 sufficeret.
337 3731 381 3783 Sic
400 3732 463 3796 (10,
480 3728 566 3786 600.);
590 3725 624 3776 Et
641 3724 764 3793 fratrem
789 3741 822 3773 ne
847 3722 939 3774 desere
958 3723 1075 3793 frater]

67 3805 186 3860 stantius
211 3802 296 3868 (Adel.
314 3805 345 3866 A,
363 3807 394 3864 5,
412 3798 481 3861 340:
508 3796 642 3846 Praesens
668 3805 838 3859 praesentem
858 3795 944 3860 eripi,
968 3791 1074 3849 abduci
1147 3848 1152 3861 ⁸

67 3895 71 3920 r
98 3875 200 3926 oculis.
219 3900 252 3908 ——
297 3875 340 3926 84.
359 3869 485 3934 imagine
510 3879 606 3932 capta,·
632 3862 667 3912 ob
692 3862 778 3913 amisti
803 3860 1020 3914 similitudinem.
1038 3886 1073 3900 -

67 3953 80 3999 t.
105 3941 299 4013 [infandum
324 3939 398 3988 iuxta
424 3934 556 3987 iudicium
579 3931 693 4000 reginae
718 3939 748 3981 ut
772 3928 818 3981 ilia
841 3929 993 3995 sentiebat,
1017 3932 1075 3982 vult

67 4029 113 4064 rm
130 4026 197 4066 eam
214 4009 311 4078 crdpae
328 4006 457 4060 eximere.
495 4004 547 4059 Alii
566 4000 734 4072 infandum,
752 3999 817 4068 quia
833 3998 893 4050 falli
909 4014 967 4052 non
983 4005 1075 4068 potest

88 4135 124 4209 ΙΙ
834 4119 868 4175 tt

922 4210 1079 4246 A*

1133 970 1142 997 Ι
