2454 4500
34 279 39 291 =
112 242 113 247 ‘
158 202 232 333 sis
407 259 558 323 -srnvn
580 243 943 341 connrursnms

163 456 275 502 etcum
298 444 444 499 arboribus
467 401 595 497 dicunuir
617 444 706 509 mori3
728 443 861 514 quocirca
886 453 918 498 et
933 439 1181 516 'Apudoiabstsmt

164 517 324 587 appellatae.
365 513 440 566 Sicut
462 521 558 566 autem
580 513 741 580 hominum,
761 521 793 566 et
815 512 917 566 r'erum
944 528 1077 584 potestas
1099 525 1145 579 est,
1160 532 1183 565 rr

163 583 399 656 quemadmodum
416 598 467 653 pro
483 597 550 649 rege
567 582 609 633 vel
625 583 789 650 magistratu
806 595 934 648 potestas
951 585 1030 635 solet
1046 582 1150 648 dicere]
1161 609 1182 619 -
1199 628 1202 633 .

166 659 209 713 19.
226 654 353 719 Namque
377 653 458 703 aliud
483 651 551 718 quid
574 657 627 718 sit;
652 668 683 701 ac
708 651 730 702 si
751 650 872 703 diceret:
899 668 969 702 cnm
996 668 1090 720 paene
1113 666 1192 703 otunu⁴

167 723 204 773 dii
227 723 258 775 in
280 722 404 773 favorem
420 719 529 772 Iunonis
553 720 743 771 concesserint.
783 717 918 787 Namque
943 720 1029 772 enim
1043 720 1184 772 ¹coniunctio

167 790 298 854 ostendit,
323 806 384 840 eam
401 788 473 839 hanc
490 786 618 839 habuisse
634 787 846 855 cogitationem
869 791 926 856 [est
944 795 1048 841 autem
1065 788 1184 858 parendo

167 857 222 924 sis]
263 858 431 926 implorare,-
455 856 605 920 implorare
629 862 683 919 est,
706 855 837 908 auxilium
860 871 930 907 cum
956 857 1140 909 miseratione
1156 857 1186 908 le

168 943 295 996 poscere:
311 940 365 994 qua
381 926 488 976 ratione
506 923 576 975 bene
595 923 722 975 dicimus:
745 924 867 990 imploro
890 936 916 974 te
936 937 972 975 ut
991 926 1136 976 auxilium
1150 926 1185 974 ni·
1206 922 1211 941 ⁵

169 1014 230 1047 sero
249 995 340 1064 seras.
374 994 490 1044 Contra:
515 982 636 1059 Im'ploro
661 994 739 1042 tend
761 993 833 1043 diem
853 992 987 1061 sessum,
1003 998 1074 1045 ‘non
1091 994 1188 1065 procedit
1213 966 1219 1047 i

167 1061 323 1134 [narratio]
340 1086 373 1098 —
403 1068 450 1123 git
471 1059 587 1125 Cernis;
613 1061 647 1111 ad
665 1060 821 1129 augendam
837 1060 977 1113 invidiam
996 1063 1040 1114 ait
1058 1066 1188 1127 cerair,'st
1207 1056 1219 1097 ·'

171 1134 193 1184 si
212 1132 330 1182 diceret:
353 1143 410 1179 non
434 1135 475 1180 est
492 1143 559 1195 opus
582 1130 756 1195 narratione,
780 1144 845 1181 cum
860 1128 1066 1183 Troianorum
1088 1131 1188 1182 missio

149 1201 228 1270 ,ipse
245 1197 404 1268 conspicias.
438 1196 578 1246 insultent
595 1192 701 1261 iutem,
723 1205 838 1264 propter
854 1197 927 1250 iilud
952 1197 1024 1266 [est]
1042 1202 1140 1266 (118ss
1159 1198 1190 1247 ls-

146 1273 243 1320 *serm
268 1266 370 1316 Rutuli
393 1266 489 1330 portis
506 1267 612 1314 circum
639 1267 768 1317 omnibus
794 1268 913 1316 instant.
951 1267 1103 1316 insultare
1119 1273 1190 1319 autem

169 1344 224 1399 est,
239 1332 358 1386 innnicis
373 1331 489 1384 irridere
507 1346 558 1398 per
575 1333 789 1394 cavillationem
812 1333 901 1402 [unde
927 1342 956 1385 et
975 1335 1085 1388 Graeci
1100 1332 1191 1398 inni

170 1405 298 1475 pirarios
320 1397 436 1464 vocant]
477 1399 614 1452 Exultore
637 1417 732 1467 vero„
745 1401 858 1468 gloriari
893 1410 923 1454 et
951 1402 1068 1456 laetum
1090 1422 1151 1457 esse.
1168 1429 1192 1440 -

74 1482 77 1487 ·
170 1478 215 1530 21.
240 1471 289 1522 Per
314 1469 436 1528 medias,
465 1483 527 1518 suos
556 1470 665 1521 scilicet.
708 1470 836 1536 Insignis
861 1473 964 1536 equis3
1000 1479 1118 1543 propter
1142 1471 1193 1524 illul

169 1545 217 1606 (9,
239 1537 313 1598 48.)ε
349 1536 458 1603 Viginti
481 1536 560 1588 lectis
584 1540 707 1603 equitum
732 1540 891 1589 comitatus.
934 1539 1014 1591 Nam
1040 1550 1128 1594 casua
1151 1556 1193 1592 sos

170 1613 254 1675 eques
269 1607 422 1675 irruperat3
447 1606 487 1673 [et
503 1606 680 1675 ambiguum,
696 1614 790 1658 utrum
807 1609 889 1673 equis
908 1609 1064 1676 insignis,
1080 1624 1116 1660 an
1131 1611 1193 1674 equis

164 1673 298 1746 scrutur]
332 1674 456 1725 Secundo
475 1686 579 1738 marte,-
603 1675 638 1726 ad
652 1675 720 1726 illud
736 1674 849 1743 respicit
866 1679 919 1741 (9,
936 1681 1034 1741 717.):
1055 1675 1114 1729 Hie
1129 1672 1193 1728 Mors

171 1747 342 1809 armipotens
373 1744 486 1793 animos
515 1743 608 1808 (codd.
633 1746 735 1811 omnip.
760 1743 907 1804 animum)
933 1747 1073 1812 uiresque
1096 1744 1193 1797 Latinis

170 1814 293 1863 Addidit.
312 1836 346 1848 ·-
380 1819 424 1866 22.
442 1809 535 1875 fluat,
551 1811 647 1863 irruat.
683 1812 786 1862 Clausa
806 1815 936 1876 moestia,
963 1815 1016 1881 [ad
1033 1816 1192 1884 quaeines·

169 1881 266 1933 tremis
290 1879 379 1931 solent
401 1878 496 1928 afflicti
519 1877 688 1947 confugere]
727 1879 832 1948 Magna
854 1876 962 1932 invidia
988 1880 1065 1950 [ests]
1107 1882 1193 1934 Scimu

171 1951 262 2014 enim,
284 1947 413 1998 ultimum
436 1961 494 1997 esse
516 1947 699 2017 praesidinm,
721 1946 749 2000 in
768 1956 858 2000 castra
882 1950 1063 2018 confugere,
1086 1959 1114 2004 et
1128 1952 1192 2004 tao

169 2019 227 2071 lem
257 2016 394 2086 impetum
421 2014 587 2083 plerumque
606 2016 744 2079 'differre3
774 2017 844 2067 siem
872 2019 984 2068 sactum
1019 2028 1064 2072 est
1085 2021 1115 2071 in
1136 2019 1192 2072 bello

170 2085 301 2137 Troiano.
343 2082 428 2134 Modo
453 2098 519 2149 ergo
544 2083 625 2148 dicit,
655 2086 811 2154 ademptam
833 2102 893 2137 esse
918 2087 1013 2138 etism
1038 2089 1110 2140 hanc
1132 2103 1191 2139 ann

170 2152 212 2216 (L.
229 2155 259 2203 V.
277 2164 396 2219 portem,
420 2150 510 2202 Gueli.
527 2152 559 2202 ΙΙ.
579 2169 649 2217 nm,
666 2153 698 2202 R.
717 2156 848 2218 rammis,
870 2155 932 2204 Vos.
953 2157 1082 2217 romnis)
1096 2157 1190 2207 miseri·

171 2222 295 2282 cordiae;
325 2220 461 2287 siquidem
486 2220 560 2270 intra
583 2237 676 2271 muros
700 2222 782 2272 hostis
807 2222 926 2273 insultat.
955 2251 995 2261 —-
1045 2234 1089 2282 23.
1115 2225 1189 2289 Quin,-

169 2292 332 2358 qninetiem.
367 2289 456 2351 Ipsis,-
475 2289 502 2338 in
520 2288 592 2354 ipsis.
628 2290 784 2356 Aggeribus
803 2299 913 2356 nutem,
930 2294 1143 2356 munitionibus,
1157 2294 1189 2344 sed

169 2359 287 2409 abusive.
323 2358 357 2405 Et
381 2357 409 2405 in
436 2355 522 2404 muris
540 2357 616 2422 idco,
641 2360 704 2426 qnia
722 2376 803 2429 supra
820 2360 886 2410 dixit
903 2364 954 2423 (9,
973 2362 1064 2422 766.);
1090 2364 1187 2428 ignaros

168 2427 266 2476 deinde
286 2427 317 2474 in
336 2425 441 2487 muris,
465 2423 638 2490 Martemque
657 2430 765 2476 cientes.
783 2456 815 2464 -
850 2433 894 2484 24.
913 2430 1095 2495 Aggeribus,-
1121 2448 1187 2497 agger
1215 2446 1218 2455 ·

168 2493 280 2562 proprie
306 2492 405 2543 dicitur
429 2499 504 2542 terra
527 2494 573 2543 illa
597 2511 667 2562 quae
684 2496 754 2545 vallo
776 2498 847 2546 fecto
864 2499 985 2565 propius
1012 2500 1134 2566 ponitur:
1154 2497 1187 2548 sod
1211 2486 1217 2531 ¹³

168 2562 277 2614 abusive
297 2567 324 2611 et
341 2575 435 2609 muros
461 2567 488 2610 et
506 2561 679 2612 munimenta
698 2564 790 2614 omnia
814 2579 948 2629 aggerem
969 2567 1098 2616 dicimus.
1131 2566 1186 2617 Sicut
1211 2546 1215 2605 i

167 2632 265 2681 modo:
290 2629 447 2695 Aggeribus
472 2647 643 2695 moerorum,
671 2647 722 2696 pro
745 2633 933 2683 munimentis.
972 2634 1134 2685 Moesorum
1148 2649 1185 2703 pro
1209 2618 1213 2709 ,Ι

167 2714 314 2750 murorum
339 2695 538 2763 antique[a1't].
573 2699 644 2748 Nam
670 2707 771 2750 veteres
795 2700 926 2768 pleraque
945 2718 1052 2753 eorum
1070 2721 1135 2770 qliae
1149 2718 1185 2752 nos
1208 2716 1211 2749 ι

164 2785 216 2837 per
242 2784 259 2814 u
284 2767 413 2827 dicimus,
445 2781 495 2831 per
521 2783 550 2814 oe
574 2765 762 2835 diphthongon
792 2768 1025 2834 pronuntiabant.
1074 2773 1137 2823 Hinc
1156 2777 1185 2820 est
1207 2772 1211 2791 ¹

168 2852 338 2898 moerorum,
363 2848 413 2899 pro
434 2850 587 2882 murorum.
622 2835 657 2884 Et
674 2844 785 2885 econtra
801 2840 890 2902 punio
917 2853 972 2903 pro
992 2842 1106 2906 poenio,
1128 2838 1183 2906 quod

165 2905 281 2954 verbum
304 2921 321 2953 a
345 2917 434 2966 poena
458 2901 544 2963 venit,
569 2903 661 2968 [quod
685 2903 824 2954 Graecum
848 2912 888 2956 est
913 2907 1099 2972 vocabulum,
1120 2904 1183 2970 notri

166 2967 291 3032 dictum]
324 2971 395 3019 Hinc
414 2976 455 3018 est
472 2975 519 3033 (1,
537 2969 625 3031 338.):
650 2970 758 3020 Punica
783 2990 868 3038 regno
887 2974 988 3024 vides.-
1005 2991 1080 3026 >cum
1097 2977 1181 3028 Poenos

165 3038 268 3104 ubique
284 3037 447 3103 legerimus:
466 3037 519 3087 hoc
530 3036 630 3088 'nutem
647 3039 713 3089 iacit
729 3039 860 3106 [Graeca]
879 3041 1094 3111 orthographia.
1127 3046 1180 3095 Nau

164 3123 250 3226 Hiram
273 3105 381 3171 (Guelf.
407 3105 426 3154 I.
451 3105 483 3154 Π,
515 3123 585 3172 quoe
610 3123 709 3156 canam
736 3108 832 3174 quam)
856 3125 906 3158 nos
932 3127 953 3158 u
980 3112 1129 3178 hahemus,
1154 3111 1181 3162 illi

183 3175 354 3242 iphthongon
378 3172 482 3223 habent
503 3193 550 3224 ov:
576 3181 605 3225 et
628 3175 691 3225 ideo
714 3184 846 3242 putarunt
867 3192 948 3246 posse
974 3197 1027 3248 pro
1046 3183 1098 3231 hec
1121 3182 1180 3231 litera

163 3243 229 3294 licet
245 3256 301 3292 non
318 3241 417 3292 eadem
436 3241 477 3306 (L.
493 3244 551 3292 Vos.
570 3244 703 3306 eandem),
720 3245 908 3314 diphthongon
926 3248 1007 3315 poni.
1041 3248 1180 3303 inundant:

163 3311 339 3379 implent,et
356 3309 491 3360 inundare
507 3312 618 3362 faciunt.
636 3339 670 3348 -
705 3320 748 3369 25.
764 3314 881 3380 [Aeneas
900 3317 1028 3381 ignarus
1048 3321 1135 3380 obest‚·
1155 3334 1178 3367 oe
1207 3332 1211 3345 ¹

163 3379 264 3430 merito
290 3378 412 3428 videatur
436 3379 507 3445 peti3
539 3397 628 3445 neque
651 3380 725 3430 enim
748 3390 838 3450 potest
861 3382 948 3433 videri
973 3385 1073 3438 fecisse
1096 3387 1177 3437 bellun
1206 3418 1210 3429 .

162 3446 210 3514 qui
227 3448 331 3496 factum
349 3460 406 3495 esse
423 3445 547 3511 ignorat,
571 3456 618 3498 nsit
635 3448 688 3500 hoc
712 3449 770 3515 ipso
789 3451 971 3517 miserabilis,
996 3454 1065 3520 quia
1088 3457 1177 3523 ignens
1207 3502 1210 3507 .

162 3513 304 3577 excessua]
346 3511 450 3563 Levan'
475 3514 633 3566 Obsidione
656 3517 755 3566 sines?
781 3519 903 3568 liberari.
948 3521 985 3570 Et
1010 3522 1122 3590 oblique
1144 3537 1176 3589 prr

161 3578 253 3631 lovem
277 3581 409 3632 invidiam
434 3592 590 3635 commovet
611 3585 718 3635 Iunoni.
740 3612 774 3621 ·-
815 3595 858 3642 27.
881 3585 1053 3653 [Nascentis
1081 3592 1176 3649 Troiae,

161 3646 309 3711 invidiose,
331 3650 395 3717 quia
412 3648 470 3699 iam
487 3651 573 3701 ruinis
590 3654 774 3722 periclitatur,
795 3670 865 3722 quae
890 3657 977 3707 modo
1003 3660 1143 3724 nascitur]
1155 3680 1175 3694 -

159 3719 204 3771 28.
222 3716 326 3766 Aetolis
344 3728 439 3783 surget
457 3720 490 3768 ab
510 3722 609 3786 Arpis,·
634 3723 710 3788 atqui
727 3739 784 3772 non
801 3731 842 3774 est
858 3732 999 3775 venturus.
1035 3729 1112 3780 Unde
1127 3726 1175 3778 arri-

143 3782 279 3850 ,piamun
301 3785 439 3836 Venerem
464 3803 519 3836 non
545 3788 622 3855 qnasi
646 3790 727 3840 deam
750 3792 839 3858 loqui:
868 3792 916 3842 sed
940 3795 1021 3860 quasi
1055 3813 1134 3848 unam
1154 3796 1174 3843 de

159 3850 299 3912 Troianis,
324 3860 353 3900 ut
378 3852 407 3903 in
425 3853 517 3923 primo
543 3856 645 3920 (251.):
672 3858 764 3907 Unius
783 3862 814 3910 ob
835 3862 909 3909 iram
928 3861 1093 3917 Prodimur.
1123 3867 1175 3914 hem

158 3917 253 3981 (252.):
272 3919 349 3968 Coeli
365 3924 469 3986 quibus
488 3929 596 3974 urtnuis
614 3944 712 3975 arcem.
747 3928 788 3978 Ne
806 3930 901 3979 futura
914 3928 1050 3996 ignorare
1063 3936 1172 3986 videatur·
1211 3950 1214 3965 =

156 3985 263 4038 Aetolis
279 3994 373 4039 sutem
386 3990 470 4055 Arpis
486 3991 525 4043 sic
543 3993 623 4060 dixis,
640 4002 671 4046 ut
687 4001 721 4063 (6,
739 3995 789 4058 2.):
808 3996 914 4048 Cumas
931 3997 1088 4055 Euboicas.
1120 4003 1173 4051 Nan
