2454 4500
116 260 213 342 aro
380 266 521 335 staur
543 267 897 346 aonuuuramus

85 460 89 469 “
124 454 192 527 rior,
206 469 224 512 a
240 455 403 528 magistratu
420 456 496 511 muri
511 455 728 528 designarentur.
764 456 837 511 Nam
853 453 916 514 ideo
933 459 970 513 ad
988 473 1162 530 exauguran-

124 529 173 597 dat
195 528 237 582 vel
258 528 405 582 diruendas
429 528 551 581 civitates
574 537 699 599 aratrum
722 528 893 595 adhibitum,
922 537 954 581 ut
975 530 1082 582 eodem
1105 532 1159 582 ritu

123 608 179 666 quo
195 592 305 649 condita
322 596 508 649 subvertatur:
524 596 654 650 Horatius
670 600 777 666 (earm.
797 604 830 663 1,
846 602 895 663 16,
912 599 982 661 20.):
1000 597 1158 666 imprimas

21 663 24 671 '
54 670 57 675 '
89 717 92 722 ,
123 681 176 735 que
193 666 284 718 muris
308 660 409 718 bestilo
433 661 819 731 aratrum.]-—1213.Laci
843 668 916 734 leges
940 667 1089 730 dedimus3
1112 674 1158 719 aut

97 736 101 751 ¹
122 751 208 804 quam
222 733 400 786 tributariam
423 734 552 787 fecimus:
577 728 625 798 aut
648 735 695 786 cui
714 734 777 788 ideo
800 736 985 787 concessimus
1010 737 1157 798 civitatem,

121 803 200 855 utin
216 810 343 855 nostrum
358 803 465 855 veniret
487 799 713 868 matrimonium,
737 807 779 872 [ut
800 803 938 855 iusta'ira
960 803 1003 855 sit.
1040 803 1153 856 Canna-

121 873 187 937 bia5
204 869 250 924 hic
268 884 307 922 uu
324 869 453 940 produxit
469 882 535 922 cum
551 869 816 942 alibi⁴oorripuerit,
833 876 864 922 ut
881 871 978 937 (127.):
1005 871 1152 924 connubio

122 942 241 1009 iungam
267 936 393 1005 arabili]
433 934 556 1006 Nostra3
586 954 638 1009 pro
662 956 737 1002 mear
767 942 807 992 est
829 946 923 993 autam
948 935 1090 994 nobilium
1111 941 1154 994 hia

66 1058 71 1076 ,
120 1024 220 1062 sermo.
253 1007 297 1059 Sic
314 1006 457 1060 Numanus
474 1013 516 1076 (9,
531 1004 617 1073 bodl:
641 1009 685 1059 En
708 1012 760 1076 qai
784 1020 880 1059 nostra
906 1011 965 1060 ribi
990 1011 1063 1062 bello
1090 1025 1151 1062 can·

121 1080 210 1130 aubia
228 1082 348 1145 possunt
371 1081 452 1143 (nas,
466 1090 517 1147 pro
535 1079 604 1145 ego.)
632 1076 791 1130 Salluuios:
815 1077 878 1129 Nos
901 1079 1033 1129 intanta
1052 1081 1151 1131 dacria-

74 1150 80 1167 “
121 1140 259 1199 limarum
272 1145 418 1198 bominum
433 1148 523 1214 copia.
537 1171 572 1185 -
604 1152 668 1204 214.
687 1145 858 1208 Dominum
875 1152 907 1196 ut
918 1147 1046 1217 superius
1060 1148 1152 1215 (103.):

102 1215 220 1271 „Liceat
243 1207 365 1284 Phrygio
389 1217 502 1277 seruire,
519 1213 629 1267 marito.
668 1215 718 1265 Est
740 1220 835 1267 autem
859 1213 894 1266 dle
915 1215 978 1267 iure
1001 1215 1082 1285 quasi
1104 1230 1150 1284 per

119 1276 331 1355 corruptionem.
365 1279 524 1353 [Coimptio
539 1298 602 1335 vero
620 1279 703 1348 certis
714 1281 944 1335 sollemnitatibus
961 1284 1035 1353 apud
1051 1284 1152 1354 priscos

119 1353 305 1423 peragebatur
327 1346 358 1403 in
381 1351 569 1404 contrahendo
590 1351 785 1414 matrimoni03
808 1360 837 1403 et
859 1365 918 1404 sese
942 1354 1097 1406 coemendo
1114 1353 1151 1404 vir

86 1439 88 1447 ⁸
119 1429 148 1473 et
161 1426 228 1474 udor
241 1416 459 1488 interrogabant,
475 1421 515 1471 vir
531 1420 584 1473 ita:
601 1420 645 1470 An
662 1422 764 1472 mulier
781 1417 840 1472 sibi
857 1421 1079 1489 materfamilias
1096 1433 1151 1473 esst

120 1484 220 1542 vellet?
253 1489 303 1541 Illa
319 1489 474 1556 respondit:
496 1486 577 1540 Velle.
613 1491 685 1542 Item
701 1489 803 1541 mulier
819 1488 1028 1558 interrogabat:
1053 1489 1148 1542 Utrum

118 1561 164 1610 uir
194 1555 252 1610 sibi
283 1558 495 1626 paterfamilias
525 1570 584 1610 esse
614 1556 715 1609 vellet?
756 1553 806 1609 Ille
833 1559 1035 1624 respondebatr
1070 1559 1148 1611 Velle.

109 1627 211 1696 ,Itaque
234 1627 337 1680 mulier
358 1627 391 1678 in
413 1621 466 1679 viri
489 1639 608 1678 manum
631 1626 825 1692 conveniebat,
856 1635 884 1677 et
906 1627 1077 1681 vocabantur
1100 1628 1148 1680 hae

94 1694 231 1767 'nuptiae
254 1709 303 1762 per
328 1699 544 1763 to'e'mptionam5
576 1703 604 1748 et
636 1702 697 1747 erat
719 1695 820 1746 mulier
851 1695 1064 1749 materfamilias
1088 1697 1149 1761 vira,

115 1763 177 1816 loco
193 1764 275 1817 filiae.
308 1764 359 1815 Vel
375 1765 521 1815 dominum
538 1761 686 1829 maritum,
710 1771 740 1814 ut
762 1760 831 1814 alibi
853 1765 1014 1831 dominam,
1036 1780 1148 1818 uxorem

116 1835 160 1900 (6,
177 1830 266 1897 3970:
288 1812 330 1883 lii
347 1829 491 1884 dominam
510 1828 594 1897 ‹liris3
617 1840 646 1885 et
669 1840 709 1884 est
727 1822 810 1899 'qaeu
831 1832 981 1885 vehemens
1005 1835 1148 1898 accusatio,

65 1948 67 1953 .
115 1915 163 1971 me
179 1902 314 1953 niaritum
330 1897 450 1970 respuit,
467 1910 497 1955 et
512 1903 634 1955 Aeneam
650 1917 708 1953 non
723 1901 830 1966 viram,
847 1901 896 1952 sed
912 1901 1059 1954 dominum
1075 1917 1147 1955 rere·

115 1969 175 2034 pit]
187 1991 222 2008 ⁴-
244 1966 317 2029 ”215.
337 1969 434 2036 Paris3
452 1970 547 2022 similis
563 1969 670 2022 Paridi:
688 1967 739 2037 [et]
756 1968 859 2020 iniuria
877 1982 893 2018 a
910 1982 1037 2039 persona.
1076 1970 1149 2039 [iao-

115 2031 204 2092 brosis
221 2039 297 2091 enim
313 2052 370 2090 non
385 2034 493 2093 lenibus
509 2041 523 2072 *
539 2037 659 2105 (atriis,
676 2038 710 2088 al.
728 2055 769 2105 pr.
789 2054 832 2088 en.
852 2038 1028 2097 nominihus)
1046 2047 1147 2092 veteres

115 2105 238 2160 convicia
266 2107 409 2173 dicebaut,
438 2111 470 2158 ut
492 2104 645 2160 Sallustius:
676 2104 897 2176 Tyrannumque
928 2110 1080 2158 exciuitam
1112 2112 1147 2174 (et

118 2174 249 2236 Cinnam)
275 2180 399 2227 maxima
422 2191 487 2228 voce
512 2173 682 2244 appellans}
723 2175 760 2224 Et
783 2175 855 2227 bene
880 2171 978 2240 Paris,
1003 2177 1082 2244 quasi
1105 2176 1148 2243 qui

115 2243 221 2296 sustulit
243 2253 368 2314 pactam:
391 2242 430 2296 sic
454 2245 587 2297 Iuvenalis
611 2248 653 2309 (4,
670 2242 735 2304 38.)ε
760 2242 794 2292 Et
820 2246 898 2295 calvo
924 2249 1041 2296 serviret
1059 2245 1146 2296 Roma

94 2310 238 2377 Neroni,
263 2313 319 2382 [cui
342 2312 438 2365 similis
460 2328 511 2383 per
535 2313 667 2364 iniuriam
689 2311 866 2363 Domitianus
889 2313 969 2378 eret]
1012 2314 1146 2364 Semiviro

115 2385 266 2447 comitatu,·
284 2390 314 2432 ut
331 2384 368 2448 (9,
385 2382 469 2444 617.);
488 2379 514 2433 O
532 2399 613 2432 verae
631 2381 770 2447 Pbrygiae
781 2384 791 2430 l
811 2397 897 2449 neque
915 2386 991 2432 enim
1010 2377 1145 2450 Phryges,⁸

114 2451 143 2519 [i.
161 2469 184 2502 e.
202 2450 363 2504 effeminati.
396 2452 433 2501 Et
456 2450 529 2502 bene
552 2465 609 2501 non
635 2450 725 2500 solum
746 2448 822 2517 regi,
846 2451 894 2501 sed
918 2459 946 2502 et
961 2447 1042 2501 sociis
1060 2452 1146 2502 convi-

113 2518 189 2569 cium
205 2517 278 2571 facit.
313 2518 382 2571 Sane
399 2517 513 2588 quidam
529 2518 643 2570 tradunt
658 2518 719 2569 iure
737 2516 790 2568 hoc
804 2518 832 2568 in
846 2518 967 2588 Phrygas
982 2519 1097 2585 dictum,
1113 2518 1145 2570 ab

112 2585 177 2656 ipsis
201 2590 278 2641 euim
301 2588 394 2638 ferunt
417 2589 538 2658 coepisse
562 2594 655 2656 stupra
692 2587 844 2651 uenarum]
862 2610 897 2624 —-
931 2595 993 2646 215.
1011 2588 1145 2640 Maronia

114 2658 213 2719 mitra3
236 2654 335 2726 Lydia:
358 2671 426 2708 nam
448 2656 596 2708 utebantur
622 2663 650 2707 et
671 2605 792 2722 ihryges
816 2664 843 2706 et
865 2653 945 2724 Lydii
970 2660 1071 2725 mitra,
1095 2658 1145 2709 hoc

113 2732 166 2790 est,
182 2725 294 2778 incurvo
312 2721 398 2794 pileo:
415 2727 450 2778 de
467 2741 522 2792 quo
537 2722 676 2794 pendebat
689 2724 773 2775 etiarn
786 2724 937 2775 buccarum
951 2726 995 2792 (al.
1008 2724 1145 2792 bacchar,

112 2793 237 2855 baccar.)
267 2797 398 2863 tegimen.
440 2793 528 2862 [Sane
551 2790 649 2860 quibus
672 2793 843 2843 effeminatio
875 2793 986 2845 crimini
1016 2796 1143 2860 debetur,

112 2858 196 2914 etiam
214 2865 298 2914 mitra
316 2863 354 2916 eis
371 2861 594 2921 adscribebatur:
618 2861 705 2912 multa
723 2862 798 2912 enim
814 2861 895 2912 lectio
915 2865 1015 2914 mitras
1033 2867 1144 2932 proprie

111 2928 291 2983 meretricum
313 2946 371 2984 esse
388 2929 475 2983 docet.
509 2931 584 2998 Ergo
609 2947 641 2981 ex
664 2929 774 2980 habitus
790 2927 921 2997 qualitate
938 2941 1083 2985 mutuatur
1106 2934 1145 2985 in·

110 2999 227 3067 vidium,
250 3014 316 3052 eum
332 2992 409 3051 enim
425 3014 482 3051 non
504 2996 562 3050 iam
580 2993 784 3063 effeminatum,
807 3000 880 3050 velut
902 3001 1083 3069 meretricem
1101 3018 1144 3072 ap·

111 3069 211 3137 pellat,
234 3070 309 3138 quod
325 3073 366 3121 est
388 3064 496 3120 inimici
512 3083 568 3118 non
592 3067 716 3118 mulieris
740 3071 865 3132 tantum,
887 3070 1038 3121 sedetiam
1055 3087 1145 3123 mere·¹

111 3137 210 3190 tricem
233 3147 326 3204 vocat,
343 3152 407 3188 cum
422 3136 497 3188 sicut
516 3135 706 3205 supradictum
719 3141 773 3199 est,
791 3135 858 3186 elios
876 3135 1026 3189 insectetur
1039 3139 1142 3192 dicens:

112 3207 138 3259 O
157 3222 219 3258 nere
237 3206 391 3275 Pbrygiae,
413 3218 500 3274 neque
524 3209 599 3255 enim
622 3201 765 3270 Phryges]
801 3204 965 3273 Crinamque
990 3209 1143 3259 madentem

110 3273 256 3327 Subnixus
263 3298 272 3341 ,·
290 3278 397 3327 crinem
409 3280 612 3343 unguentatum
624 3270 769 3323 subnixum
781 3273 821 3339 [et
833 3274 1012 3343 subligatum]
1028 3276 1142 3330 habens.

104 3344 174 3413 {Aut
187 3346 337 3411 subnixus,
351 3340 451 3395 fiducia
464 3341 569 3406 elatus]
580 3367 615 3380 -
649 3347 710 3398 217.
725 3338 815 3408 Rapta
829 3344 917 3410 (codd.
929 3344 1025 3396 Burm.
1039 3345 1142 3413 Rapta)

110 3415 232 3480 potitur3
256 3421 349 3484 stupro
371 3408 481 3464 fruitur.
514 3406 587 3461 Nam
604 3411 717 3481 proprie
744 3422 841 3476 raptus
864 3420 905 3463 est
920 3408 1032 3464 illicitus
1048 3417 1142 3466 coitus.

109 3481 167 3533 Nec
191 3483 266 3534 enim
288 3483 334 3535 hic
358 3486 497 3550 rapuerat.
519 3502 554 3516 -··
594 3486 655 3536 218.
683 3480 806 3546 Templis
831 3483 931 3547 quippe
953 3484 1030 3549 tuis3
1065 3499 1098 3535 ac
1120 3483 1141 3533 si

109 3549 229 3603 diceret:
251 3549 314 3602 Non
332 3551 451 3613 mirum,
474 3548 497 3598 si
513 3547 581 3600 haec
598 3548 719 3617 patimur
736 3556 763 3599 te
780 3546 907 3601 colentes.
942 3548 985 3600 Sic
1003 3566 1090 3620 supra
1108 3552 1141 3604 ad

107 3618 268 3671 irrisionem
284 3620 400 3672 dictum:
423 3614 548 3684 luppiter
566 3621 755 3683 omnipotensr
774 3617 845 3668 acsi
863 3618 983 3683 diceret,
999 3627 1030 3670 tu
1049 3639 1078 3674 es
1096 3619 1142 3689 qui

108 3696 185 3758 potes
209 3688 311 3741 omnia.
352 3688 489 3739 Fovemns
508 3688 620 3736 inanem
628 3706 638 3750 ,⁵
662 3692 710 3736 aut
732 3686 798 3754 quia
821 3687 923 3737 frustra
947 3695 976 3740 te
1003 3691 1142 3742 credimus

107 3754 204 3807 mundi
229 3769 286 3809 esse
308 3763 460 3809 rectoremr
491 3762 538 3806 aut
563 3754 627 3823 quie
656 3770 701 3805 me
723 3760 806 3805 tuum
828 3753 916 3806 fflium
940 3774 998 3809 esse
1022 3759 1140 3811 conlido.

107 3823 243 3876 Focemus
267 3829 361 3877 autem
385 3821 591 3892 [auxiliamur,]
615 3823 692 3891 quasi
709 3820 794 3890 [rem]
810 3840 860 3893 per
884 3825 973 3891 (codd.
994 3826 1036 3888 in)
1053 3845 1083 3881 se
1101 3828 1142 3879 in·

106 3892 225 3946 firmam.
249 3917 284 3932 --
324 3898 385 3950 219.
409 3892 572 3961 [Orantem3
603 3898 796 3959 perorantem,
827 3909 884 3944 non
908 3904 1089 3962 precantem,
1113 3901 1143 3946 ut

105 3977 188 4030 supra
205 3959 288 4029 (205.)
306 3959 410 4012 dictum
427 3969 467 4012 est
482 3965 537 4027 (10,
553 3961 623 4023 96.):
642 3959 763 4011 Talibus
781 3964 880 4012 orabat
896 3961 978 4015 luno.
1014 3966 1142 4034 Ararque

106 4042 256 4096 tenentem
277 4037 382 4084 veteres
404 4044 472 4082 aras
488 4027 630 4099 dicebant,
654 4039 749 4099 postea
773 4028 920 4086 bnmutata
936 4030 1018 4087 litera
1035 4053 1050 4086 a
1068 4035 1099 4088 in
1119 4052 1143 4102 r,
