2454 4500
85 304 89 311 ,
121 282 158 328 a·
179 264 344 347 rums„
360 212 539 331 ‘asusm
561 267 643 333 Lus.
664 269 690 344 t
713 229 908 365 'su-uo
988 276 1033 343 ts
1116 360 1120 369 ⁴

57 469 89 504 an
105 434 206 506 vadosa
224 451 306 520 dicit,
322 466 461 526 pes'quae
478 451 538 506 vau
559 449 674 525 pedibus
690 459 787 522 potest.
821 449 938 521 (Vadis,
957 441 1033 524 virs,

57 527 162 590 Βραχέα.
189 523 286 573 trano
303 525 337 579 de
354 522 412 577 Ora
430 522 572 575 maritima
589 523 660 574 libro
673 521 707 572 l.:
724 518 756 572 Si
773 520 807 572 ab
826 540 900 591 equa
919 541 1032 577 summo

74 593 128 642 alte
146 603 188 642 est
205 603 296 656 terro,
320 593 427 643 dieitur
443 592 542 642 vadus.
578 591 614 642 Et
633 589 712 641 multi
729 589 893 659 siclegtust:
917 592 1030 644 inlidit·
1119 644 1126 657 ,

65 662 163 726 vedis,
187 672 270 728 etque
296 678 396 729 aggere
420 662 512 728 cingit
534 658 676 721 harenae.)
716 657 753 707 Et
776 671 882 725 syrtesp
907 664 1031 728 syrtium

57 730 140 780 sduo
157 737 222 779 sunt
236 747 320 795 pares
339 743 458 793 notura,
475 745 597 793 tmpores
616 728 826 795 stinguitudiue.
844 738 874 779 ut
891 731 1031 783 Sallustius

57 805 64 847 t
86 800 154 865 (lug.
172 798 234 858 88).
251 822 287 840 -
356 805 417 856 113.
434 796 556 865 Lycios,-
580 795 610 848 lri
628 797 729 848 Troiae
753 796 788 847 ud
804 796 934 848 auxilium
951 816 1032 854 vene·
1118 831 1121 843 ·

57 866 129 934 ,qui
148 874 259 916 mortuo
277 883 344 933 rege
363 867 430 932 (suo)
444 864 569 917 Pandaro
577 869 700 917 Aeneam
716 865 802 916 secuti
819 874 899 927 sunt;
917 869 989 920 unde
1003 878 1032 923 et

57 934 158 987 eundo
173 935 213 985 ait
234 935 328 1001 (796.):
347 935 486 987 Comitum
501 937 611 985 turbam
633 935 784 1013 affluxisse
800 951 936 986 nouorum
950 937 1031 989 inve·

72 1001 209 1067 Fidum,-
225 1003 349 1055 fidelem:
367 1012 516 1072 utrumque
529 1018 631 1055 nomen
645 1005 721 1055 idem
736 1004 880 1071 siguificat,
896 1006 1032 1073 [quamsit

59 1088 108 1122 am
139 1072 224 1122 velint
252 1071 339 1123 lidum
369 1074 508 1137 amicum,
536 1072 647 1124 fidelem
676 1086 786 1123 servum
809 1070 891 1138 dici]
931 1074 968 1126 Et
990 1080 1031 1129 s'o

57 1139 245 1203 mutiendum,
269 1148 300 1191 ut
317 1139 440 1194 dolorem
459 1144 558 1194 afferat
574 1142 635 1191 talis
652 1141 718 1191 socii
737 1138 867 1204 amissio]
890 1167 925 1179 -
968 1151 1029 1202 111.

57 1225 89 1258 us
114 1221 179 1258 ante
205 1207 317 1275 oculos,
342 1210 377 1261 ad
401 1211 538 1262 maiorem
561 1210 693 1261 dolorem.
728 1209 806 1261 Unde
829 1208 895 1261 alibi
920 1215 962 1278 (2,
979 1213 1030 1275 5.)2

58 1292 126 1344 eque
145 1280 204 1344 ipse
223 1281 383 1328 miserrima
402 1281 470 1330 vitii.
505 1281 576 1330 ltenr
594 1284 634 1345 (2.
654 1275 738 1339 fissi:
762 1276 822 1343 Qui
848 1280 909 1329 noti
933 1297 1028 1334 coram

57 1362 169 1396 cernere
194 1347 279 1395 let‘um
304 1346 416 1398 Fecisti.
453 1348 557 1416 Ingens
581 1360 701 1414 pontus,
726 1362 828 1414 magna
853 1363 916 1417 pars
939 1350 1029 1405 Ponti·
1119 1406 1122 1417 ,

57 1412 101 1478 la]
135 1414 177 1465 Et
192 1423 237 1466 est
258 1423 353 1485 tropus
377 1416 560 1485 synecdoche.
594 1416 631 1466 Ut
646 1415 788 1467 Sallustius
810 1415 841 1466 in
864 1418 1028 1482 lueunhino

59 1501 66 1535 :
92 1480 149 1534 Ubi
167 1485 253 1551 signu
271 1497 296 1534 et
313 1497 393 1534 scuta
412 1498 506 1551 erunt,
523 1486 698 1553 praesidium
716 1482 855 1535 hostium:
879 1487 929 1554 pe'r
947 1503 1038 1541 teuta·

57 1552 173 1621 ligenda
189 1560 218 1604 et
234 1560 327 1604 cetera
344 1570 431 1606 arma.
466 1556 502 1606 Et
519 1555 590 1605 ideo·
606 1557 648 1619 (9,
666 1549 750 1615 erote
775 1553 940 1604 Tercentum
965 1575 1029 1608 scu·

67 1637 182 1685 ornnes,
204 1637 256 1690 pro
273 1623 381 1674 armati.
416 1617 770 1691 A-veru'ce1autom],aut
793 1639 810 1674 a
833 1626 932 1693 puppi,
955 1642 1028 1693 quea

57 1707 82 1740 ex
99 1689 177 1741 navis
194 1698 252 1740 ests
265 1699 314 1742 aut
331 1691 367 1742 ab
384 1692 513 1759 aquilone
530 1700 619 1754 vento,
637 1691 685 1758 qui
700 1691 752 1741 ilat
769 1708 785 1743 a
802 1690 899 1743 mundi
916 1694 1029 1761 vertice,
1069 1755 1072 1761 ⁷

69 1765 125 1822 est,
149 1775 167 1807 a
183 1761 384 1827 septentrione:
408 1768 438 1810 ut
461 1761 468 1810 i
491 1778 519 1812 se
544 1761 611 1811 alibi
625 1760 678 1825 ·((i·
696 1765 728 1822 1,
745 1756 830 1820 242·):
854 1758 910 1812 Hic
934 1777 1027 1815 vertes

60 1844 202 1892 ssemper
226 1830 367 1879 sublimis.
397 1779 535 1896 {Quidam
561 1832 688 1879 uerticem
712 1826 758 1878 hic
782 1830 932 1896 procellam
956 1833 1029 1884 acci-

57 1903 76 1946 t.
96 1920 133 1934 --
170 1901 229 1952 115.
247 1896 281 1946 In
296 1898 427 1965 puppim3
447 1915 497 1968 pro
511 1898 640 1968 puppim,
657 1895 762 1947 addidit
774 1898 1028 1978 praepositionem]

57 1981 129 2033 nus,-
160 1963 277 2033 rrpsp¹rit3
306 1966 432 2017 nonnulli
461 1984 526 2018 sane
550 1983 670 2031 pronum
702 1964 895 2019 adverbialiter
915 1965 1028 2038 legunt·

60 2037 146 2096 ister,·
166 2034 327 2104 Leucaspis:
345 2043 375 2084 ut
391 2035 421 2085 in
438 2043 512 2087 serto
530 2034 602 2086 libro
621 2032 720 2103 (334.):¹
742 2029 903 2102 Leucaspin
928 2052 952 2089 et
969 2036 1027 2106 Ly·

74 2103 217 2152 duetorem
243 2105 345 2153 classis
372 2103 514 2155 Orontem.
533 2129 568 2141 -··
603 2111 662 2160 lib·
688 2101 910 2175 Ter,·.saepius:
933 2107 1046 2174 linitus*

57 2187 123 2222 erus
139 2187 190 2240 pro
208 2171 323 2223 infinito.
358 2172 478 2224 Crebros
495 2175 572 2235 euim
588 2174 688 2223 fluctus
704 2173 771 2222 iacit
786 2174 899 2241 Aquilo,
923 2184 954 2227 ut
970 2175 1028 2229 Sal·

57 2255 97 2297 ss:
117 2239 270 2291 crebritate
280 2240 426 2309 fluctuum
447 2254 476 2292 ut
493 2244 631 2308 Aquilone
649 2240 725 2290 solet.
762 2240 804 2307 (L.
816 2241 850 2293 R.
866 2244 926 2294 Vos.
940 2246 1026 2313 Aqui·

68 2321 158 2359 sonet.
177 2309 247 2361 Dan.
266 2311 368 2377 Apulo
387 2309 475 2372 sulet.)
511 2309 571 2378 (Vel
587 2316 663 2362 certe
679 2309 753 2375 quod
767 2308 867 2363 Graeci
880 2318 1027 2382 sessaniae

57 2375 248 2440 ‚Triciniam)
261 2379 408 2448 appellant,
424 2387 455 2429 ut
466 2377 619 2430 Sallustius:
637 2377 867 2447 triplieifluotu.)
900 2383 1025 2452 Ibidem3

57 2463 93 2494 rm
119 2453 147 2498 et
172 2449 304 2513 ubinam,
333 2449 414 2513 rnulti
437 2448 579 2512 dubitant,
609 2448 657 2497 ubi
682 2464 740 2499 asse
764 2447 865 2502 debeat
888 2469 974 2505 accen
986 2469 1028 2521 us,
1065 2509 1068 2515 ,

76 2516 121 2565 ibi
145 2523 174 2566 et
199 2518 249 2566 ubi
272 2516 434 2569 naturaliter
457 2516 553 2570 breves
575 2523 654 2568 sunt:
682 2516 730 2567 sed
753 2518 862 2572 ratione
885 2520 1027 2576 sualua-is

57 2586 158 2651 unque
172 2586 361 2655 producuntur
378 2586 406 2636 iu
425 2601 515 2636 versu:
540 2587 691 2638 nescientes
714 2584 787 2637 hanc
805 2603 862 2642 esse
877 2591 1027 2660 rationem,

69 2652 302 2722 pronuntiationis
326 2669 407 2704 cestra
425 2663 520 2705 contra
538 2671 619 2706 usum
642 2653 773 2705 Latinum
790 2655 898 2723 syllabis
915 2659 1028 2729 ultiniis,

58 2738 88 2772 us
113 2721 266 2788 particulae
290 2720 493 2790 adiunguntur,
517 2731 644 2775 accentus
662 2721 808 2775 tribuitur:
833 2733 863 2777 ut
881 2745 1027 2796 musaque,

60 2807 73 2839 e
93 2790 195 2857 (Guelf.
211 2793 232 2842 Ι.
252 2791 394 2858 ltneque),
411 2791 537 2842 huiusce.
573 2792 616 2842 sic
634 2806 701 2858 ergo
719 2798 746 2843 et
764 2793 875 2845 ibidem.
894 2823 929 2835 -
955 2794 975 2856 '1
984 2803 1025 2855 17,

57 2871 123 2925 quet
148 2876 235 2925 agens
261 2862 365 2909 circum
374 2882 384 2924 ,·
408 2861 436 2913 in
461 2875 561 2929 gyrum
578 2861 750 2927 circumagit.
789 2855 907 2930 Vortesc5
932 2874 1026 2920 vortex

57 2944 89 2978 ur
108 2926 278 2979 circumacta
301 2929 329 2979 in
348 2945 376 2980 se
398 2929 484 2981 unde.
511 2936 539 2980 et
556 2945 627 2998 quae
644 2929 722 2998 quasi
744 2930 858 2982 sorbere
877 2933 1026 3004 videaturr]

57 2996 72 3046 d
89 2996 125 3047 de
143 2996 282 3063 Charybdi
299 2996 400 3064 legitur
418 3002 459 3064 (3,
476 2995 562 3063 421.);
588 2999 674 3063 Atque
698 3000 753 3048 imo
773 3000 884 3052 baratri
900 3013 942 3055 ter
957 3022 1025 3071 gur·

62 3077 159 3115 uastos
176 3064 272 3117 Sorbet
296 3068 326 3114 in
352 3067 501 3134 abruptum
513 3066 633 3135 fluctus.
668 3066 712 3119 De
735 3082 790 3134 quo
817 3071 857 3120 ait
872 3069 1026 3127 Sallustiust

57 3133 165 3199 ytdis,
191 3152 267 3184 mare
293 3135 513 3198 verticularum.)
540 3163 572 3173 -·-
615 3141 674 3193 118.
698 3135 855 3202 Appareut3
886 3139 961 3192 aliud
984 3148 1027 3193 est

56 3219 100 3268 re,
123 3201 175 3269 [et]
192 3203 266 3254 aliud
284 3222 425 3271 apparere.
464 3204 562 3255 Parere
580 3206 655 3256 eninr
673 3212 715 3257 est
731 3203 860 3272 obedire,
883 3215 914 3259 ut
931 3208 1026 3275 (teuit

58 3283 68 3319 t
88 3288 169 3329 amor
187 3272 279 3322 dictis.
315 3273 453 3339 Apparere
471 3280 579 3336 eutem,
595 3273 694 3324 videri:
711 3280 742 3322 ut
759 3273 803 3339 (G.
822 3281 852 3339 1,
869 3275 955 3339 404.):
972 3278 1026 3345 Ap·

57 3341 195 3407 tliquido
215 3343 347 3392 sublimis
367 3345 398 3392 in
423 3346 487 3392 crire
505 3340 604 3392 Nisus.
641 3341 677 3392 Et
699 3340 769 3392 haec
793 3341 946 3397 observatio
964 3347 1026 3401 c'ili·

57 3426 87 3460 er
105 3409 238 3460 custodiri
255 3410 350 3474 debet,
366 3411 431 3462 licet
449 3427 511 3462 eam
529 3417 653 3461 auctores
670 3409 754 3462 metri
772 3427 868 3477 carna,
891 3414 934 3465 vel
951 3415 1025 3468 clau·

57 3494 62 3528 ε
80 3476 246 3548 plerumque
265 3487 453 3548 corrumpant
487 3479 562 3530 Ruri
570 3499 578 3543 ς
596 3480 638 3530 vel
654 3487 766 3548 propter
784 3482 868 3532 maris
886 3485 1025 3553 magnitu-

57 3563 97 3611 rn,
115 3547 157 3598 vel
174 3548 240 3614 quia
257 3563 312 3599 una
329 3550 453 3617 perierat
468 3549 544 3600 navis
562 3548 687 3614 (velseri
705 3550 738 3600 de
756 3549 863 3614 multis,
885 3558 916 3602 ut
934 3561 1024 3605 osten·
1115 3593 1125 3613 .

57 3615 152 3666 statim
176 3615 244 3666 elios
268 3616 358 3685 plures
380 3616 508 3697 periisse;
534 3624 562 3668 et
579 3617 717 3684 quomodo
735 3626 883 3687 apparent,
906 3620 928 3670 si
946 3621 1024 3689 (suls

58 3704 75 3736 o
97 3702 153 3735 noe
172 3686 289 3734 incubat
307 3687 392 3735 atra.)
409 3693 458 3735 aut
475 3685 538 3753 quia
556 3685 668 3737 Crebris
685 3689 770 3736 micat
785 3687 894 3752 ignibus
910 3690 1025 3746 aethera

57 3753 125 3822 quia
148 3760 212 3806 ente
233 3754 317 3823 ipsius
340 3753 433 3804 oculos
455 3754 508 3804 hoc
533 3753 640 3815 evenit.)
674 3753 798 3821 Numae
830 3757 922 3826 prima
945 3759 1025 3816 verli

58 3822 177 3893 positio,
203 3840 238 3872 rto
263 3840 316 3871 nas
336 3831 391 3872 not.
427 3823 506 3874 Unde
523 3830 565 3874 est
581 3822 706 3888 (4,'59.):
730 3823 807 3875 Nare
824 3842 872 3893 per
890 3839 1024 3879 aestatem

57 3893 145 3955 'dam,
166 3892 257 3961 pruna
275 3891 377 3959 syllaba
400 3891 564 3943 naturaliter
580 3890 733 3957 longeest:
755 3891 820 3946 licat
835 3893 957 3962 Nestore,
982 3915 1021 3949 na

57 3962 73 4011 [s
98 3959 136 4010 sit
158 3960 186 4011 in
212 3961 310 4011 eadem
334 3960 540 4028 significatione.
576 3959 610 4010 in
634 3963 746 4027 gurgite
771 3975 866 4028 vesto,-
881 3965 1022 4035 'tapinosis

57 4047 99 4084 .e.
115 4029 160 4083 rei
176 4043 295 4098 magnae
312 4029 425 4083 humilis
442 4029 581 4100 expositio.
614 4027 766 4084 Prudenter
781 4039 877 4107 tamen
890 4033 1021 4105 Virgilius
