2454 4500
188 306 226 348 ni
248 283 410 347 VIRGIL.
433 281 607 346 AENEID.
627 280 710 343 LIB.
731 280 791 357 111,
813 283 980 351 64-68·.
1033 279 1096 353 167

56 473 136 525 usur.
172 468 280 522 Contra
297 483 357 519 mas
380 466 462 520 latius
486 464 599 537 spargit
613 479 721 529 ramos,
743 476 881 530 conosque
903 448 1009 530 profert
1030 455 1096 510 uum

56 542 157 612 pineae
173 553 234 589 uon
250 536 407 601 absimiles,
422 537 488 589 licet
505 536 641 596 minorem
664 533 737 584 mira
753 531 826 582 inter
844 529 956 581 arbores
973 525 1097 599 fecundi-

58 618 128 676 tate,
154 607 260 676 quippe
284 622 355 674 quae
376 605 473 659 trifera
498 614 552 670 est,
574 605 735 670 fructusque
757 600 857 665 hehet,
880 604 909 652 et
921 596 1051 650 Ianuario
1069 600 1098 646 et

56 679 133 730 Maio
153 683 184 728 et
200 674 360 742 Septembri
378 681 510 739 maturos,
527 672 596 723 nulli
612 662 767 733 tamsurel
783 669 871 731 utiles,
888 675 918 718 et
931 669 989 718 imo
1006 666 1097 736 potius

57 748 170 811 noxios,
193 743 434 814 quemadmodum
450 744 555 810 etipsa
579 741 663 794 arbor
672 778 680 807 ,
704 739 780 791 cuius
798 739 883 792 etium
900 736 999 788 umbra
1015 733 1098 787 noxie

57 815 192 868 creditur.
227 812 310 865 Dicta
334 820 429 867 autem
452 821 493 863 est
512 812 699 879 Cyparissus,
723 815 754 858 ut
771 808 889 876 Didymo
912 807 1015 876 placet,
1040 797 1096 856 ainsi
1169 850 1172 857 .

57 880 103 938 soi
121 879 200 939 κύειν
217 884 362 951 osoploovs,
379 880 433 931 hoc
451 889 506 945 est,
523 881 559 934 ab
576 879 728 948 aequaliter
745 877 895 944 pariendo;
948 877 1098 944 adaequa·
1131 912 1134 921 ·

56 954 119 1007 liter
147 960 176 1004 et
199 967 295 1003 remos
319 950 425 1019 pariat,
449 957 478 1001 et
500 950 615 1003 fractus.
657 949 772 1001 Fructus
797 947 856 999 eius
880 963 897 1000 a
931 963 1007 1015 »guia
1024 947 1098 999 Cons'

56 1021 249 1094 appollonium
272 1021 347 1074 uude
364 1019 424 1088 ipsa
441 1019 525 1072 arbor
542 1025 676 1092 perpetuo
695 1015 816 1084 epitheto
835 1016 966 1069 Coniseru
980 1015 1099 1086 appellu-

55 1099 115 1157 tur,
140 1098 174 1141 ut
197 1088 294 1156 (680.);
318 1090 416 1140 Aerias
441 1103 558 1157 quercus
582 1095 631 1137 aut
652 1085 793 1138 coniferae
817 1085 960 1153 Cyparissi.
994 1085 1100 1139 Fabula

55 1168 154 1213 autem
172 1159 208 1211 de
229 1157 367 1227 cupresso
385 1156 447 1211 tulis
464 1164 519 1211 est:
544 1156 617 1207 Cum
633 1153 751 1208 haberet
772 1155 803 1205 in
819 1154 925 1207 deliciis
943 1154 1099 1224 Cyparissus

56 1246 127 1300 puer
146 1243 279 1294 cerrum,
296 1234 324 1279 et
339 1226 348 1276 i
370 1242 399 1279 se
416 1227 451 1279 ab
468 1224 594 1292 Apolline
611 1224 659 1277 dili
681 1231 788 1288 eretur,
810 1222 969 1293 imprudens
986 1241 1099 1278 cervum

56 1314 140 1349 suum
166 1295 259 1347 iacsslo
284 1242 398 1361 occiriit,
429 1308 549 1361 eumque
574 1295 642 1345 dum
661 1239 741 1362 iupet
763 1293 891 1361 neglecta
915 1294 1098 1348 consolatione

56 1364 210 1433 Apollinis,
233 1364 329 1417 dolore
345 1379 524 1430 consumptus
542 1370 596 1427 est,
620 1361 696 1413 cuius
713 1368 745 1412 ut
762 1370 880 1415 exstaret
896 1365 1045 1429 memorie,
1067 1364 1099 1416 iu

56 1434 217 1486 luctuosam
235 1434 383 1499 arborem,
405 1433 423 1484 i.
442 1442 466 1486 ei
483 1447 644 1502 cupressum
660 1437 782 1483 mutatus
799 1439 854 1498 est,
877 1449 948 1501 qsiae
963 1433 1100 1485 defunctis

57 1498 231 1567 adhibetur]
264 1501 352 1553 Moris
374 1509 471 1554 autem
487 1499 610 1566 Romani
633 1501 740 1565 suerat,
763 1517 875 1552 ramum
892 1503 1010 1570 cupressi
1033 1510 1099 1555 ante

56 1572 177 1624 domum
201 1572 342 1624 fimestam
365 1571 446 1642 poni,
468 1587 504 1621 ue
529 1571 675 1638 quisquam
697 1568 820 1638 pontifex
841 1589 893 1640 per
915 1570 1100 1639 ignorantiam

56 1641 232 1710 pollueretur
255 1639 406 1708 ingressus.
447 1639 519 1689 Hinc
542 1638 673 1690 Horatius
697 1638 809 1703 (Germ.
833 1640 963 1706 2,14.):
989 1641 1047 1693 Nee
1072 1652 1100 1693 ss

55 1721 169 1779 praeter
201 1711 327 1761 invisam
358 1725 522 1775 cupressum
555 1709 615 1758 ullo
646 1708 753 1758 brevem
785 1709 934 1759 dominum
964 1723 1100 1778 sequetur.

57 1780 128 1831 Atra
156 1784 270 1842 autem,
294 1776 370 1846 quod
394 1784 497 1829 stratos
521 1777 593 1829 lares
616 1775 760 1844 significet.
784 1804 820 1815 -·
861 1784 904 1836 65.
931 1779 1041 1830 Crinsm
1067 1781 1100 1831 ds

58 1864 155 1915 more3
180 1845 280 1901 autde
304 1861 383 1899 more
401 1845 507 1914 gentis,
529 1853 561 1895 ut
577 1846 664 1896 etiam
687 1844 717 1895 in
734 1846 856 1914 Aegypto
874 1854 922 1899 est.
956 1849 1008 1899 Aut
1024 1857 1101 1902 certe
1188 1852 1191 1867 '

56 1919 198 1971 (lemare
220 1914 470 1985 plangentium-
506 1919 550 1972 66.
568 1909 752 1982 [inferimus5
777 1915 892 1967 inferias
909 1916 1020 1982 dames,
1037 1934 1100 1985 pro·

56 1984 144 2057 pria]
179 1982 286 2053 Tepido
305 1987 393 2050 lacte,-
411 1982 505 2035 statim
522 1984 635 2034 mulcto.
673 1982 807 2050 cymbia,
826 1983 924 2054 pocula
940 1984 971 2036 in
987 1980 1102 2043 moduni

58 2054 181 2124 cymbae
212 2056 296 2106 iacta.
319 2079 355 2091 -
397 2059 440 2110 67.
465 2051 626 2118 Sanguinis
652 2055 746 2118 sacri,·
778 2053 813 2107 de
843 2054 961 2105 victimis
981 2056 1100 2124 ‚sumpti

57 2124 139 2192 [ldeo
156 2130 255 2175 autem
271 2124 356 2174 lactis
374 2129 403 2174 et
419 2124 576 2186 sanguinis
594 2121 699 2173 mentio
716 2123 791 2176 facta
809 2129 858 2189 est,
873 2125 938 2191 quia
955 2125 1102 2179 adfirman-

24 2220 27 2233 ι
57 2201 107 2244 tur
136 2191 251 2244 animae
276 2192 348 2243 lecto
379 2197 408 2243 et
436 2193 578 2258 sanguine
602 2190 744 2242 delectari.
792 2192 879 2243 Varro
904 2209 1013 2263 quoque
1036 2195 1104 2248 dicit

57 2261 194 2316 mulieres
209 2261 241 2313 iu
256 2259 416 2328 Exsequiis,
437 2266 465 2310 et
481 2259 558 2311 luctu
574 2261 637 2313 ideo
653 2260 747 2311 solitas
765 2276 815 2312 ora
831 2260 970 2328 lacerare,
995 2271 1026 2313 ut
1041 2281 1104 2316 sun·

59 2331 150 2400 guine
168 2336 278 2383 ostenso
295 2328 393 2384 inferis
409 2327 592 2393 satisfaciant,
616 2345 703 2396 quare
721 2330 807 2380 etiam
823 2329 979 2382 institutum
996 2340 1048 2400 est,
1072 2343 1105 2385 ut

56 2399 134 2469 opud
151 2399 281 2464 sepulcre
297 2405 325 2448 et
341 2397 469 2450 victimae
488 2397 648 2450 caedantur.
684 2399 764 2518 Apud
781 2406 885 2451 veteres
910 2401 995 2452 etiam
1012 2401 1103 2453 homi-

56 2485 108 2521 nes
124 2465 383 2532 interficiebantur,
408 2466 456 2517 sed
472 2473 584 2517 mortuo
601 2465 681 2518 Iunio
723 2475 787 2518 ruto
805 2474 868 2519 curis
886 2471 997 2522 multae,
1007 2479 1103 2539 gentes

55 2537 95 2589 acl
113 2536 173 2589 eius
190 2537 274 2589 funus
292 2535 413 2604 captivos
430 2534 583 2597 misissent,
606 2551 692 2602 nepos
709 2536 783 2588 illius
800 2555 847 2590 eos
863 2539 913 2606 qui
929 2539 1105 2592 missi¹ersnt

56 2607 136 2658 inter
160 2622 191 2657 se
215 2603 384 2674 composuit,
408 2610 437 2655 et
453 2603 492 2653 sic
516 2613 732 2675 pugnaverunt,
751 2614 779 2658 et
817 2608 870 2659 uod
892 2609 1003 2664 muneri
1026 2608 1104 2664 missi

57 2681 160 2740 erasit,
183 2673 251 2725 inde
276 2689 382 2723 munus
406 2671 582 2743 appellatum.
617 2672 669 2724 Sed
686 2676 820 2741 quonism
837 2685 1106 2748 sumptuosiuuerat

57 2751 89 2809 gt
112 2742 245 2808 crudele,
274 2741 398 2796 victimas
421 2740 465 2792 vel
487 2740 616 2793 homiues
640 2742 823 2811 interficere,
837 2746 981 2812 sanguinei
1004 2746 1106 2798 coloris

55 2818 163 2880 coepta
180 2819 223 2863 est
237 2809 318 2865 vestis
334 2809 452 2861 mortuis
470 2808 554 2873 iniici,
571 2816 603 2858 ut
621 2811 726 2880 etipse
743 2819 858 2866 testatur
876 2818 911 2880 (6,
928 2814 1016 2878 221.):
1034 2813 1104 2867 Pur-

56 2887 221 2949 pureusque
245 2896 330 2946 super
346 2888 434 2931 vestes
452 2879 595 2929 velamina
622 2892 704 2932 nota.-
729 2888 757 2931 et
780 2885 823 2947 (5,
839 2882 908 2946 79.):
934 2881 1106 2951 Purpureos-

58 2967 114 3018 qus
135 2950 207 3003 iacit
216 2948 317 3021 flores.
352 2946 405 2997 Alii
422 2946 561 3014 sanguinis
578 2946 717 3002 inferendi
734 2949 770 3001 ad
784 2951 949 3005 adescendes
967 2952 1017 3019 (Al.
1033 2954 1106 3006 coni,

58 3017 279 3085 satisfaciend„
318 3017 497 3080 assistentes,
534 3015 725 3082 adolescenti,
764 3019 924 3086 inescans„
962 3021 1108 3089 elicient„

59 3085 229 3145 odssoond.)
253 3084 450 3141 debmctorum
474 3081 581 3135 animas
605 3083 654 3136 illa
676 3086 784 3138 ratione
803 3088 1032 3141 consuetudinem
1049 3097 1107 3142 tra-

57 3156 148 3221 dunt,
160 3162 198 3209 ut
212 3153 288 3222 quod
305 3152 459 3207 amiserunt
474 3151 619 3207 videannu
636 3155 786 3222 accipere.'
806 3155 921 3225 Sergius
938 3158 1015 3211 euim
1032 3158 1108 3210 velut

60 3225 179 3278 emmae
195 3220 329 3290 possessio
347 3229 402 3285 est,
425 3219 499 3277 unde
523 3237 672 3288 exsangues
695 3223 800 3277 mortui
817 3225 952 3280 dicuntur.
988 3227 1062 3280 Nam
1080 3235 1109 3279 et

59 3294 204 3345 Hamus
234 3290 266 3348 in
288 3290 487 3346 Necromantia
516 3305 574 3340 non
603 3291 680 3357 prius
705 3291 773 3344 facit
801 3292 877 3362 loqui
901 3292 1023 3360 animos,
1053 3295 1109 3347 nisi

58 3360 199 3430 mugnone
217 3366 335 3428 gustato.
370 3358 424 3411 Alii
441 3359 486 3409 lac
504 3365 532 3408 et
549 3361 721 3428 sanguinem
738 3360 774 3414 ab
791 3362 844 3412 hoc
862 3362 1016 3431 accipiunt,
1033 3365 1109 3432 quod

21 3488 24 3493 ,
58 3448 120 3483 una
143 3428 316 3492 resumsit,
349 3427 404 3482 alia
427 3426 595 3493 nutriatur]
617 3456 653 3466 -
691 3437 736 3488 68.
759 3431 946 3498 Animumque
978 3434 1107 3504 sepulcro

61 3498 240 3562 condimuu
262 3496 337 3551 bene
361 3494 496 3549 animam*
510 3496 581 3545 lacte
604 3505 634 3551 et
656 3502 800 3568 sanguine
825 3501 861 3552 ad
884 3501 1024 3554 tumulum
1041 3503 1110 3556 dicit

59 3568 196 3622 elicitam.
229 3564 316 3619 Lacte
333 3579 455 3634 nemque
473 3580 573 3630 corpus
591 3568 713 3620 nutritur
730 3578 792 3636 post
809 3570 920 3623 animae
935 3571 1108 3624 coniunctio·

59 3652 146 3692 nem:
172 3635 315 3689 etaninis
331 3634 391 3688 sine
409 3635 552 3700 sanguine
568 3651 714 3703 nunquam
736 3646 792 3704 est,
816 3655 871 3707 quo
889 3639 976 3693 effuso
993 3639 1108 3693 recedit.

57 3705 197 3775 Legimus
214 3711 362 3774 praetereo
378 3704 408 3755 ln
425 3710 515 3767 sexto,
540 3702 742 3774 insepultorum
760 3708 867 3762 animas
884 3722 966 3776 vagas
984 3726 1057 3762 esse:
1081 3717 1110 3762 et

57 3775 137 3828 huno
160 3780 271 3824 constat
292 3789 351 3824 non
373 3772 499 3840 legitime
523 3772 663 3839 sepultum
685 3772 778 3829 fuisse.
818 3776 884 3828 Rite
908 3791 976 3844 ergo
1000 3776 1111 3830 redditu

56 3842 191 3914 legitima
207 3841 361 3922 sepultura,
377 3841 450 3893 redit
466 3839 562 3922 anima
579 3842 616 3893 ad
632 3842 757 3911 quietem
773 3845 908 3912 sepulcri,
925 3862 1009 3913 quam
1026 3844 1112 3899 Stoici

57 3909 242 3966 herciscunds
265 3909 370 3978 (Rpcls.
394 3906 467 3961 coni.
491 3907 677 3978 ημισεῦοντεσς
708 3913 804 3964 Burin.
818 3916 915 3966 ‚terris
943 3916 1044 3982 condi;
1076 3915 1111 3966 L.

58 3981 149 4034 Stoici
181 3979 340 4031 rotundum
372 3979 403 4030 isi
436 3980 505 4029 med.
533 3998 571 4048 s.,·
602 3980 636 4034 R.
661 3980 699 4033 St.
722 3984 742 4033 i.
767 4000 788 4034 ι.
814 3984 969 4034 secundum
994 3978 1064 4034 nied.
1088 3999 1110 4034 s.

60 4049 157 4105 Guelf.
182 4048 218 4105 ΙΙ.
243 4047 349 4115 Stoici,
373 4047 443 4099 mai.
469 4051 566 4102 secuti.
591 4049 682 4103 Guelf.
706 4050 727 4102 1.
753 4050 792 4103 St.
812 4054 890 4106 ersis
915 4052 1018 4119 cundi,
1043 4055 1063 4104 i.
1087 4068 1111 4104 s.
