2454 4500
133 290 135 295 .
217 255 250 296 m
272 234 434 297 VIRGIL.
458 234 628 299 AENEle
651 236 732 301 LIB.
753 238 780 316 I,
802 247 992 314 sto-372.
1077 246 1130 317 67'

176 427 299 487 quantum
316 416 405 471 nullus
422 435 543 489 unquam
568 422 702 473 novit-
737 420 1113 493 too.112·s00mm0ra;i.a

67 501 76 532 ·-
115 484 255 553 Ilerrterrita)
279 489 441 558 supradictis
465 490 601 542 omnibus.
617 518 653 530 -·
687 494 747 548 361.
766 488 1025 555 Consentaneum
1049 503 1112 552 ode-

109 560 163 604 'tant
172 557 247 623 laesi,
262 557 429 608 Metuebant
443 558 587 623 laedendi,
603 558 656 610 hoc
674 568 728 622 est,
765 560 792 609 ui
808 561 958 629 timebant,
973 584 1009 617 uc
1021 567 1112 620 laede·

67 662 69 667 ,
108 630 192 676 ,ratu
224 626 301 677 Unde
320 634 360 676 est
376 627 443 678 illud
459 628 487 678 iu
507 636 604 695 qum-to
622 629 720 694 (545.):
745 576 823 693 &aas
840 630 959 682 Sidonia
976 638 1024 685 via
1044 640 1112 690 arbe

115 694 191 744 melli.
226 694 297 761 Quia
314 710 371 745 nou
389 695 538 759 voluntate,
562 696 610 747 sed
627 706 674 747 eut
691 694 768 760 odio,
791 707 839 748 aut
860 702 961 755 timore
977 720 1110 760 convene·

111 768 162 819 tent
193 762 297 814 Odium
323 765 432 814 crudele
457 769 574 830 tyranni
582 785 591 828 ,·
614 764 632 814 i.
651 783 673 816 e.
690 765 807 815 crudelis
824 768 946 834 tyrermi,
971 780 998 822 et
1020 773 1109 843 figtua

100 836 139 883 -est
154 829 332 902 [llypallagek
354 850 421 883 nam
444 837 474 884 iu
497 842 645 900 tyranuum
667 832 768 882 iustum
792 835 886 886 odium
909 846 955 889 est.
979 863 1012 876 -
1047 851 1108 901 302,

103 894 228 1035 garet&
253 900 271 951 i.
298 919 321 951 e.
352 901 452 969 erant.)
470 927 504 941 -
538 909 598 959 353.
624 900 774 951 Portantar
792 935 808 944 -
825 934 841 945 -
867 904 952 972 apes;¹
970 913 1108 976 quomodo

133 971 294 1034 gmalionis,
317 967 464 1022 siSiclraei
489 970 586 1022 erent?
610 970 735 1021 solvitur:
759 972 806 1022 scd
823 989 867 1023 eas
883 974 940 1024 ium
956 993 1017 1028 sasas
1034 981 1109 1033 iece-

100 1044 134 1088 tst
145 1039 253 1102 scelere,
270 1037 318 1106 qui
330 1037 476 1091 Sicbseum
493 1038 644 1090 occiderat:
661 1046 708 1088 aut
724 1039 759 1090 atl
776 1041 899 1092 animum
916 1046 1008 1096 retulit
1024 1051 1108 1117 avari,

98 1104 136 1173 qui
150 1121 210 1177 opes
227 1104 329 1158 alienas
351 1102 410 1158 iam
426 1125 486 1158 suas
502 1109 619 1159 fecerat:
643 1123 710 1174 qisas
727 1108 885 1175 Pygmalion
908 1111 964 1162 iarn
981 1129 1042 1166 suas
1058 1134 1107 1187 pu-

95 1172 165 1226 utar
197 1174 276 1226 Unde
294 1180 334 1226 est
349 1174 380 1226 in
394 1185 492 1244 quarto
506 1175 599 1242 (656.);
619 1173 683 1225 Ulta
702 1177 803 1226 virum.
840 1178 914 1245 Quae
933 1182 1008 1232 enim
1025 1202 1106 1237 avaro

88 1242 170 1295 'maior
211 1241 298 1309 oeus,
321 1260 405 1311 quam
428 1245 589 1315 pecuniam,
612 1251 726 1313 propter
750 1258 833 1312 quam
855 1248 1021 1316 deriperas,
1044 1273 1107 1324 per.

77 1311 169 1381 ,deret
225 1327 320 1364 emove
338 1313 406 1378 hoc,
430 1322 458 1365 et
473 1314 574 1364 falsum
591 1321 644 1364 est:
678 1311 741 1362 Ulta
760 1317 861 1366 virum.
895 1315 1041 1371 Sciendum
1058 1341 1106 1375 au.

76 1387 151 1446 '.tem,
175 1381 248 1449 quod
266 1380 340 1431 clam
355 1377 447 1450 tangit
468 1381 620 1433 historiam.
655 1378 741 1430 Moris
766 1385 840 1433 em'm
865 1392 938 1449 orat,
962 1393 991 1436 ut
1008 1390 1042 1441 de
1059 1410 1107 1461 pe-

77 1450 159 1501 ·tuuia
174 1449 287 1520 publica
303 1449 467 1515 Phoenices,
488 1450 571 1500 misso
596 1466 613 1501 a
629 1461 696 1516 rege
713 1465 796 1514 euro,
821 1453 855 1505 de
878 1452 1029 1522 peregrinis
1046 1460 1105 1510 fru.

87 1525 172 1570 menta
193 1526 354 1570 coemerent
383 1519 489 1586 (Guelf.
511 1520 532 1568 Ι.
554 1519 585 1568 Π.
611 1515 815 1581 conveherent).
861 1519 933 1572 Dido
964 1532 1057 1577 autem
1086 1546 1105 1580 a

67 1584 254 1655 „hammone
278 1586 314 1638 ad
337 1587 411 1637 hunc
435 1604 514 1637 risum
531 1594 640 1655 paratas
656 1602 737 1636 naves
754 1587 916 1654 abstulerat,
938 1606 1022 1659 qrram
1040 1611 1104 1649 cum

67 1648 228 1723 libigie'ntem
246 1672 263 1706 a
279 1657 370 1708 fratre
383 1650 459 1706 missi
475 1663 669 1725 sequerentur,
693 1671 792 1705 aurum
808 1652 855 1708 illa
871 1660 1059 1728 praecipitavit
1074 1665 1105 1717 in

67 1722 168 1797 llumsre,
190 1741 246 1792 qua
268 1740 300 1775 rs
323 1726 394 1789 visa,
418 1730 561 1791 sequentes
585 1722 688 1775 reversi
713 1729 781 1772 sunt.
816 1725 912 1789 (Licet
935 1727 988 1778 alio
1007 1731 1104 1785 ordine

84 1793 159 1844 etiam
175 1792 293 1844 historia
308 1795 360 1845 ista
375 1791 521 1854 narretur.)
538 1818 573 1828 -
607 1796 667 1849 365.
685 1790 825 1841 Devenere
844 1794 936 1859 locas‚·
961 1796 997 1846 ud
1014 1800 1105 1851 minus

67 1868 124 1937 [est.
155 1860 335 1928 Surgentem
361 1862 516 1929 erigentem
540 1852 576 1912 s'c.
618 1860 654 1909 Ut
677 1862 740 1925 (10,
762 1861 851 1924 723.):
873 1862 1035 1930 Surgentem
1071 1870 1104 1918 in

67 1942 183 1982 “cornua
203 1947 322 1981 cervum.
340 1959 373 1968 -
410 1936 469 1987 306.
488 1928 586 1980 Nouae
606 1924 806 1994 Carthaginis5
832 1929 970 2050 Cartbafip
997 1935 1104 1987 estljn.

74 2013 129 2066 -gua
145 1999 301 2051 Poenorum
317 2015 389 2050 nova
406 1999 511 2062 civitas,
528 2006 559 2047 ut
575 1997 655 2047 docet
670 1994 769 2047 Lirim.
786 2004 821 2035 Δ·
855 2005 914 2057 367.
966 2005 1105 2069 ercatique

84 2068 181 2132 solum,
205 2067 283 2134 facti
309 2069 341 2118 de
373 2069 487 2118 nomine
510 2066 629 2132 Byrsam
637 2089 647 2130 ,·
680 2066 791 2134 appulsa
816 2062 851 2117 ad
875 2064 993 2135 Libyam
1023 2071 1105 2137 Dido,

77 2151 139 2197 ¹cum
155 2136 191 2186 ab
207 2135 313 2189 Hiarba
330 2136 493 2208 pelleretur,
517 2136 596 2204 petiit
613 2130 725 2197 callide,
747 2141 778 2183 ut
795 2143 901 2187 emeret
922 2142 1032 2189 tautum
1048 2147 1104 2191 ter*

75 2218 138 2270 sue,
160 2213 295 2272 quantum
311 2214 403 2276 posset
418 2205 527 2254 corium
544 2201 618 2253 bovis
634 2211 739 2254 tenere,
772 2204 868 2270 'ltaque
886 2205 994 2256 corium
1010 2208 1039 2258 in
1055 2207 1103 2260 fila

74 2272 275 2342 propemodum
299 2277 411 2342 (Burin.
435 2287 499 2322 cum
516 2270 575 2323 cod.
594 2271 684 2322 Guelf,
700 2272 722 2320 l.
745 2279 855 2324 tenere:
879 2273 953 2340 quod
976 2290 1041 2324 cum
1057 2275 1104 2330 ille

84 2340 254 2408 permisisset,
282 2345 391 2394 corium
420 2342 450 2391 in
482 2341 653 2393 tenuissimas
677 2339 821 2401 corrigias)
852 2349 957 2391 sectum
979 2344 1104 2410 tetendit,

73 2408 214 2479 ,occupavit
251 2428 268 2469 e
291 2410 494 2481 propemodum
518 2409 605 2460 stadia
621 2400 717 2474 viginti
740 2412 768 2457 et
790 2406 858 2469 du0;
884 2401 986 2477 [βῦρσᾱ
1009 2419 1102 2464 autem

85 2474 197 2544 Graece,
245 2479 319 2531 atine
336 2476 469 2543 corium:]
493 2495 577 2545 quam
600 2489 661 2528 rem
678 2475 773 2526 leviter
790 2475 878 2544 tangit
895 2479 1038 2546 Virgilius,
1063 2481 1103 2532 di-

74 2544 175 2603 ¹cende:
196 2545 278 2598 Facti
295 2548 328 2598 de
347 2550 459 2598 nomine
477 2545 604 2612 Byrsam.
640 2546 677 2595 Et
699 2559 756 2594 non
778 2551 890 2612 tegere,
912 2547 961 2598 sed
985 2542 1103 2598 circum-

84 2611 148 2665 dare.
180 2613 263 2665 Facti
280 2618 312 2666 de
331 2619 459 2678 narnine;
485 2617 519 2666 de
537 2630 634 2665 causae
649 2609 793 2682 qualitate:
818 2608 893 2680 <quia
909 2608 996 2684 βύρσα
1014 2616 1103 2668 Grae⁴
1152 2668 1157 2673 ,

83 2696 123 2747 ce,
143 2681 242 2736 Latine
266 2685 373 2736 corium
398 2684 512 2734 dicitur:
538 2678 652 2734 dicendo
677 2696 743 2742 ergo
772 2682 961 2747 circumdare,
985 2685 1104 2736 ostendit

77 2750 223 2819 ¹corrigiam
246 2752 280 2806 de
304 2753 380 2804 corio
397 2753 518 2810 saetam.)
536 2773 570 2789 —·
606 2755 667 2807 358.
693 2749 797 2815 Terror
822 2764 873 2819 pro
889 2758 1000 2820 tergore
1018 2745 1102 2821 [21³⁰-

82 2821 139 2880 nin
168 2820 245 2887 quia,
276 2816 366 2890 qualis
391 2837 473 2872 causa
498 2822 565 2884 luit,
598 2818 653 2869 tale
674 2833 778 2868 nomen
803 2816 916 2888 accepit.
963 2820 1103 2886 Carthago

71 2883 148 2951 fenim
165 2895 247 2941 autea
263 2890 384 2960 speciem
406 2888 505 2940 habuit
522 2887 636 2958 duplicis
655 2901 689 2954 op
709 2885 762 2950 idi,
786 2886 863 2953 quasi
886 2886 960 2938 aliud
982 2888 1102 2940 alterum

78 2956 316 3026 complecteretur3
346 2958 423 3009 cuius
450 2955 568 3008 interior
591 2971 655 3026 pars
696 2970 767 3020 yrse
799 2953 953 3006 dicebatur.
983 2954 1103 3008 exterior

79 3022 212 3092 Megalia.
245 3026 332 3078 Huius
349 3026 391 3078 rei
405 3027 482 3078 testis
499 3033 540 3077 est
556 3021 701 3076 Cornelius
717 3023 824 3091 Nepos,
846 3019 875 3074 in
893 3038 926 3074 eo
941 3022 1030 3089 libro,
1050 3019 1103 3091 qui

67 3090 129 3156 ,lita
154 3094 304 3146 illustrium
326 3092 505 3158 inscribitur.)
539 3093 646 3160 (Guelf.
663 3091 684 3141 1.
709 3085 789 3140 Facti
807 3091 839 3140 de
858 3107 948 3157 nom,
972 3090 1006 3142 de
1029 3107 1102 3152 caus.
1176 3100 1180 3104 '

78 3161 141 3228 pret
159 3162 305 3230 significat.
339 3164 375 3214 Et
391 3163 486 3215 aliter:
511 3156 651 3228 Carthago
669 3162 751 3210 autea
767 3171 839 3239 spec.
856 3158 920 3210 hab,
937 3154 963 3211 d.
981 3175 1064 3229 opp,
1075 3175 1102 3226 q.

76 3230 104 3281 al.
121 3230 167 3282 alt.
192 3231 424 3301 amplecteretur,
449 3239 498 3284 etc.
522 3247 553 3280 us
582 3247 607 3280 re
631 3228 666 3278 ad
691 3226 878 3290 inscribitur.)
897 3251 931 3262 —
966 3232 1025 3284 369.
1050 3226 1102 3277 Sed

76 3316 118 3350 ros
136 3287 192 3367 qui
214 3298 350 3351 tandem?
374 3302 459 3352 Vacat
482 3294 536 3350 hot
555 3247 620 3348 iiico
645 3296 763 3344 tandem.
799 3284 890 3361 [Velui
907 3300 972 3346 ente
995 3295 1103 3351 videtur·

75 3366 203 3436 expletiva
227 3366 400 3433 coniunctio,
423 3374 455 3417 ut
480 3375 521 3418 est
544 3364 641 3432 (tlte
666 3363 701 3413 Et
725 3378 777 3429 quo
804 3364 855 3413 sub
882 3364 955 3414 coelo
982 3364 1102 3414 taudem.

74 3437 120 3488 Alii
137 3437 252 3486 tandem
270 3452 321 3508 pro
338 3445 432 3488 tamen
450 3430 607 3503 accipiunt.)
642 3432 678 3481 Et
695 3439 735 3484 est
758 3428 889 3482 naturalis
905 3431 1101 3499 interrogatioi

74 3506 119 3570 qui
143 3504 234 3556 estis?
258 3503 351 3557 unde?
373 3505 416 3556 vel
440 3520 493 3572 quo
520 3501 583 3552 itis?
606 3499 680 3550 Sicut
705 3500 763 3568 ipse
787 3501 816 3550 iu
839 3501 906 3550 VIII.
931 3498 1013 3565 (113.)
1036 3500 1103 3550 lieet

71 3581 175 3635 vinritato
195 3573 309 3626 ordine:
327 3571 389 3639 Quo
408 3570 540 3636 tenditis,
558 3568 671 3636 inquit?
699 3568 758 3634 Qui
774 3568 886 3636 genus?
906 3570 978 3618 unde
997 3565 1101 3619 domo?

74 3665 103 3679 —·
135 3644 199 3699 371.
223 3638 337 3710 Imaque
355 3643 468 3692 trahens
487 3656 503 3689 a
522 3651 627 3705 pectore
646 3651 753 3700 vocem;
777 3637 852 3687 deest
874 3636 947 3687 dixit.
982 3635 1018 3685 Et
1035 3650 1103 3703 quo*

72 3710 137 3762 tiens
154 3710 239 3776 longe
262 3727 294 3762 re
328 3711 425 3778 ondet,
447 3707 620 3760 Parenthesis
638 3713 692 3766 esu
716 3705 843 3774 quotiens
862 3716 1013 3784 nusquam,
1030 3701 1103 3782 belia

74 3779 121 3848 psis
139 3778 251 3842 dicitur,
267 3786 299 3828 ut
336 3795 367 3830 oc
384 3775 452 3831 loc'o.
470 3802 505 3816 -
539 3784 600 3832 372.
620 3772 645 3826 Ο
665 3772 732 3836 anu
750 3780 907 3842 perseverat
921 3784 952 3822 m
969 3772 1099 3842 opimone

73 3862 128 3898 ura:
152 3846 196 3896 ite
212 3851 323 3913 tamen,
345 3850 376 3896 ut
399 3854 427 3897 et
447 3845 518 3896 illius
543 3837 670 3895 orationi
684 3841 831 3910 aliquando
854 3840 1004 3892 concedat.⁴
1027 3839 1101 3888 Nam

103 3915 147 3966 ulo
173 3920 238 3983 post
262 3915 316 3979 ait,
341 3915 373 3965 Si
397 3924 504 3964 vestras
523 3913 600 3982 forte
624 3929 673 3977 per
697 3927 780 3958 aures
800 3908 902 3958 Troiae
928 3920 1028 3959 nomen
1053 3908 1097 3966 iit.

72 3926 120 4034 ila
135 3990 214 4049 certe
230 3980 300 4034 illud
316 3984 370 4050 est,
393 3982 466 4052 quod
482 3980 606 4052 superius
623 3980 739 4031 dixerat:
762 3971 806 4026 An
832 3974 1018 4043 nympharum
1036 3986 1102 4025 sam

805 4092 906 4151 ,δ”
