2454 4500
442 300 697 397 rrtrrmo
1039 297 1087 360 rx

10 520 13 543 .
73 489 250 570 Augustinus
268 487 309 568 ²)
342 483 548 546 Garsiodorua
569 481 609 560 1)
645 481 709 541 nisi
737 480 823 541 forte
851 479 991 543 Cassiod.
1018 483 1085 543 aiio

72 578 161 652 quovis
177 573 322 633 Cornuto
344 573 464 642 utitur3
486 586 565 627 nem
589 567 631 625 de
650 566 797 646 pluribus
815 565 968 628 Goruutit
990 568 1086 629 docte

70 659 194 739 disputat
214 659 384 719 Fabricius
396 653 436 729 1).

132 743 343 806 Haterianus
364 752 414 800 ter
435 750 584 817 quaterve
607 735 772 796 evidenter
792 736 914 815 legitur
935 737 973 797 in
986 736 1085 795 Vero·

67 832 147 888 nenti
167 829 333 907 palimpsr
365 839 437 885 tum
461 836 492 881 et
514 825 640 900 saepius
662 824 759 881 verba
783 822 945 890 eiusdem,
967 826 1085 881 amisso

64 920 201 984 nomine,
232 913 357 973 ibidem
378 910 529 970 videntur
551 924 730 965 occurrere.
773 907 805 966 It
824 910 860 968 i‘n
883 909 1085 987 distinguen-

65 999 104 1057 dis
128 995 467 1078 interpungendisque
499 992 611 1072 poetae
645 992 803 1053 membris
830 1011 962 1072 operam
991 1012 1085 1055 suam

63 1082 230 1147 collocavit.
273 1083 443 1142 Hateriani
473 1079 602 1138 nullum
623 1079 707 1156 quod
730 1081 830 1138 teiam
853 1082 1009 1157 scriptum
1032 1099 1085 1137 ex-

61 1179 111 1241 tat;
141 1171 263 1228 immo·
281 1186 324 1229 ne
346 1183 467 1227 nornen
491 1163 619 1245 quidem
640 1162 727 1223 mihi
759 1160 915 1224 hactenus
938 1179 1008 1225 erat
1031 1184 1085 1223 er·

61 1255 216 1315 auditum.
318 1272 322 1280 ·
354 1270 358 1283 ·
397 1272 402 1283 ·
686 1274 689 1279 ·
771 1300 774 1307 .
1065 1262 1070 1269 ·

129 1334 274 1418 Longus
306 1332 344 1396 in'
371 1333 550 1395 Aeneidem
587 1336 815 1394 commentarit
856 1337 974 1393 citatur
1002 1334 1087 1412 apud

60 1420 206 1490 Servium,-
232 1406 436 1480 Mecrobium
451 1415 485 1495 1)·
499 1434 598 1499 atque
614 1417 798 1479 Charisium
812 1416 851 1492 ⁸).
872 1419 957 1479 Veiii
978 1419 1087 1499 Longi

58 1509 326 1569 commentarium
355 1506 395 1564 de
418 1523 478 1565 usu
500 1504 654 1584 antiquae
687 1503 860 1568 locutionis
890 1525 1088 1565 commemo·

57 1606 96 1651 rat
117 1593 249 1652 Geiiiut
263 1589 301 1670 6)
323 1590 423 1650 aliurn
446 1591 567 1650 librum
591 1588 756 1648 Charisius
773 1590 813 1670 ⁷).
856 1590 959 1650 Liber
980 1590 1086 1670 Longi

58 1679 92 1735 de
109 1676 355 1756 orthographia
374 1677 485 1733 editus
513 1690 560 1733 est
589 1674 794 1734 a.Pntschio.
837 1676 874 1734 In
897 1675 1087 1737 Lucretium

56 1775 429 1840 quoqne-commentatur
446 1758 650 1819 essevidetur
663 1778 705 1817 ex
716 1759 864 1821 Charisio
879 1758 925 1839 ⁸).
967 1760 1087 1823 Utrum

56 1861 159 1906 autem
182 1847 224 1906 ab
248 1867 313 1906 uno
331 1865 375 1905 ·an
399 1848 546 1924 pluribus
568 1845 687 1922 Longis
710 1850 873 1924 praedicta
897 1866 994 1926 opera
1016 1867 1086 1908 tua·

54 1935 217 2003 neverint,
239 1935 275 1992 in
299 1935 461 2014 praesenti
485 1950 551 1988 non
575 1949 701 2009 quaero.

19 2030 27 2097 ,1
130 2013 283 2086 Probus,
313 2018 369 2095 qui
397 2017 433 2076 in
454 2017 574 2074 Veron.
600 2013 752 2092 Palimps.
776 2016 932 2088 occurrit,
965 2016 1022 2077 ille
1054 2036 1088 2075 o-

19 2100 29 2187 )
54 2105 163 2162 mnino
186 2113 246 2172 est,
268 2104 358 2160 cuine
380 2105 572 2160 auctoritate
589 2120 684 2178 saepe
704 2100 805 2158 utitur
824 2100 955 2160 Servius.
1001 2103 1086 2163 Nam

19 2182 28 2281 'p
56 2189 131 2265 quoti
159 2188 293 2247 sudoris
322 2187 488 2265 epitheton
517 2187 725 2264 reprehendit
755 2186 797 2242 ad
826 2187 906 2243 Aen.
930 2193 968 2259 2,
994 2195 1087 2262 173.‚

24 2256 28 2287 ¹
56 2273 136 2332 idem
160 2285 288 2332 constat
307 2273 424 2329 eodem
447 2270 528 2329 ·loco
555 2271 641 2349 apud
671 2271 818 2329 Serrium
843 2271 945 2329 Probo
975 2272 1088 2352 displi-

57 2354 216 2434 suissess).
267 2357 359 2415 idem
391 2362 443 2414 est'
469 2359 560 2415 cuius
584 2354 755 2415 Catholica
781 2355 966 2437 extant10).
1016 2358 1088 2421 lam

57 2443 107 2500 ilie
128 2443 187 2520 qni
205 2444 272 2501 iam
295 2444 350 2508 diu
376 2452 481 2512 extet,
504 2441 579 2499 ideo
603 2442 726 2518 pseudo
744 2475 753 2486 -
774 2439 894 2500 Probus
927 2444 1046 2503 dicitur
1069 2465 1087 2504 a

59 2525 207 2594 Criticiti
244 2531 319 2605 quin
349 2527 483 2584 nonnisi
512 2541 660 2603 excerpta
686 2524 861 2603 quaedam,
892 2547 991 2605 eaque
1020 2534 1088 2608 ipsa

38 2660 40 2669 .
58 2610 246 2688 interpolata
264 2628 427 2689 superesse
445 2610 608 2668 videntur.
651 2609 896 2671 Commentatus
918 2629 972 2681 est!
988 2621 1088 2675 etiam

58 2688 306 2754 sarmatiam
326 2696 381 2774 11).
425 2696 501 2753 Eius
515 2699 738 2754 meminerunt
755 2695 928 2756 Suetonius
943 2700 988 2780 1²)
1011 2700 1087 2758 Gel-

19 2832 30 2879 Ι,
60 2778 131 2850 lius,
155 2779 343 2843 Macrobius
358 2779 401 2857 ²³)
425 2781 547 2858 aliique
566 2780 730 2858 permulti.
774 2779 948 2843 Sedenim
973 2784 1088 2847 Critici

19 2862 30 2937 ¹]
59 2882 118 2925 non
141 2881 246 2924 unum
278 2885 347 2924 esse
369 2864 513 2924 Probum
536 2870 650 2924 merito
672 2865 846 2924 affirmant.

135 2951 187 3009 De
209 2950 309 3021 Niso,
340 2947 477 3016 Scauro,
506 2950 647 3028 Sulpicio
670 2963 704 3011 et
725 2951 914 3012 Metrodoro
937 2973 1088 3035 compara

25 3030 30 3105 ζ
58 3035 136 3094 toros
157 3038 195 3094 in
217 3039 429 3093 annotatione
443 3033 601 3116 ’allegatos
616 3032 695 3108 14).s

23 3108 31 3197 i
134 3117 333 3196 Anonymut
353 3121 512 3197 interpres
540 3124 577 3180 in
599 3120 801 3182 membranis
823 3123 892 3181 eine
913 3121 1014 3185 dubio
1034 3146 1087 3185 oe·

16 3202 29 3275 [ζ
56 3206 151 3265 currit
176 3200 237 3277 ¹⁵).
282 3202 325 3262 Et
346 3206 487 3282 plurima
510 3205 629 3264 scholia
651 3209 788 3268 nornine
809 3210 946 3267 auctoris
968 3223 1086 3270 carent.

55 3287 139 3348 Duos
163 3287 245 3348 adeo
267 3291 470 3372 Anonymoa·
488 3291 552 3351 tibi
575 3289 824 3369 deprehendisse
846 3294 926 3352 visus
950 3311 997 3357 est
1019 3296 1087 3354 Ma·

83 3444 112 3510 1)
130 3443 185 3494 1-.1.
202 3452 237 3482 -ό
280 3442 316 3504 ,2)
332 3444 443 3497 Putsch.
464 3465 491 3516 p.
508 3451 581 3503 2282
598 3463 657 3514 sqq.
674 3472 709 3486 ···
761 3445 790 3509 3)
808 3446 877 3498 Bibi.
896 3448 995 3501 Graec.
1013 3451 1045 3503 T.
1063 3462 1090 3509 3.

116 3529 144 3580 p.
164 3517 228 3568 557..
250 3511 294 3563 ed.
310 3513 384 3565 Harl.
408 3540 442 3552 -
493 3515 528 3576 t)
548 3523 621 3579 326.
644 3543 678 3552 -
732 3514 764 3578 5)
788 3516 894 3569 Putsch.
918 3537 944 3587 p.
971 3525 1030 3579 153.
1055 3549 1090 3557 -

117 3582 145 3642 6)
166 3585 216 3643 18,
234 3584 267 3644 9?
284 3584 310 3636 4⁰
327 3608 361 3617 ““
410 3583 438 3643 7)
457 3601 482 3652 P*
502 3591 545 3638 73-
563 3609 597 3621 “““
643 3586 846 3652 8)p·187·¹*'
895 3584 922 3647 9)
939 3588 981 3637 Cf·
1000 3590 1040 3638 fid.
1059 3591 1090 3640 Α.
1196 3628 1199 3633 ,

118 3656 164 3710 10,
184 3652 268 3705 ta-
304 3648 353 3710 10)
366 3650 408 3701 Cf.
428 3649 501 3702 Serv.
518 3653 554 3703 ad
569 3655 635 3704 Aen.
649 3663 676 3718 2,
690 3658 732 3709 15.
750 3662 777 3703 et
794 3653 901 3703 putsch.
917 3674 943 3722 p.
960 3662 1037 3714 trau.
1055 3683 1090 3695 ···
1167 3691 1171 3695 -

11 3724 15 3733 ·
116 3716 167 3778 11)
186 3718 217 3767 V.
235 3716 270 3767 ad
286 3717 399 3788 Adelph.
417 3728 450 3785 3,
467 3729 498 3783 2,
515 3727 558 3778 25.
576 3747 610 3760 ·-
670 3722 715 3782 12)
733 3721 775 3770 De
793 3720 830 3770 Ill.
849 3722 976 3776 Gramm.
994 3732 1037 3784 24·
1055 3752 1089 3763 ·-

118 3784 168 3847 13)
188 3791 221 3848 5,
239 3793 283 3840 22.
301 3811 335 3822 -
388 3789 434 3851 14)
458 3787 530 3840 Seru
550 3790 585 3840 ad
602 3792 632 3840 A.
649 3797 681 3851 3,
699 3793 810 3854 altat.
829 3790 861 3839 G.
879 3802 910 3854 2,
928 3801 989 3849 225.
1016 3795 1088 3846 Geli.

22 3868 27 3879 ·
117 3859 164 3916 ss,
184 3853 227 3910 15.
244 3854 389 3927 ¹Capitolin.
407 3857 437 3906 in
456 3858 534 3908 Vero.
554 3860 642 3909 Macr.
661 3856 714 3906 Sat.
734 3863 759 3921 1,
777 3863 818 3914 12·
836 3860 937 3913 Arnon.
957 3867 983 3916 1.
1000 3881 1028 3928 p.
1045 3867 1088 3918 tu.

116 3922 162 3974 ed.
188 3922 273 3970 Parra.
299 3929 384 3980 1605..
401 3924 467 3975 Mai.
491 3927 532 3977 int
551 3946 577 3996 p.
606 3928 673 3978 Aen.
698 3936 732 3990 2,
754 3930 815 3982 299·
841 3931 875 3990 9,
898 3933 959 3984 369.
989 3930 1090 3986 Donat.

116 3991 177 4040 vir.
194 3988 289 4053 Virgib
308 4007 331 4041 e.
349 3997 392 4050 15.
410 3992 493 4048 Prob.
507 3945 549 4048 ad
560 3995 599 4047 G.
613 4005 645 4059 2,
662 4000 726 4054 225-
743 4023 776 4037 ν
818 3995 930 4055 15101.
946 3997 978 4050 E·
996 4007 1030 4065 3,
1046 4003 1090 4061 40.

116 4060 147 4113 A.
169 4063 285 4126 22173·
303 4064 336 4125 9,
353 4065 418 4119 369.
