2454 4500
145 279 179 320 m
203 260 360 324 vmou.
383 251 553 324 leuem.
576 262 656 324 nie.
680 264 763 335 vus.
787 255 991 335 ort-sir„
1026 269 1093 353 rer
1158 250 1163 259 ’

57 442 160 493 virtuto
208 441 353 494 omittebat
367 451 454 508 peter,
471 447 605 496 solatium
619 447 751 513 (solatia),
765 446 841 512 qstis,
851 445 952 498 amissa
964 444 1088 512 coniuge,

59 512 166 579 unici,⁸
185 511 201 560 ‘i
220 511 348 561 utebatur
363 512 468 564 solatio.
501 514 560 580 [Eet
583 523 679 567 mrtem
700 514 850 579 solatium,
873 513 1024 581 praetentis
1048 511 1087 563 di·
1127 572 1130 577 ι

56 579 177 630 minutio
194 577 339 642 tristitiae]
350 607 385 618 -
419 586 479 638 515.
498 581 644 644 Tolerare3
660 582 736 652 quusi
752 598 815 635 rem
830 598 958 652 asperam
975 588 1003 631 et
1018 579 1087 630 diffi-

56 647 150 699 cilem.
184 648 231 714 [Et
253 664 304 716 per
327 647 381 697 hoc
398 648 534 716 significet
550 652 672 702 nondum
690 666 755 702 eum
771 649 911 715 sufficere,
933 658 965 700 ut
986 648 1086 700 intelli-

55 723 141 783 gatur
165 715 232 782 quid
254 714 337 780 nolit,
367 732 434 768 nam
463 724 491 768 et
514 727 659 785 paternam
690 716 900 781 sollicitudinem
922 725 1026 781 servet,
1058 724 1087 767 et

55 783 204 836 heroicam
220 782 366 847 viruitem,
392 791 420 835 et
435 784 498 836 ideo
515 803 571 837 non
588 788 644 838 vult
660 785 823 856 simpliciter
840 784 946 850 dic'ere,
961 784 1086 836 nondum

57 850 162 904 dehere
186 866 304 920 puerum
350 867 471 919 ugnas-e,
492 853 540 905 sed
564 855 717 906 verecunde
733 855 788 905 Sub
813 866 838 904 te
862 854 979 906 tolerare
998 855 1085 920 magi·

58 918 140 983 stru]
157 946 190 956 -
226 925 286 976 517.
336 922 440 985 iretur3
464 921 598 974 imitetur.
633 923 761 973 Lucanus
784 925 833 988 (9,
855 924 941 984 807.):
964 921 1086 972 Mirato-

59 1002 171 1052 rcmque
186 985 317 1048 Catonis3
332 987 361 1055 [i.
375 1006 399 1041 e.
412 989 603 1057 imitatorem]
636 990 749 1060 Optima
763 989 838 1042 enim
853 990 965 1057 ingenia
977 1004 1086 1042 necesse

59 1064 111 1119 est,
128 1063 158 1105 ut
173 1071 215 1118 ee,
232 1070 303 1122 queo
320 1055 466 1122 mirantur,
482 1056 636 1110 imitentur.
649 1087 684 1096 -
717 1063 778 1116 519.
794 1057 850 1109 Suo
870 1061 998 1118 nomiae;
1014 1057 1087 1109 bene

57 1126 89 1175 in
107 1122 235 1174 oninibus
251 1121 300 1173 filii
323 1124 444 1190 gratiam
467 1126 548 1176 facit:
573 1126 683 1195 [maluit
705 1126 781 1179 enim
803 1140 903 1178 munus
926 1143 1006 1177 suum
1022 1140 1088 1176 oum

58 1207 178 1263 persona
195 1190 253 1241 eiua
269 1192 405 1257 dividere,
428 1206 512 1260 quem
532 1210 581 1244 suo
605 1194 718 1247 nomine
734 1202 824 1244 totum
840 1193 927 1259 dare]
960 1194 1088 1260 Namque

59 1261 144 1324 dicit,
165 1259 213 1309 det
235 1259 286 1310 tibi
305 1259 391 1312 Pallas
414 1260 515 1313 milites
539 1263 670 1313 ducentos
692 1277 742 1312 suo
765 1263 894 1315 nomine:
915 1264 973 1332 ipse
990 1276 1087 1313 veroa

60 1344 107 1381 me
130 1327 248 1393 accipies
272 1327 318 1393 (al,
342 1330 474 1394 accipiet,
498 1333 635 1397 accipiat,
658 1330 692 1381 R.
718 1332 872 1399 accipient)
896 1331 1034 1383 ducentos.
1053 1354 1088 1366 -

60 1402 123 1456 520.
147 1393 316 1462 [Dtfiaipue
341 1414 391 1447 ora
418 1399 563 1462 tenebant5
587 1407 635 1450 aust
656 1398 798 1451 tacebant:
822 1406 853 1449 ut
876 1399 928 1465 (G.
946 1402 980 1463 4,
995 1397 1087 1458 ddi-l:

61 1463 218 1530 Tenuitque
243 1463 361 1515 initians
385 1468 441 1515 tria
461 1465 594 1516 Cerberus
613 1484 677 1517 ora:
704 1475 752 1517 aut
774 1465 941 1534 stupebant]
957 1491 991 1503 -··
1025 1472 1087 1523 522.

62 1532 154 1583 Tristi
179 1548 242 1580 cum
267 1534 363 1596 corde,
388 1541 502 1603 propter
525 1534 688 1585 brevitatem
710 1534 881 1585 auxiliorum.
921 1533 1088 1603 [Parabant,·

60 1601 152 1668 ligura
168 1616 218 1669 per
232 1605 374 1669 tempora;
399 1603 551 1668 putabant,
574 1602 652 1668 quasi
675 1609 827 1672 putassent,
850 1601 902 1653 nisi
919 1603 1027 1669 signum
1044 1599 1091 1652 de·

60 1671 158 1732 distet3
181 1674 230 1720 aut
252 1676 328 1720 certe
349 1672 500 1735 putabant,
524 1670 689 1738 rogitabant
723 1669 802 1721 Unde
820 1677 848 1720 et
863 1670 976 1721 arbores
992 1670 1090 1736 putari

61 1737 204 1801 dicuntur,
228 1735 293 1803 quia
309 1736 358 1787 diu
374 1737 557 1802 deliberetur,
582 1738 647 1805 quid
664 1738 702 1790 eis
725 1737 810 1788 adimi
827 1738 942 1802 debeat,
964 1738 1029 1804 quid
1045 1753 1090 1789 re-

61 1805 164 1872 linqui:
194 1803 295 1856 Putare
318 1813 360 1856 est
382 1812 412 1857 et
434 1807 603 1871 discernere,
633 1815 661 1859 et
685 1805 714 1856 in
737 1813 830 1876 partes
853 1806 995 1873 redigere,
1024 1804 1089 1856 iude

63 1871 227 1937 imputare]
245 1900 278 1910 -
314 1878 375 1929 523.
401 1873 481 1925 Coelo
507 1885 617 1939 aperto‚·
640 1889 756 1937 sereno,
778 1881 809 1923 ut
832 1873 881 1939 (G.
900 1880 931 1935 1,
948 1875 1032 1933 393.):
1055 1872 1090 1922 Et

62 1954 160 2007 aperta
177 1957 275 1991 serena
295 1939 469 2008 Prospioere,
492 1942 531 2009 [in
558 1957 590 1994 eo
607 1949 648 1994 est
663 1941 740 1993 enim
758 1942 831 2010 quod
848 1934 936 2010 (tjuid)
954 1941 1043 2010 aperti
1059 1937 1096 2004 *J

61 2032 97 2049 a·
129 2012 189 2067 524.
209 2010 382 2076 improviso;
400 2010 504 2060 nullum
523 2011 598 2060 enirn
614 2009 747 2061 indicium
764 2015 950 2076 praecesserat
966 2008 1090 2059 nubium.

60 2078 227 2150 [Vibratus5
263 2077 388 2146 roprium
404 2078 523 2129 telorum
537 2079 572 2131 ed
588 2078 697 2146 fulgura
709 2077 867 2142 transmlit]
899 2076 923 2126 F
925 2077 1020 2144 ulgor;
1035 2076 1053 2126 i.
1067 2094 1091 2129 e.

61 2147 189 2214 fulgetra.
222 2147 234 2213 [
258 2152 270 2194 t
292 2145 347 2197 tria
365 2161 468 2214 genere
485 2147 617 2224 fulgoris
645 2161 702 2198 esse
720 2146 863 2208 dicuntur,
886 2158 975 2197 urium
992 2142 1090 2197 Consi-

63 2217 197 2276 liarium,
213 2213 261 2263 ubi
278 2212 344 2281 quid
361 2214 542 2282 cogitantibus
559 2215 637 2266 nobis
654 2212 769 2280 aoeidit,
786 2215 860 2283 quod
877 2221 949 2265 vetat
965 2221 1011 2264 aut
1028 2213 1091 2264 hor·

60 2291 151 2343 tatur3
168 2281 288 2332 uterum
306 2284 498 2347 auctoritatis,
522 2283 595 2351 quod
613 2282 703 2335 evenit
718 2300 750 2334 re
767 2290 857 2353 gesta,
881 2281 953 2349 quod
977 2280 1092 2349 probet;

59 2351 177 2404 tertium
195 2361 298 2399 statum
316 2358 371 2415 est,
384 2350 444 2401 'nbi
460 2367 511 2402 nec
529 2351 592 2402 novi
609 2350 757 2420 quicquam
773 2351 906 2418 gessimus
921 2366 972 2403 uec
990 2350 1092 2420 eogita-

60 2435 139 2483 mus,
159 2418 206 2470 sed
230 2418 328 2485 quietis
352 2418 452 2470 nostrie
475 2418 557 2471 rebus
580 2419 714 2484 fruimur,
737 2419 784 2472 sed
801 2419 855 2470 duo
877 2418 948 2474 haec
965 2434 1036 2485 quae
1052 2433 1092 2468 se·

61 2494 185 2558 quuutur
201 2486 237 2537 ad
253 2485 346 2537 locum
361 2487 436 2538 huno
452 2502 507 2538 non
526 2487 671 2555 pertinent.
707 2487 832 2539 Primum
849 2503 915 2539 sane
939 2494 1002 2554 apte
1018 2486 1091 2536 vide·

59 2565 109 2607 tur
137 2553 262 2617 aduecti,
294 2554 343 2605 ubi
372 2554 438 2623 quid
460 2555 643 2622 cogitantibus
673 2555 753 2607 nobis
777 2554 893 2618 accidit,
942 2552 996 2604 uod
1018 2560 1091 2604 vetat
1139 2604 1142 2609 ,

60 2632 112 2677 eut
133 2622 276 2685 hortatur,
303 2623 377 2690 quod
395 2623 592 2681 ,consiliarium
614 2623 723 2680 dicitur.
769 2624 842 2674 Nam
874 2630 903 2673 et
950 2621 976 2671 ic
1007 2620 1091 2672 modo

62 2696 171 2745 Aeneae
189 2690 228 2742 de·
239 2689 373 2742 brevitate
389 2691 482 2742 auxilii
499 2690 616 2757 cogitat,
659 2690 706 2742 uie
729 2690 768 2742 ait
784 2690 930 2756 Multaque
948 2691 1020 2740 dura
1038 2705 1091 2741 suo

60 2762 142 2812 tristi
160 2776 222 2808 cum
241 2759 320 2809 corde
337 2756 490 2826 pumicare
513 2758 600 2809 etsie
635 2708 715 2828 llgur
730 2759 836 2815 iactum
854 2765 908 2822 est,
930 2757 1003 2824 quod
1027 2771 1093 2812 eum

62 2830 195 2882 hortetur
210 2844 247 2881 ne
263 2827 418 2878 debelliois
435 2824 560 2885 subsidiis
575 2824 721 2899 desperet]
736 2851 772 2868 υ-
805 2833 866 2883 525.
885 2825 955 2877 oum
980 2827 1092 2888 souitu,

62 2897 184 2948 tonitrus
200 2894 311 2947 scilicet
344 2895 381 2945 Et
395 2900 427 2942 ut
443 2893 559 2945 diximus
575 2909 658 2960 supra
675 2895 774 2958 (tat),
799 2892 924 2944 ordinem
941 2893 1030 2945 tenuit
1047 2893 1094 2960 qui

63 2964 149 3018 nobis
163 2970 292 3033 apparet,
308 2970 340 3013 ut
355 2962 488 3029 fulgetras
504 2960 579 3012 dicat
593 2961 715 3031 priores,
730 2978 795 3012 eum
812 2961 867 3015 sint
882 2967 946 3016 ente
961 2961 1092 3015 tonitrua.

63 3034 159 3084 Ruers
177 3032 290 3094 omnia,·
306 3031 344 3081 sio
361 3031 437 3081 euim
452 3038 546 3094 sonat,
562 3036 594 3079 ut
609 3028 732 3082 videatur
749 3030 845 3084 ruine:
858 3027 937 3083 'alibi
954 3033 992 3098 (1,
1010 3028 1095 3088 120.)ε

66 3100 200 3167 coelique
219 3101 313 3150 ruina.
347 3097 422 3150 Bene
441 3107 533 3151 autem
550 3097 715 3168 temperavit
730 3097 835 3151 dioens:
865 3097 949 3160 Visa,
968 3096 1000 3169 [i.
1018 3114 1042 3146 e.
1053 3095 1096 3147 'ad

65 3168 228 3240 opinionem
245 3162 351 3230 animi]
363 3193 399 3204 -
433 3172 494 3224 526.
511 3165 727 3235 Tyrrhenusque
740 3173 805 3227 etc.;
823 3165 998 3233 Tyrrhenum
1018 3164 1095 3214 clun.

66 3252 163 3307 goram
180 3234 247 3288 dixit
263 3237 360 3299 tubae,
382 3233 445 3286 ideo
462 3235 527 3304 quie
544 3233 616 3303 apud
633 3234 736 3285 Tisscos
759 3235 857 3286 tubam
874 3240 981 3283 constat
1002 3231 1098 3287 invene

69 3314 138 3358 tam.
181 3305 257 3372 Ergo
281 3302 444 3370 Tyrrhenus
467 3304 599 3370 clangor,
621 3316 703 3357 tonus
726 3301 934 3371 Tyrrhenarum
956 3299 1096 3356 tubarum.

66 3375 106 3427 Et
121 3373 193 3426 hene
210 3371 339 3440 congruis
354 3371 492 3423 ominibus
516 3386 596 3425 orme
614 3369 776 3425 nuntiantur
812 3388 842 3423 er
859 3384 940 3420 sonos
955 3364 1096 3420 tubarum.

67 3439 118 3504 [Et
133 3440 251 3509 figurate
267 3456 318 3509 per
336 3439 451 3508 epitheti
466 3439 691 3493 immutationem
709 3438 783 3506 'Pyrr
803 3455 870 3491 enac
888 3438 985 3493 tuboes
1009 3437 1097 3492 Vetto

67 3512 105 3562 de
129 3508 230 3562 seculis
253 3509 383 3557 auditum
407 3525 508 3559 sonum
532 3510 614 3563 tubae
640 3507 672 3561 dc
697 3507 771 3559 coelo
796 3505 870 3559 dicit.
912 3504 1025 3559 Videtur
1051 3503 1097 3554 hio

68 3584 227 3647 opportune
243 3575 405 3644 Tyrrhenae
429 3579 510 3629 tubae
526 3577 600 3629 facta
623 3576 744 3640 mentio,
769 3574 872 3627 utiam
945 3572 1098 3629 rhenornrn

70 3654 163 3699 castra
185 3661 284 3697 vocare
305 3643 429 3696 videatur
452 3646 557 3701 Aeneas
582 3644 749 3712 (videantur
766 3640 907 3696 Aeneam?
926 3640 945 3705 .]
967 3665 1002 3682 «-
1036 3646 1096 3702 527.

70 3714 182 3781 Fragor
205 3717 316 3765 intonat
347 3714 465 3779 ingens3
491 3712 595 3784 fragor
625 3719 668 3765 est
696 3711 808 3781 proprie
838 3724 981 3765 armorum
1010 3723 1099 3764 count·

70 3782 155 3850 Quod
177 3790 271 3835 autem
295 3780 362 3832 dicit
385 3784 510 3846 intonas,
530 3781 599 3833 illud
621 3787 726 3849 spectet
749 3784 816 3846 (12,
833 3776 925 3838 finti:
954 3777 1100 3832 Fulminat

72 3854 183 3903 Aeneas
200 3851 306 3913 armis,·
330 3864 401 3916 quae
418 3849 474 3899 vult
489 3851 602 3917 fragore
624 3848 760 3912 tonitrua,
783 3846 928 3913 splendore
950 3845 1100 3914 isdgetram
1133 3910 1136 3915 Ι

71 3919 187 3975 imitari.
220 3918 284 3969 Non
309 3925 401 3969 autem
425 3918 531 3968 mirum
554 3925 607 3980 est,
630 3934 647 3968 a
663 3918 772 3967 Venere
795 3915 882 3966 allatis
905 3914 991 3967 armis
1013 3913 1100 3965 inesse

73 3988 225 4058 sugerem.
260 3985 334 4042 Nam
352 3994 382 4043 et
393 3987 529 4044 Homerus
546 3985 621 4054 dicit,
635 3984 783 4044 aThetide
800 3983 890 4039 oblata
905 3996 985 4037 erma
997 3981 1101 4034 hebere
