2454 4500
109 230 171 319 na
264 288 266 292 -
367 247 505 313 saavu
518 234 882 323 commutamus
897 224 923 355 J

106 437 181 501 dior,
197 434 216 486 i.
234 435 463 492 atlanteum
480 437 622 509 ingressu]
657 439 764 494 Tristia
782 429 859 493 diota
880 438 1018 515 reportat,-

105 507 162 556 tiat
196 503 277 558 More
301 522 349 556 suo
376 506 498 560 breviter
522 509 647 560 habitum
670 513 778 563 iuttuaa
802 512 1024 567 orationirosten

105 579 165 633 116.
183 573 327 641 Sanguine
345 582 410 640 etc.,
434 580 645 644 cumprimum.
679 578 730 629 Hic
746 578 974 649 inunguendum
990 591 1024 635 eat

105 655 133 696 et
149 643 234 713 semel
249 643 285 694 ad
302 643 417 695 Troiam
441 653 553 697 ventum
577 655 631 698 est:
654 655 683 699 et
703 655 767 699 ante
783 663 871 715 qiman
893 648 930 701 ad
946 668 1024 703 eram⁴

103 722 164 776 tur,
187 710 221 762 de
238 713 249 761 Ι
268 711 380 778 hig'enia
404 721 444 765 eet
465 715 655 766 sacrificatum
689 715 791 767 Fabula
814 731 881 769 vero
904 717 967 769 tolie
988 725 1024 771 eat

104 779 206 833 Graeci
228 731 268 834 ad
286 781 412 832 Aulidem
437 783 585 848 venissent,
608 788 799 852 Agamemnon
820 784 928 839 Dianae
951 803 1024 839 cerm

104 849 226 913 cerrum)
245 855 320 917 (cum
337 850 462 911 venatur)
481 851 581 903 occidit
596 853 709 920 ignarus
725 852 766 919 [iu
782 853 949 919 venatione]
982 855 1024 905 Unr

100 922 174 973 irata
190 917 272 969 flatus
288 925 432 968 ventorum
448 919 507 986 [qui
524 920 560 971 ad
577 921 691 973 Troiam
707 898 856 985 ducdbant]
880 922 1015 991 suspendit

102 986 244 1050 removit),
268 984 303 1035 ob
321 1002 405 1052 quam
427 1004 491 1051 rem
513 1005 577 1038 cum
594 1007 645 1040 nec
663 989 791 1054 navigare
808 998 932 1058 possent,
957 999 984 1041 et
1014 1010 1024 1043 e

100 1056 170 1109 tiam
193 1054 371 1120 sustinerent,
399 1056 523 1109 consulta
545 1057 614 1124 [per
638 1055 837 1121 Calchantem]
861 1057 971 1111 oracula
991 1007 1024 1110 du

101 1122 321 1191 Agamemnonio
343 1122 491 1190 sanguine,
515 1123 578 1193 [hoo
602 1133 643 1176 eat
665 1124 808 1178 immolata
824 1124 977 1195 Iphigenia]
991 1142 1024 1179 eo

101 1193 219 1245 caudam
235 1191 363 1243 Dianam.
397 1193 471 1259 Ergo
495 1209 559 1243 cum
583 1193 619 1246 ab
636 1193 712 1246 Ulixe
736 1209 788 1261 per
803 1193 963 1263 nuptiarum
977 1195 1023 1246 tim

101 1279 182 1326 nem,
200 1259 258 1327 (qui
275 1259 446 1328 Iphigeniam
460 1261 558 1312 Achilli
575 1260 743 1330 iungendam
759 1260 905 1331 fingebat)
921 1263 1024 1315 adducn

92 1329 199 1401 ¹genia,
216 1330 244 1380 in
263 1344 295 1380 eo
314 1335 398 1392 esset,
415 1336 446 1378 ut
462 1329 672 1396 immolaretur,
687 1330 809 1381 numinis
826 1330 1023 1384 miserationes

103 1408 307 1465 maceratque
323 1396 477 1467 supposita,
495 1405 523 1449 et
539 1399 670 1451 translata
687 1399 722 1451 ad
739 1397 889 1451 Tauricam
905 1398 1024 1467 regionem

102 1466 221 1520 Thoanti
237 1465 339 1517 tradita
356 1472 411 1529 eat,
426 1463 611 1534 sacerdosque
628 1469 702 1521 iacta
718 1465 872 1535 Dictynnae
888 1468 1006 1532 Dianae,
1019 1478 1024 1529 l

100 1536 214 1606 quidam
229 1533 335 1597 volunt,
360 1531 474 1586 Orthiae
491 1535 612 1598 Dianae;
635 1535 719 1603 quiae)
742 1552 807 1587 cum
824 1537 974 1589 semmdmn
994 1543 1024 1585 ata

101 1602 325 1657 consuetudinem
341 1601 463 1653 humano
480 1604 612 1671 sanguine
625 1621 728 1655 numen
742 1603 875 1671 placaret,
890 1604 1024 1673 agnoritlp

100 1674 233 1725 Oresten:
256 1671 304 1739 qui
328 1676 440 1738 accepto
464 1670 593 1738 oraculo,
613 1671 726 1725 carendi
751 1670 1024 1739 (Burn1.curandi)l

100 1755 264 1793 causacum
281 1739 369 1791 amico
386 1738 485 1808 Pylade
491 1756 499 1803 3
522 1743 551 1806 (a
566 1740 644 1792 cuiue
661 1748 754 1809 patre,
770 1739 870 1791 Strolio
886 1741 1009 1804 nominc,

100 1811 236 1873 nonaum.)
262 1807 378 1859 Colchos
396 1808 526 1876 petierat:
550 1816 657 1861 etcum
681 1807 723 1860 hia
748 1800 837 1859 dcciro
855 1806 993 1872 Thoante,
1011 1824 1024 1856 a

99 1894 180 1931 erum
197 1877 309 1933 sustulit,
319 1876 508 1927 absconditum
525 1879 599 1929 fasce
623 1877 771 1946 lignorum.
804 1877 884 1929 Unde
902 1885 931 1929 et
944 1874 1024 1928 Fascel

95 1947 220 2016 jaceris,
243 1947 303 1996 Vos.
315 1943 436 2013 facetis,
459 1945 493 1996 R.
506 1946 625 2013 facilis,
649 1945 739 1997 Guelf.
755 1943 776 1995 1.
793 1943 930 2012 sarcilia,
951 1941 1024 1997 all'l

101 2013 160 2077 dis)
177 2013 292 2066 dicitur:
309 2027 365 2064 non
381 2019 489 2064 tantum
507 2033 523 2065 a
539 2015 609 2079 face,
625 2030 690 2064 cum
707 2028 761 2082 qua
777 2014 911 2081 pingitur,
925 2019 1024 2084 propter

100 2092 128 2136 et
144 2082 273 2133 Lucifera
290 2080 403 2132 eliciunt
421 2090 450 2132 et
465 2082 582 2133 Aritiam
599 2081 702 2135 detulit
736 2080 788 2133 Sed
805 2097 870 2133 cum
888 2090 981 2148 postea
991 2080 1024 2129 lit

99 2165 242 2202 sacrorum
255 2148 399 2201 crudelitas
413 2149 577 2216 displiceret,
594 2165 753 2219 qumquam
768 2150 839 2201 servi
855 2150 1025 2201 immolarent

100 2219 225 2271 Laconas
248 2226 290 2270 eat
312 2216 401 2269 Diona
423 2219 569 2271 translata:
600 2219 649 2270 ubi
674 2216 800 2269 sacrificii
822 2219 1003 2281 consuetudo,

99 2285 308 2354 scent[ulor]um
324 2285 481 2338 verberibus
498 2287 671 2338 servabatur:
690 2285 745 2352 ‘qui
761 2284 930 2339 vocabantur
946 2286 1024 2336 Bomo

99 2355 164 2424 quia
194 2354 249 2406 aris
276 2354 437 2435 superpositi
460 2355 680 2419 contendebant,
710 2354 757 2420 qui
787 2353 867 2423 plura
897 2363 986 2424 posset
1006 2369 1024 2401 vr

97 2421 240 2476 sustinere.
274 2421 379 2474 Orestia
402 2438 467 2475 vero
492 2439 551 2474 oasa
575 2423 611 2473 ab
634 2421 721 2473 Aritia
737 2422 858 2473 Romam
880 2422 1008 2483 translata

98 2499 162 2544 sunt
185 2493 225 2559 [et
246 2488 367 2554 condita]
390 2499 453 2543 ante
475 2490 610 2561 templum
628 2490 752 2553 Saturni,
775 2484 851 2558 quod
874 2498 918 2543 est
939 2498 1024 2542 ante·

99 2559 256 2629 Capitolini,
273 2558 347 2610 iuxta
361 2559 532 2611 Concordiae
544 2559 685 2626 templum.
726 2559 841 2624 Virgine
860 2574 958 2622 caesa-,-
975 2572 1024 2608 non

96 2630 144 2682 aed
162 2635 192 2678 ut
207 2627 357 2679 videbatur.
389 2629 426 2678 Et
442 2627 596 2690 sciendum,
620 2627 649 2677 in
665 2626 749 2677 sacris
771 2626 899 2679 simulata
922 2643 972 2697 pro
986 2640 1024 2676 rer

97 2697 162 2765 cipi.
201 2694 280 2747 Unde
302 2710 367 2745 cum
392 2696 426 2747 de
450 2695 614 2747 animalibus
636 2710 707 2761 qttae
730 2694 839 2747 difficile
861 2693 1024 2747 inveniuntm

98 2762 320 2818 sacrificandum:
345 2764 380 2816 de
419 2781 470 2817 ane
487 2764 529 2815 rel
545 2780 610 2814 cera
626 2762 713 2826 fiunt,
737 2769 766 2814 et
788 2778 839 2832 pro
856 2763 928 2815 rerie
945 2759 1023 2829 accipi

97 2835 168 2888 Hinc
191 2839 232 2884 est
255 2830 360 2897 et[iam]
383 2783 448 2883 iliud
474 2835 515 2897 (4,
533 2830 621 2892 5t2-):
645 2830 791 2896 Sparserat
815 2842 840 2880 et
858 2832 956 2882 latices
972 2831 1021 2881 sim

93 2903 190 2973 sontis
214 2899 325 2965 Averni.
368 2901 440 2952 Nam
463 2908 491 2952 et
514 2901 544 2950 in
567 2900 669 2968 templo
692 2898 768 2949 Isidis
792 2915 864 2965 aqua
886 2915 979 2970 aparaa
998 2896 1024 2946 de

97 2988 155 3023 esee
175 2968 323 3021 dicebatur.
342 2994 377 3005 ·-·
413 2976 470 3025 117.
488 2968 626 3032 (Venistis
644 2966 681 3016 ad
699 2984 778 3030 orat,
802 2967 968 3034 liguratmm
983 2979 1024 3014 ctu

97 3055 176 3092 mum
206 3036 298 3088 venire
328 3037 438 3091 velletis.
487 3037 556 3089 Sane
586 3036 638 3086 hoc
660 3036 695 3086 de
718 3035 864 3104 Iphigenia
887 3050 984 3088 verum
1010 3049 1024 3083 e

97 3113 158 3165 116.
172 3106 316 3172 Sanguine
330 3112 396 3166 etc.;
412 3105 466 3155 hoo
478 3106 578 3158 falsum
595 3111 648 3163 eat,
667 3110 696 3154 et
712 3103 782 3155 bene
801 3104 978 3156 oraculorum
992 3116 1024 3153 na

95 3184 200 3240 servat,
225 3181 335 3236 utare
352 3173 409 3243 ipsa
425 3189 534 3244 temper
551 3172 696 3242 incipiant,
719 3178 751 3220 ut
773 3170 841 3231 alibi
858 3176 900 3240 (3,
916 3171 986 3232 94t):
1006 3165 1024 3216 Ε

87 3246 182 3297 -nidae
213 3243 296 3305 duri,·
325 3242 442 3307 dicendo
474 3243 549 3295 enim
574 3240 774 3304 Dardanidae,
805 3240 938 3302 ostendit,
967 3251 1024 3318 quat

95 3321 191 3384 petere
207 3311 347 3371 debeant.)
381 3309 513 3377 Argolica
532 3318 596 3371 eta,
621 3306 686 3376 quia
710 3307 876 3359 occurrebat
898 3306 1024 3371 occinn

95 3382 200 3446 (Burm
217 3378 310 3463 porse)
335 3378 479 3446 captivum.
515 3378 607 3445 (Ergo
634 3376 695 3427 ideo
713 3375 818 3426 addidit
835 3377 983 3443 Argolica,
1004 3388 1024 3449 ¹¹!

96 3457 166 3500 earet
189 3456 266 3500 triste
282 3447 433 3497 araculmn.
467 3444 579 3496 Videtur
594 3462 660 3496 eane
678 3442 777 3512 peritia
800 3442 868 3494 iuria
885 3436 1024 3495 Pontificat

95 3517 177 3568 malis
193 3516 298 3567 hostiae
316 3512 486 3565 mentionem
503 3512 612 3575 facisse,
629 3527 693 3562 cum
711 3511 791 3562 dicit:
808 3512 965 3581 Animaque
981 3511 1024 3560 lna

96 3585 248 3651 Argolica,-
272 3599 339 3634 nam
356 3589 384 3634 et
400 3582 527 3631 animam
545 3580 626 3645 daie,
649 3587 677 3629 et
694 3580 775 3630 litare
792 3579 878 3631 verbo
896 3574 1024 3649 pontifice}

96 3653 163 3771 im,
186 3653 202 3702 i.
222 3651 259 3716 e]
282 3648 420 3702 sacrificiis
438 3649 502 3700 deos
519 3646 660 3716 placare3)
685 3647 743 3714 [aed
760 3648 813 3701 hoo
830 3649 860 3699 in
877 3646 986 3716 liquata
999 3642 1024 3693 u

109 3723 163 3782 ito,
186 3728 218 3771 ut
242 3721 314 3771 liba.-
338 3735 355 3769 a
372 3719 423 3768 lito
449 3723 542 3768 autem
558 3714 589 3765 h't
610 3718 681 3766 litua
698 3731 732 3766 eo
748 3715 825 3783 quod
846 3714 979 3767 interluit.
992 3734 1023 3749 ·-

97 3789 226 3854 (Obstap.
246 3788 354 3848 animi,
372 3782 561 3851 nautea-enim
578 3782 767 3840 crediderumt,
784 3798 813 3834 aa
830 3784 923 3853 perire
939 3797 1024 3852 poeto,

116 3872 181 3906 uam
205 3872 273 3907 imm
297 3861 367 3907 earet
389 3848 530 3910 delectur.)
547 3875 581 3887 --
616 3856 676 3907 121.
699 3850 768 3918 [Cui
785 3850 870 3917 satem
894 3850 913 3901 i.
931 3867 955 3902 e.
977 3863 1024 3915 req

96 3871 214 3983 ‚i'arentr
237 3921 282 3973 cui
300 3920 446 3990 (responsa)
470 3924 635 3987 praeparent
658 3926 787 3970 mortem.
823 3917 903 3981 (Sunt
927 3916 974 3984 qui
994 3915 1024 3964 ita

95 3992 177 4045 dant:
194 3990 248 4045 cai
256 3989 322 4060 fata
334 3987 546 4056 pannardum,
563 4002 642 4053 quem
658 3986 869 4055 poroatApollo,
885 3991 916 4037 ut
928 3983 1024 4037 moriat
