2454 4500
80 306 86 313 ·
157 287 219 354 π
242 290 403 359 VIRGIL.
424 292 598 357 usuum.
620 293 701 359 LIB.
724 295 780 369 Vl,
801 301 1000 368 772-780.
1053 303 1117 368 403

10 458 29 521 ,¹
70 486 135 537 772.
157 475 248 530 Civili
263 480 388 546 tempora
408 494 510 548 quercu
519 503 529 544 ,·
553 471 645 534 civic'a
668 445 766 534 ddbmt
789 481 897 547 dicere,
921 462 970 535 sed
992 482 1117 536 mutavit.
1201 546 1204 551 ¹

26 594 29 601 ,
69 549 113 607 At
129 555 245 600 econtra
269 549 399 601 Horatius
424 549 661 617 (Carn1.2,1.):
683 550 794 601 Motum
818 568 851 601 ea
868 550 981 604 Metello
999 555 1115 605 consule

70 618 213 681 cicinum,
237 631 291 684 pro
317 619 437 670 civilem.
478 618 634 686 Querceam
657 626 752 671 autem
775 635 910 671 coronam
931 621 1115 701 accipiebant,

68 685 120 753 qai
143 685 175 737 in
199 685 273 738 bello
296 686 386 738 civem
409 694 561 739 servassent
585 688 635 754 (al
652 687 845 753 liberassent),
867 689 933 740 ideo
958 706 1024 757 qiua
1047 699 1112 745 ante
1149 722 1153 732 ·

28 798 34 815 ,,
69 768 157 806 causa
180 752 252 806 iitae
273 754 304 805 in
327 755 381 807 hac
406 753 507 808 arbore
531 756 693 807 hominibus
709 757 775 821 luit,
798 758 847 824 qui
863 757 1008 825 glandibus
1023 756 1114 812 vesce'-

68 821 184 883 bantur.
218 823 308 891 [Unde
326 822 439 875 Ovidius
455 824 484 875 in
502 824 620 876 Metam.
640 825 935 894 (1,106.):thuae
953 828 1115 879 deciderant

71 892 174 960 patula
199 891 278 942 locis
303 893 403 943 arbore
427 894 554 960 glandes.
589 893 667 946 Unde
685 895 873 946 Iovis-arbor
896 895 1010 960 dicitur,
1035 895 1114 964 quasi
1192 950 1195 955 ,

90 978 123 1013 er
143 976 230 1028 quam
246 959 370 1037 Iuppiter
386 977 449 1012 suos
465 962 553 1014 aleret
568 960 703 1031 populos]
736 961 817 1015 Aliae
830 963 906 1014 enim
923 973 1003 1016 erasit
1018 979 1114 1017 mura·

67 977 126 1083 les:
144 1028 222 1081 aliae
244 1029 389 1097 agonales,
412 1030 430 1081 i.
448 1048 472 1083 e.
496 1030 683 1084 lemniscatae.
717 1030 834 1083 Muralis
857 1032 975 1084 dabatur
999 1033 1040 1099 ei,
1062 1032 1113 1102 qui

88 1097 150 1150 rior
167 1113 283 1148 mserum
295 1099 467 1151 ascendisset.
479 1127 514 1136 -
548 1108 610 1159 773.
629 1099 671 1150 Ηί
684 1100 738 1150 tibi
750 1098 929 1166 Nomentum,
939 1112 971 1152 ,ιι
986 1099 1094 1154 Gabios
1100 1124 1110 1168 ,·

67 1116 126 1221 bae
143 1166 265 1219 civitates
289 1174 353 1218 sunt
374 1168 532 1238 priscorum
548 1167 713 1220 Latinorum
730 1168 765 1220 ab
782 1169 894 1221 Albanis
916 1169 1029 1239 regibus
1047 1186 1113 1223 con·
1144 1230 1147 1237 ¹

67 1235 201 1298 stitutae3
230 1251 392 1304 quanquam
423 1235 570 1288 Collatiam
603 1237 770 1305 Tarquinius
799 1237 971 1289 constinsisse
997 1239 1115 1306 dicatur,

69 1303 120 1375 qui
145 1311 177 1354 ut
201 1304 427 1375 eratsuperbus,
452 1319 517 1356 eam
534 1321 566 1357 ex
583 1307 687 1357 collata
703 1307 826 1372 pecunia
850 1306 999 1359 constituit.
1033 1307 1112 1360 Unde

68 1371 244 1428 etCollntia
261 1373 335 1425 dicta
353 1380 401 1426 est.
436 1373 527 1441 I’otest
543 1381 638 1426 minen
661 1374 738 1439 lieri,
761 1382 792 1424 ut
816 1373 852 1426 ab
868 1373 981 1426 Albanis
997 1376 1113 1431 fundata

67 1443 121 1506 sit,
139 1448 221 1492 aucta
240 1459 258 1494 a
275 1441 444 1509 Tarquinio,
460 1438 536 1493 sicut‘
547 1458 630 1510 supra
647 1448 690 1511 (3,
706 1442 779 1505 551.)
796 1443 831 1495 de
849 1443 971 1495 Tarento
988 1444 1114 1513 diximus,

40 1511 43 1516 '
68 1509 151 1580 quod
168 1510 255 1571 Taras
272 1510 354 1575 fecit,
377 1510 453 1562 auxit
475 1510 631 1563 Phalantus.
664 1512 787 1562 Romam
811 1507 896 1564 etiarn
912 1511 1047 1564 Romulus
1071 1514 1113 1566 fe·
1201 1570 1204 1583 Ι

67 1579 142 1631 cisse
158 1577 282 1642 dicitur,¹
300 1594 386 1646 quam
408 1585 475 1630 ante
492 1580 622 1632 Euander
645 1579 784 1632 condidit:
806 1586 838 1630 ut
860 1584 903 1647 (8,
919 1580 1006 1641 313.):
1031 1579 1113 1633 Tunc

65 1658 150 1716 pater
166 1646 322 1697 Euandrus
339 1646 486 1698 Romanae
511 1651 640 1700 conditor
666 1640 751 1701 orc'is.
788 1648 941 1716 Urbemque
958 1648 1112 1717 Fidenam3

67 1716 198 1770 Fidenae
221 1715 364 1780 dicuntur,
387 1724 419 1766 ut
435 1717 562 1767 Thebae.-
577 1718 634 1770 sed
656 1718 725 1770 dixit
746 1724 777 1767 ut
801 1715 956 1786 [luvenalis]
980 1722 1048 1784 (15,
1063 1719 1114 1781 6.);
1141 1764 1144 1768 .

67 1785 160 1853 Atque
177 1781 365 1836 vetus'Tleele
383 1786 431 1850 (V.
449 1785 483 1837 R.
502 1786 610 1837 Thebae
617 1807 626 1851 ,·
650 1785 684 1838 L.
702 1785 822 1848 Thebes)
848 1798 958 1836 centum
977 1789 1048 1837 iacet
1065 1790 1113 1841 oo·

69 1865 140 1907 ruta
164 1855 264 1921 porte's.
282 1851 285 1860 '
305 1853 379 1905 Nam
402 1855 529 1907 varietati
551 1856 649 1907 studet.
690 1855 770 1908 Unde
795 1853 882 1908 etiam
905 1855 946 1906 ait
968 1853 1115 1922 Pometios,
1137 1870 1141 1879 ’

68 1938 140 1974 cum
162 1922 270 1973 dicattsr
294 1937 413 1974 numero
444 1923 579 1992 singulari
602 1922 734 1975 Pometia.
760 1951 795 1962 —-
841 1929 903 1981 776.
929 1923 1115 1992 Castrumque
1164 1981 1167 1987 ,

34 1991 161 2054 flaui,
186 2005 243 2042 una
268 1990 364 2056 (codd.
387 1990 482 2044 Burm.
509 1999 537 2044 et
560 1992 595 2044 aL
620 1993 678 2057 ito)
702 2000 744 2044 est
766 1992 797 2044 in
812 1992 891 2044 Italia
909 1991 1015 2057 civitas,
1042 2009 1115 2073 quae

69 2059 206 2111 Castrum
224 2073 329 2111 novum
347 2058 457 2117 elicitus.
492 2060 535 2113 De
550 2061 602 2127 hac
619 2060 736 2130 [autem]
753 2061 798 2113 ait
811 2060 941 2111 Castrum
958 2059 1037 2127 Inui,
1052 2079 1071 2113 a.
1089 2080 1113 2116 e.

69 2128 179 2193 Panos,
201 2128 251 2197 qui
265 2127 322 2179 illic
339 2128 447 2180 colitur.
481 2129 574 2181 Inuus
598 2131 642 2197 (al.
658 2130 742 2193 Inus)
761 2137 861 2182 autem
876 2129 976 2181 Latine
994 2129 1115 2200 appella-

70 2204 135 2263 tur,
158 2196 267 2250 Graece
289 2191 362 2250 Πᾶν.
397 2198 470 2250 Item
494 2195 636 2266 Εφιᾶλτης
659 2196 905 2264 Graece,·Latine
928 2198 1035 2251 Incubo
1060 2199 1114 2266 (al.

38 2274 44 2287 “
71 2266 227 2333 lacubus).
259 2265 339 2318 Idem
363 2267 488 2333 Faunus,
513 2269 590 2320 idem
613 2270 729 2334 Fatuus,
751 2267 889 2320 Fatuellus
913 2267 1008 2333 (codd.
1026 2266 1114 2336 fotus

64 2335 218 2406 fatuclus,
241 2349 262 2386 s.
280 2334 390 2403 fatuus
402 2335 550 2404 fatuelus3
576 2336 668 2389 Guelf.
684 2339 704 2388 Ι.
716 2337 838 2406 fatuus,
855 2337 906 2402 qui
923 2347 949 2386 et
958 2336 1114 2404 fotuclus).

62 2403 184 2455 {licitur
201 2410 297 2456 autem
312 2405 397 2455 Inuus
423 2403 461 2456 ab
477 2406 567 2458 eundo
591 2406 694 2477 passim
710 2421 777 2456 cum
795 2404 922 2456 omnibus
938 2404 1114 2459 animalibus.

70 2472 153 2524 Unde
184 2475 214 2524 et
238 2472 345 2524 Incubo
376 2472 486 2524 dicitur.
542 2474 672 2526 Castrum
701 2481 795 2527 autem
823 2473 920 2525 civitas
944 2481 991 2525 est.
1038 2473 1114 2526 Nam

71 2552 169 2592 castra
177 2556 300 2593 numero
315 2541 415 2612 plurali
429 2541 554 2609 dicimus,
570 2543 636 2597 licet
647 2543 796 2613 legerimus
808 2542 840 2592 in
851 2542 962 2592 Plauto:
981 2541 1113 2593 Castrum

71 2612 229 2678 poenarum
253 2608 303 2674 (L.
323 2627 436 2678 poenos.
461 2611 589 2663 Guelf.1.
615 2613 735 2678 penos.).·
759 2610 833 2680 quod
856 2610 942 2662 etiam
965 2611 1113 2663 diminutio

45 2689 49 2696 ·
73 2677 202 2732 ostendit.
235 2678 309 2730 Nam
327 2679 473 2729 castellum
492 2681 616 2732 dicimus.
636 2707 669 2720 -
703 2689 765 2739 777.
781 2678 868 2729 Nunc
892 2690 960 2729 sunt
982 2682 1113 2732 sine-no-

72 2750 151 2799 mine
168 2758 274 2813 terrae,-
292 2747 370 2816 atqui
385 2748 416 2798 in
433 2749 576 2818 Catalogot
584 2749 650 2800 hinc
667 2757 708 2802 est
724 2749 846 2800 dicemus
863 2747 968 2816 aliquas
983 2748 1114 2816 civitates,
1159 2794 1161 2801 ,
1207 2745 1211 2751 “

42 2850 49 2863 ι
71 2817 121 2870 sed
138 2831 172 2869 ex
188 2831 307 2886 persona
325 2833 375 2867 sua
390 2824 585 2888 praeoccupat.
601 2845 636 2855 —
675 2822 736 2874 778.
757 2814 837 2883 Que'n
854 2828 880 2866 et
897 2823 966 2879 etc.;
990 2817 1114 2868 Amulius

72 2894 101 2939 et
119 2884 252 2939 Numitor
273 2886 376 2938 fratres
400 2887 527 2952 fuerunt,
549 2887 598 2938 sed
614 2886 793 2936 Numitorem
815 2894 903 2952 regno
920 2885 1043 2936 Amulius
1065 2902 1114 2956 pe·

26 3008 33 3015 ,
90 2954 160 3006 ulit:
182 2961 212 3006 et
227 2952 323 3019 Idam,
340 2955 399 3006 eius
417 2955 521 3021 filiam,
543 2955 716 3006 sacerdotem
733 2955 830 3006 Vestae
847 2952 922 3004 fecit.
955 2953 998 3004 De
1014 2953 1067 3006 hac
1085 2961 1114 3007 et

71 2973 173 3084 blatta.
191 3022 251 3074 neti
274 3023 459 3076 sunt-Remus
477 3030 505 3075 et
520 3024 664 3074 Romulus.
698 3010 752 3090 Qiii
768 3038 834 3073 cum
850 3020 1044 3087 adolevissent,
1068 3038 1113 3073 oc-

71 3093 131 3146 ciso
154 3091 280 3157 Amulio,
301 3108 384 3144 avum
407 3092 640 3146 Numitorem'in
662 3107 750 3159 regna
777 3089 919 3159 (regnum)
941 3095 1113 3158 revocarunt,

71 3169 190 3216 etcum
207 3176 241 3213 eo
259 3177 315 3213 uno
333 3176 405 3212 auno
422 3168 616 3229 regnaverunt.
651 3160 749 3212 Postea
770 3167 884 3232 propter
902 3159 1043 3227 angustias
1058 3158 1112 3210 im·

68 3227 150 3301 perii
166 3229 288 3281 Romam
305 3229 421 3296 captatis
444 3231 567 3298 auguriis
589 3229 778 3282 condiderunt.
796 3229 887 3295 >Ergo
912 3243 961 3281 avo
984 3243 1014 3278 se
1030 3228 1114 3280 addet

69 3299 223 3353 comitem:
247 3306 296 3350 aut
317 3299 389 3351 avito
413 3315 442 3352 se
466 3300 563 3367 iunget
577 3298 709 3370 imperio,
732 3307 780 3351 aut
796 3304 872 3348 certe
888 3295 1040 3347 secundum
1056 3297 1113 3353 En·

68 3370 174 3434 nium,
195 3368 336 3420 referetur
358 3368 443 3419 iuter*
456 3368 521 3420 deos
544 3385 610 3421 cum
631 3371 734 3421 Aenea.
774 3365 850 3416 Dicit
871 3374 1010 3432 namque,
1031 3365 1113 3417 Iliam

67 3439 159 3492 tuisse
175 3434 262 3487 liliam
279 3439 401 3499 Aeneae,
419 3436 532 3504 quodsi
549 3445 604 3500 est,
619 3439 723 3488 Aeneas
740 3451 803 3487 avus
821 3440 863 3486 est
877 3432 998 3483 Romuli.
1032 3433 1112 3492 Unde

68 3505 163 3561 etiam
179 3505 285 3571 addidit
301 3506 436 3556 Assaraci
443 3525 451 3569 ;
477 3520 544 3556 nem
567 3506 621 3557 hoc
643 3505 785 3575 epitheton
808 3518 865 3553 non
879 3500 948 3553 ¹sine
972 3516 1056 3553 causa
1071 3509 1113 3554 est

57 3574 278 3630 ¹introductum:
302 3575 377 3642 quod
401 3582 442 3624 est
465 3574 611 3644 proprium
628 3575 744 3626 Aeneae.
778 3573 853 3623 Nam
870 3572 1014 3622 Assaracus
1031 3579 1112 3639 pater
1190 3573 1193 3581 '

65 3653 116 3699 est
139 3643 181 3695 Ca
200 3658 246 3710 yos
270 3643 321 3710 (al.
348 3641 467 3710 Cepis),
494 3643 582 3712 Capys
604 3644 755 3708 Anchisae,
782 3640 913 3693 Anclrises
935 3639 1053 3693 Aeneae.
1075 3665 1112 3680 ···

65 3719 138 3775 780.
191 3713 283 3778 iden'3
308 3713 361 3762 den
385 3711 549 3764 naturaliter
573 3712 656 3781 longa
681 3720 728 3764 est.
772 3709 893 3762 Brevem
921 3716 1017 3760 mmen
1047 3726 1113 3762 eam
1172 3776 1180 3785 ἢ

25 3786 29 3792 ’
66 3779 170 3866 posuit
192 3789 300 3833 secutus
323 3781 460 3831 Ennium:
484 3787 512 3832 et
536 3781 603 3833 adeo
629 3781 686 3832 eius
709 3786 750 3833 est
771 3778 920 3830 immutata
941 3785 1056 3844 natura,
1080 3785 1113 3829 ut

65 3865 135 3907 sam
158 3850 262 3919 ubique
286 3850 377 3902 brevis
399 3850 562 3901 inveniatur.
608 3847 743 3900 Geminae
767 3860 843 3899 stant
865 3849 967 3898 vertice
992 3850 1093 3898 cristae
1099 3870 1112 3911 ,-

68 3919 192 3972 omuino
214 3921 246 3971 iu
269 3919 397 3969 omnibus
419 3919 472 3969 hoc
495 3919 552 3986 egit
573 3918 722 3984 Romulus,
745 3925 776 3967 ut
800 3933 866 3967 cum
887 3917 975 3968 franc
991 3932 1111 3984 regnare
1158 3957 1163 3969 .

70 3989 232 4055 videretur,
250 4005 285 4040 ne
302 4005 332 4039 se
349 4003 431 4040 reum
448 3986 589 4054 parricidii
605 3987 748 4039 iudicaret.
784 3986 863 4038 Unde
881 3987 975 4036 omnia
991 3985 1113 4052 duplicia

69 4057 177 4113 habuit
193 4057 271 4126 quasi
286 4072 353 4110 cum
369 4058 458 4110 frene
470 4055 637 4111 communia.
671 4055 784 4109 EtenIm
797 4054 834 4108 ad
845 4054 983 4122 captanda
995 4054 1113 4123 auguria
