<?xml version="1.0" encoding="UTF-8"?>
<!DOCTYPE html PUBLIC "-//W3C//DTD XHTML 1.0 Transitional//EN"
    "http://www.w3.org/TR/xhtml1/DTD/xhtml1-transitional.dtd">
<html xmlns="http://www.w3.org/1999/xhtml" xml:lang="en" lang="en">
 <head>
  <title>
</title>
<meta http-equiv="Content-Type" content="text/html;charset=utf-8" />
  <meta name='ocr-system' content='tesseract 3.04.00' />
  <meta name='ocr-capabilities' content='ocr_page ocr_carea ocr_par ocr_line ocrx_word'/>
</head>
<body>
  <div class='ocr_page' id='page_1' title='image "./commentariiinvi00liongoog_0566.png"; bbox 0 0 2454 4500; ppageno 0'>
   <div class='ocr_carea' id='block_1_1' title="bbox 197 285 1188 389">
    <p class='ocr_par' dir='ltr' id='par_1_1' title="bbox 197 285 1188 389">
     <span class='ocr_line' id='line_1_1' title="bbox 197 285 1188 389; baseline 0.012 -40"><span class='ocrx_word' id='word_1_1' title='bbox 197 304 234 350; x_wconf 74' lang='lat' dir='ltr'><strong>n·</strong></span> <span class='ocrx_word' id='word_1_2' title='bbox 256 285 607 363; x_wconf 75' lang='lat' dir='ltr'><strong>vinmaaavam.</strong></span> <span class='ocrx_word' id='word_1_3' title='bbox 630 286 710 351; x_wconf 81' lang='lat' dir='ltr'><strong>me.</strong></span> <span class='ocrx_word' id='word_1_4' title='bbox 732 287 773 363; x_wconf 86' lang='lat' dir='ltr'><strong>x,</strong></span> <span class='ocrx_word' id='word_1_5' title='bbox 794 292 948 360; x_wconf 75' lang='lat' dir='ltr'><strong>sa-to.</strong></span> <span class='ocrx_word' id='word_1_6' title='bbox 1018 292 1093 389; x_wconf 80' lang='lat' dir='ltr'><strong>sss</strong></span> <span class='ocrx_word' id='word_1_7' title='bbox 1185 343 1188 359; x_wconf 85' lang='grc'>,</span> 
     </span>
    </p>
   </div>
   <div class='ocr_carea' id='block_1_2' title="bbox 12 452 1196 4093">
    <p class='ocr_par' dir='ltr' id='par_1_2' title="bbox 47 452 1155 1289">
     <span class='ocr_line' id='line_1_2' title="bbox 47 452 1089 542; baseline 0.006 -21"><span class='ocrx_word' id='word_1_8' title='bbox 47 468 128 542; x_wconf 63' lang='lat' dir='ltr'><strong>apid</strong></span> <span class='ocrx_word' id='word_1_9' title='bbox 143 469 179 523; x_wconf 89' lang='lat' dir='ltr'><strong>sit</strong></span> <span class='ocrx_word' id='word_1_10' title='bbox 194 483 295 537; x_wconf 82' lang='lat' dir='ltr'><strong>pestem</strong></span> <span class='ocrx_word' id='word_1_11' title='bbox 313 473 380 523; x_wconf 75' lang='lat' dir='ltr'><strong>belli</strong></span> <span class='ocrx_word' id='word_1_12' title='bbox 397 475 517 526; x_wconf 85' lang='lat' dir='ltr'><strong>evadere.</strong></span> <span class='ocrx_word' id='word_1_13' title='bbox 535 499 569 515; x_wconf 88' lang='lat'><strong>-·</strong></span> <span class='ocrx_word' id='word_1_14' title='bbox 603 479 646 533; x_wconf 74' lang='lat'><strong>68.</strong></span> <span class='ocrx_word' id='word_1_15' title='bbox 662 461 1020 542; x_wconf 50' lang='lat' dir='ltr'><strong>Residivaque&#39;l&#39;ergomof</strong></span> <span class='ocrx_word' id='word_1_16' title='bbox 1042 452 1089 529; x_wconf 71' lang='lat' dir='ltr'><strong>re·</strong></span> 
     </span>
     <span class='ocr_line' id='line_1_3' title="bbox 57 540 1088 611; baseline 0.005 -20"><span class='ocrx_word' id='word_1_17' title='bbox 57 542 210 605; x_wconf 85' lang='lat' dir='ltr'><strong>nascentis.</strong></span> <span class='ocrx_word' id='word_1_18' title='bbox 251 541 366 592; x_wconf 75' lang='lat' dir='ltr'><strong>Tractus</strong></span> <span class='ocrx_word' id='word_1_19' title='bbox 392 550 485 593; x_wconf 85' lang='lat' dir='ltr'><strong>sutem</strong></span> <span class='ocrx_word' id='word_1_20' title='bbox 517 540 586 609; x_wconf 89' lang='lat' dir='ltr'><strong>[hic]</strong></span> <span class='ocrx_word' id='word_1_21' title='bbox 608 559 701 597; x_wconf 86' lang='lat' dir='ltr'><strong>sermo</strong></span> <span class='ocrx_word' id='word_1_22' title='bbox 726 550 767 594; x_wconf 86' lang='lat' dir='ltr'><strong>est</strong></span> <span class='ocrx_word' id='word_1_23' title='bbox 789 543 825 594; x_wconf 92' lang='lat' dir='ltr'><strong>ab</strong></span> <span class='ocrx_word' id='word_1_24' title='bbox 849 543 993 595; x_wconf 78' lang='lat' dir='ltr'><strong>arboribus</strong></span> <span class='ocrx_word' id='word_1_25' title='bbox 1017 559 1088 611; x_wconf 86' lang='lat' dir='ltr'><strong>quae</strong></span> 
     </span>
     <span class='ocr_line' id='line_1_4' title="bbox 57 607 1085 678; baseline 0.003 -19"><span class='ocrx_word' id='word_1_26' title='bbox 57 608 121 659; x_wconf 85' lang='lat' dir='ltr'><strong>aliis</strong></span> <span class='ocrx_word' id='word_1_27' title='bbox 146 607 281 672; x_wconf 75' lang='lat' dir='ltr'><strong>(taliisi&#39;)</strong></span> <span class='ocrx_word' id='word_1_28' title='bbox 304 609 385 660; x_wconf 88' lang='lat' dir='ltr'><strong>sectis</strong></span> <span class='ocrx_word' id='word_1_29' title='bbox 406 611 580 677; x_wconf 79' lang='lat' dir='ltr'><strong>repullulant.</strong></span> <span class='ocrx_word' id='word_1_30' title='bbox 626 611 701 678; x_wconf 83' lang='lat' dir='ltr'><strong>Ergo</strong></span> <span class='ocrx_word' id='word_1_31' title='bbox 724 610 791 662; x_wconf 87' lang='lat' dir='ltr'><strong>illud</strong></span> <span class='ocrx_word' id='word_1_32' title='bbox 817 610 905 662; x_wconf 90' lang='lat' dir='ltr'><strong>solum</strong></span> <span class='ocrx_word' id='word_1_33' title='bbox 931 614 1085 663; x_wconf 82' lang='lat' dir='ltr'><strong>recidivum</strong></span> 
     </span>
     <span class='ocr_line' id='line_1_5' title="bbox 56 674 1086 797; baseline 0.005 -71"><span class='ocrx_word' id='word_1_34' title='bbox 56 674 192 741; x_wconf 84' lang='lat' dir='ltr'><strong>dicimus,</strong></span> <span class='ocrx_word' id='word_1_35' title='bbox 217 676 291 746; x_wconf 84' lang='lat' dir='ltr'><strong>quod</strong></span> <span class='ocrx_word' id='word_1_36' title='bbox 315 687 409 747; x_wconf 86' lang='lat' dir='ltr'><strong>postea</strong></span> <span class='ocrx_word' id='word_1_37' title='bbox 431 680 591 730; x_wconf 78' lang='lat' dir='ltr'><strong>renascitur.</strong></span> <span class='ocrx_word' id='word_1_38' title='bbox 625 678 703 730; x_wconf 87' lang='lat' dir='ltr'><strong>Unde</strong></span> <span class='ocrx_word' id='word_1_39' title='bbox 726 679 810 730; x_wconf 90' lang='lat' dir='ltr'><strong>modo</strong></span> <span class='ocrx_word' id='word_1_40' title='bbox 834 679 1086 797; x_wconf 49' lang='lat' dir='ltr'><strong>recidivaqurga-</strong></span> 
     </span>
     <span class='ocr_line' id='line_1_6' title="bbox 59 743 1086 815; baseline 0.006 -21"><span class='ocrx_word' id='word_1_41' title='bbox 59 743 120 808; x_wconf 77' lang='lat' dir='ltr'><strong>rna]</strong></span> <span class='ocrx_word' id='word_1_42' title='bbox 136 744 215 808; x_wconf 87' lang='lat' dir='ltr'>dixit,</span> <span class='ocrx_word' id='word_1_43' title='bbox 239 761 310 812; x_wconf 87' lang='lat' dir='ltr'><strong>quae</strong></span> <span class='ocrx_word' id='word_1_44' title='bbox 325 753 491 797; x_wconf 76' lang='lat' dir='ltr'><strong>renovantur</strong></span> <span class='ocrx_word' id='word_1_45' title='bbox 513 750 548 800; x_wconf 87' lang='lat' dir='ltr'><strong>ab</strong></span> <span class='ocrx_word' id='word_1_46' title='bbox 572 747 615 797; x_wconf 86' lang='lat' dir='ltr'><strong>his</strong></span> <span class='ocrx_word' id='word_1_47' title='bbox 633 749 679 813; x_wconf 75' lang='lat' dir='ltr'><strong>qui</strong></span> <span class='ocrx_word' id='word_1_48' title='bbox 702 755 765 797; x_wconf 88' lang='lat' dir='ltr'><strong>sunt</strong></span> <span class='ocrx_word' id='word_1_49' title='bbox 787 749 942 815; x_wconf 73' lang='lat' dir='ltr'><strong>superstites</strong></span> <span class='ocrx_word' id='word_1_50' title='bbox 984 749 1086 800; x_wconf 86' lang='lat' dir='ltr'><strong>roianis</strong></span> 
     </span>
     <span class='ocr_line' id='line_1_7' title="bbox 55 812 1085 882; baseline 0.004 -19"><span class='ocrx_word' id='word_1_51' title='bbox 55 812 176 879; x_wconf 73' lang='lat' dir='ltr'><strong>periclis.</strong></span> <span class='ocrx_word' id='word_1_52' title='bbox 193 837 227 849; x_wconf 90' lang='lat'><strong>·-</strong></span> <span class='ocrx_word' id='word_1_53' title='bbox 263 819 304 869; x_wconf 74' lang='lat'><strong>59.</strong></span> <span class='ocrx_word' id='word_1_54' title='bbox 320 813 397 879; x_wconf 90' lang='lat' dir='ltr'><strong>[Non</strong></span> <span class='ocrx_word' id='word_1_55' title='bbox 415 817 522 877; x_wconf 86' lang='lat' dir='ltr'><strong>satius;</strong></span> <span class='ocrx_word' id='word_1_56' title='bbox 544 817 621 867; x_wconf 83' lang='lat' dir='ltr'><strong>deest</strong></span> <span class='ocrx_word' id='word_1_57' title='bbox 631 815 713 882; x_wconf 77' lang='lat' dir='ltr'><strong>fuit]</strong></span> <span class='ocrx_word' id='word_1_58' title='bbox 748 815 861 867; x_wconf 77' lang='lat' dir='ltr'><strong>Cineres</strong></span> <span class='ocrx_word' id='word_1_59' title='bbox 885 817 993 881; x_wconf 87' lang='lat' dir='ltr'><strong>patriae</strong></span> <span class='ocrx_word' id='word_1_60' title='bbox 1012 819 1085 867; x_wconf 87' lang='lat' dir='ltr'><strong>inse-</strong></span> 
     </span>
     <span class='ocr_line' id='line_1_8' title="bbox 54 880 1085 950; baseline 0.006 -20"><span class='ocrx_word' id='word_1_61' title='bbox 54 882 137 945; x_wconf 28' lang='lat' dir='ltr'><strong>,disse</strong></span> <span class='ocrx_word' id='word_1_62' title='bbox 143 901 153 942; x_wconf 88' lang='lat'><strong>‚·</strong></span> <span class='ocrx_word' id='word_1_63' title='bbox 170 887 289 949; x_wconf 73' lang='lat' dir='ltr'><strong>propter.</strong></span> <span class='ocrx_word' id='word_1_64' title='bbox 299 880 365 932; x_wconf 91' lang='lat' dir='ltr'><strong>illud</strong></span> <span class='ocrx_word' id='word_1_65' title='bbox 382 882 422 949; x_wconf 90' lang='lat' dir='ltr'><strong>[in</strong></span> <span class='ocrx_word' id='word_1_66' title='bbox 440 881 549 948; x_wconf 89' lang='lat' dir='ltr'><strong>quarto]</strong></span> <span class='ocrx_word' id='word_1_67' title='bbox 567 883 663 944; x_wconf 76' lang='grc'>(342.);</span> <span class='ocrx_word' id='word_1_68' title='bbox 680 880 838 950; x_wconf 86' lang='lat' dir='ltr'><strong>Dulcesque</strong></span> <span class='ocrx_word' id='word_1_69' title='bbox 857 902 980 935; x_wconf 88' lang='lat' dir='ltr'><strong>meorum</strong></span> <span class='ocrx_word' id='word_1_70' title='bbox 998 884 1085 936; x_wconf 76' lang='lat' dir='ltr'><strong>Rells&#39;-</strong></span> 
     </span>
     <span class='ocr_line' id='line_1_9' title="bbox 57 950 1086 1021; baseline 0.009 -25"><span class='ocrx_word' id='word_1_71' title='bbox 57 950 288 1016; x_wconf 81' lang='lat' dir='ltr'><strong>quiasoolerem.</strong></span> <span class='ocrx_word' id='word_1_72' title='bbox 304 973 338 986; x_wconf 91' lang='lat'><strong>·-</strong></span> <span class='ocrx_word' id='word_1_73' title='bbox 370 956 414 1008; x_wconf 87' lang='lat'><strong>60.</strong></span> <span class='ocrx_word' id='word_1_74' title='bbox 432 953 517 1016; x_wconf 84' lang='lat' dir='ltr'><strong>Atque</strong></span> <span class='ocrx_word' id='word_1_75' title='bbox 535 954 642 1015; x_wconf 83' lang='lat' dir='ltr'><strong>solum,</strong></span> <span class='ocrx_word' id='word_1_76' title='bbox 660 969 713 1018; x_wconf 93' lang='lat' dir='ltr'><strong>quo</strong></span> <span class='ocrx_word' id='word_1_77' title='bbox 733 952 820 1005; x_wconf 78' lang='lat' dir='ltr'><strong>Troia</strong></span> <span class='ocrx_word' id='word_1_78' title='bbox 833 952 912 1021; x_wconf 74' lang='lat' dir='ltr'><strong>fuit,-</strong></span> <span class='ocrx_word' id='word_1_79' title='bbox 930 954 1014 1004; x_wconf 91' lang='lat' dir='ltr'><strong>sicin</strong></span> <span class='ocrx_word' id='word_1_80' title='bbox 1031 961 1086 1005; x_wconf 85' lang='lat' dir='ltr'><strong>ter·</strong></span> 
     </span>
     <span class='ocr_line' id='line_1_10' title="bbox 51 1015 1086 1088; baseline 0.005 -23"><span class='ocrx_word' id='word_1_81' title='bbox 51 1016 193 1081; x_wconf 77' lang='lat' dir='ltr'><strong>·tio(1l.):</strong></span> <span class='ocrx_word' id='word_1_82' title='bbox 217 1015 252 1067; x_wconf 83' lang='lat' dir='ltr'><strong>Et</strong></span> <span class='ocrx_word' id='word_1_83' title='bbox 269 1033 380 1082; x_wconf 80' lang='lat' dir='ltr'><strong>campos</strong></span> <span class='ocrx_word' id='word_1_84' title='bbox 399 1020 449 1068; x_wconf 81' lang='lat' dir='ltr'><strong>ubi</strong></span> <span class='ocrx_word' id='word_1_85' title='bbox 467 1020 553 1070; x_wconf 84' lang='lat' dir='ltr'><strong>Troia</strong></span> <span class='ocrx_word' id='word_1_86' title='bbox 565 1018 637 1088; x_wconf 75' lang='lat' dir='ltr'><strong>fuit.</strong></span> <span class='ocrx_word' id='word_1_87' title='bbox 671 1019 816 1072; x_wconf 80' lang='lat' dir='ltr'><strong>Xanthum</strong></span> <span class='ocrx_word' id='word_1_88' title='bbox 835 1029 900 1082; x_wconf 88' lang='lat' dir='ltr'><strong>etc.;</strong></span> <span class='ocrx_word' id='word_1_89' title='bbox 922 1019 1086 1087; x_wconf 81' lang='lat' dir='ltr'><strong>ambiguum</strong></span> 
     </span>
     <span class='ocr_line' id='line_1_11' title="bbox 57 1085 1085 1156; baseline 0.003 -18"><span class='ocrx_word' id='word_1_90' title='bbox 57 1091 118 1150; x_wconf 85' lang='lat' dir='ltr'><strong>est,</strong></span> <span class='ocrx_word' id='word_1_91' title='bbox 144 1093 237 1134; x_wconf 91' lang='lat' dir='ltr'><strong>utrum</strong></span> <span class='ocrx_word' id='word_1_92' title='bbox 260 1085 347 1137; x_wconf 89' lang='lat' dir='ltr'><strong>dicat:</strong></span> <span class='ocrx_word' id='word_1_93' title='bbox 370 1087 455 1138; x_wconf 81' lang='lat' dir='ltr'><strong>redde</strong></span> <span class='ocrx_word' id='word_1_94' title='bbox 478 1089 559 1140; x_wconf 85' lang='lat' dir='ltr'><strong>nobis</strong></span> <span class='ocrx_word' id='word_1_95' title='bbox 581 1105 613 1138; x_wconf 90' lang='lat' dir='ltr'><strong>re</strong></span> <span class='ocrx_word' id='word_1_96' title='bbox 637 1100 700 1139; x_wconf 84' lang='lat' dir='ltr'><strong>vera</strong></span> <span class='ocrx_word' id='word_1_97' title='bbox 715 1089 839 1139; x_wconf 78' lang='lat' dir='ltr'><strong>Troiam</strong></span> <span class='ocrx_word' id='word_1_98' title='bbox 862 1089 1027 1156; x_wconf 77' lang='lat' dir='ltr'><strong>antiquamz.</strong></span> <span class='ocrx_word' id='word_1_99' title='bbox 1049 1107 1085 1141; x_wconf 89' lang='lat' dir='ltr'><strong>au</strong></span> 
     </span>
     <span class='ocr_line' id='line_1_12' title="bbox 56 1147 1084 1223; baseline 0.002 -17"><span class='ocrx_word' id='word_1_100' title='bbox 56 1152 148 1207; x_wconf 75' lang='lat' dir='ltr'><strong>redde</strong></span> <span class='ocrx_word' id='word_1_101' title='bbox 177 1152 256 1204; x_wconf 89' lang='lat' dir='ltr'><strong>nobis</strong></span> <span class='ocrx_word' id='word_1_102' title='bbox 286 1161 374 1205; x_wconf 87' lang='lat' dir='ltr'><strong>terras</strong></span> <span class='ocrx_word' id='word_1_103' title='bbox 405 1154 494 1223; x_wconf 83' lang='lat' dir='ltr'><strong>[alias]</strong></span> <span class='ocrx_word' id='word_1_104' title='bbox 525 1157 554 1207; x_wconf 92' lang='lat' dir='ltr'><strong>in</strong></span> <span class='ocrx_word' id='word_1_105' title='bbox 577 1147 656 1207; x_wconf 87' lang='lat' dir='ltr'><strong>ltalia</strong></span> <span class='ocrx_word' id='word_1_106' title='bbox 678 1155 713 1208; x_wconf 89' lang='lat' dir='ltr'><strong>ad</strong></span> <span class='ocrx_word' id='word_1_107' title='bbox 744 1152 952 1208; x_wconf 78' lang='lat' dir='ltr'><strong>similitudinem</strong></span> <span class='ocrx_word' id='word_1_108' title='bbox 976 1157 1084 1211; x_wconf 81' lang='lat' dir='ltr'><strong>Troiae.</strong></span> 
     </span>
     <span class='ocr_line' id='line_1_13' title="bbox 58 1221 1155 1289; baseline 0.005 -17"><span class='ocrx_word' id='word_1_109' title='bbox 58 1221 191 1272; x_wconf 86' lang='lat' dir='ltr'><strong>Novimus</strong></span> <span class='ocrx_word' id='word_1_110' title='bbox 207 1221 299 1286; x_wconf 89' lang='lat' dir='ltr'><strong>enim,</strong></span> <span class='ocrx_word' id='word_1_111' title='bbox 320 1223 393 1273; x_wconf 90' lang='lat' dir='ltr'><strong>hano</strong></span> <span class='ocrx_word' id='word_1_112' title='bbox 415 1224 497 1277; x_wconf 73' lang='lat' dir='ltr'><strong>iuuisse</strong></span> <span class='ocrx_word' id='word_1_113' title='bbox 520 1225 760 1289; x_wconf 82' lang='lat' dir='ltr'><strong>consuetudinem,</strong></span> <span class='ocrx_word' id='word_1_114' title='bbox 783 1232 813 1275; x_wconf 92' lang='lat' dir='ltr'><strong>ut</strong></span> <span class='ocrx_word' id='word_1_115' title='bbox 835 1226 954 1278; x_wconf 87' lang='lat' dir='ltr'><strong>advenae</strong></span> <span class='ocrx_word' id='word_1_116' title='bbox 997 1226 1084 1277; x_wconf 83' lang='lat' dir='ltr'><strong>atriae</strong></span> <span class='ocrx_word' id='word_1_117' title='bbox 1152 1264 1155 1271; x_wconf 86' lang='grc'>.</span> 
     </span>
    </p>

    <p class='ocr_par' dir='ltr' id='par_1_3' title="bbox 12 1289 1196 4093">
     <span class='ocr_line' id='line_1_14' title="bbox 12 1289 1133 1365; baseline 0.004 -25"><span class='ocrx_word' id='word_1_118' title='bbox 12 1300 17 1307; x_wconf 85' lang='grc'><em>·</em></span> <span class='ocrx_word' id='word_1_119' title='bbox 57 1305 127 1365; x_wconf 77' lang='lat' dir='ltr'><strong>suae</strong></span> <span class='ocrx_word' id='word_1_120' title='bbox 149 1289 303 1356; x_wconf 78' lang='lat' dir='ltr'><strong>imaginem</strong></span> <span class='ocrx_word' id='word_1_121' title='bbox 326 1291 379 1342; x_wconf 85' lang='lat' dir='ltr'><strong>sibi</strong></span> <span class='ocrx_word' id='word_1_122' title='bbox 402 1293 562 1349; x_wconf 81' lang='lat' dir='ltr'><strong>redderent:</strong></span> <span class='ocrx_word' id='word_1_123' title='bbox 586 1303 616 1343; x_wconf 88' lang='lat' dir='ltr'><strong>ut</strong></span> <span class='ocrx_word' id='word_1_124' title='bbox 640 1300 690 1358; x_wconf 78' lang='lat'><strong>(3,</strong></span> <span class='ocrx_word' id='word_1_125' title='bbox 706 1291 793 1354; x_wconf 58' lang='lat'><strong>4976:</strong></span> <span class='ocrx_word' id='word_1_126' title='bbox 817 1292 950 1362; x_wconf 80' lang='lat' dir='ltr'><strong>Effigiem</strong></span> <span class='ocrx_word' id='word_1_127' title='bbox 997 1293 1087 1358; x_wconf 79' lang='lat' dir='ltr'><strong>anthi,</strong></span> <span class='ocrx_word' id='word_1_128' title='bbox 1131 1312 1133 1319; x_wconf 94' lang='lat'>·</span> 
     </span>
     <span class='ocr_line' id='line_1_15' title="bbox 60 1357 1088 1431; baseline 0.007 -25"><span class='ocrx_word' id='word_1_129' title='bbox 60 1357 233 1424; x_wconf 74' lang='lat' dir='ltr'><strong>Troiamque</strong></span> <span class='ocrx_word' id='word_1_130' title='bbox 257 1359 391 1409; x_wconf 74' lang='lat' dir='ltr'><strong>videtin·</strong></span> <span class='ocrx_word' id='word_1_131' title='bbox 412 1359 488 1413; x_wconf 88' lang='lat' dir='ltr'><strong>Bene</strong></span> <span class='ocrx_word' id='word_1_132' title='bbox 518 1377 586 1428; x_wconf 79' lang='lat' dir='ltr'><strong>ergo</strong></span> <span class='ocrx_word' id='word_1_133' title='bbox 609 1363 700 1412; x_wconf 82' lang='lat' dir='ltr'><strong>Venus</strong></span> <span class='ocrx_word' id='word_1_134' title='bbox 729 1360 822 1413; x_wconf 87' lang='lat' dir='ltr'><strong>medio</strong></span> <span class='ocrx_word' id='word_1_135' title='bbox 845 1378 894 1412; x_wconf 83' lang='lat' dir='ltr'><strong>usa</strong></span> <span class='ocrx_word' id='word_1_136' title='bbox 918 1369 961 1414; x_wconf 88' lang='lat' dir='ltr'><strong>est</strong></span> <span class='ocrx_word' id='word_1_137' title='bbox 984 1377 1088 1431; x_wconf 25' lang='lat' dir='ltr'><strong>gen-ere</strong></span> 
     </span>
     <span class='ocr_line' id='line_1_16' title="bbox 59 1426 1085 1497; baseline 0.002 -19"><span class='ocrx_word' id='word_1_138' title='bbox 59 1426 207 1494; x_wconf 86' lang='lat' dir='ltr'><strong>loquendi,</strong></span> <span class='ocrx_word' id='word_1_139' title='bbox 231 1434 261 1475; x_wconf 91' lang='lat' dir='ltr'><strong>ut</strong></span> <span class='ocrx_word' id='word_1_140' title='bbox 277 1433 426 1494; x_wconf 67' lang='lat' dir='ltr'><strong>utriunque</strong></span> <span class='ocrx_word' id='word_1_141' title='bbox 449 1428 626 1497; x_wconf 73' lang='lat' dir='ltr'><strong>significaret,</strong></span> <span class='ocrx_word' id='word_1_142' title='bbox 650 1436 680 1480; x_wconf 88' lang='lat' dir='ltr'><strong>et</strong></span> <span class='ocrx_word' id='word_1_143' title='bbox 696 1429 825 1496; x_wconf 89' lang='lat' dir='ltr'><strong>antiquae</strong></span> <span class='ocrx_word' id='word_1_144' title='bbox 842 1429 980 1481; x_wconf 89' lang='lat' dir='ltr'><strong>redditum</strong></span> <span class='ocrx_word' id='word_1_145' title='bbox 998 1428 1085 1496; x_wconf 89' lang='lat' dir='ltr'><strong>(codd.</strong></span> 
     </span>
     <span class='ocr_line' id='line_1_17' title="bbox 61 1493 1178 1568; baseline 0.002 -21"><span class='ocrx_word' id='word_1_146' title='bbox 61 1495 195 1558; x_wconf 80' lang='lat' dir='ltr'><strong>reditum)</strong></span> <span class='ocrx_word' id='word_1_147' title='bbox 214 1493 331 1560; x_wconf 91' lang='lat' dir='ltr'><strong>Troiae,</strong></span> <span class='ocrx_word' id='word_1_148' title='bbox 347 1503 375 1547; x_wconf 91' lang='lat' dir='ltr'><strong>et</strong></span> <span class='ocrx_word' id='word_1_149' title='bbox 390 1496 540 1565; x_wconf 87' lang='lat' dir='ltr'><strong>imperium</strong></span> <span class='ocrx_word' id='word_1_150' title='bbox 556 1497 753 1567; x_wconf 86' lang='lat' dir='ltr'><strong>1teliae,quod</strong></span> <span class='ocrx_word' id='word_1_151' title='bbox 770 1497 897 1549; x_wconf 81' lang='lat' dir='ltr'><strong>Troianis</strong></span> <span class='ocrx_word' id='word_1_152' title='bbox 913 1497 1034 1568; x_wconf 87' lang='lat' dir='ltr'><strong>luppiter</strong></span> <span class='ocrx_word' id='word_1_153' title='bbox 1051 1497 1087 1549; x_wconf 88' lang='lat' dir='ltr'><strong>ed</strong></span> <span class='ocrx_word' id='word_1_154' title='bbox 1175 1532 1178 1539; x_wconf 70' lang='grc'><strong><em>«</em></strong></span> 
     </span>
     <span class='ocr_line' id='line_1_18' title="bbox 43 1562 1088 1633; baseline 0.002 -18"><span class='ocrx_word' id='word_1_155' title='bbox 43 1562 269 1623; x_wconf 80' lang='lat' dir='ltr'><strong>¹similitudinem</strong></span> <span class='ocrx_word' id='word_1_156' title='bbox 286 1563 387 1615; x_wconf 84' lang='lat' dir='ltr'><strong>Troiae</strong></span> <span class='ocrx_word' id='word_1_157' title='bbox 409 1566 471 1617; x_wconf 81' lang='lat' dir='ltr'><strong>iore</strong></span> <span class='ocrx_word' id='word_1_158' title='bbox 495 1565 673 1632; x_wconf 83' lang='lat' dir='ltr'><strong>promiserat:</strong></span> <span class='ocrx_word' id='word_1_159' title='bbox 698 1572 726 1617; x_wconf 90' lang='lat' dir='ltr'><strong>et</strong></span> <span class='ocrx_word' id='word_1_160' title='bbox 748 1565 846 1633; x_wconf 82' lang='lat' dir='ltr'><strong>magis·</strong></span> <span class='ocrx_word' id='word_1_161' title='bbox 860 1565 913 1616; x_wconf 93' lang='lat' dir='ltr'><strong>hoc</strong></span> <span class='ocrx_word' id='word_1_162' title='bbox 935 1574 993 1629; x_wconf 80' lang='lat' dir='ltr'><strong>est,</strong></span> <span class='ocrx_word' id='word_1_163' title='bbox 1013 1567 1088 1633; x_wconf 84' lang='lat' dir='ltr'><strong>quod</strong></span> 
     </span>
     <span class='ocr_line' id='line_1_19' title="bbox 59 1630 1088 1705; baseline 0.001 -22"><span class='ocrx_word' id='word_1_164' title='bbox 59 1630 180 1683; x_wconf 81' lang='lat' dir='ltr'><strong>latenter</strong></span> <span class='ocrx_word' id='word_1_165' title='bbox 202 1630 339 1683; x_wconf 86' lang='lat' dir='ltr'><strong>desiderat</strong></span> <span class='ocrx_word' id='word_1_166' title='bbox 360 1639 443 1699; x_wconf 83' lang='lat' dir='ltr'><strong>atque</strong></span> <span class='ocrx_word' id='word_1_167' title='bbox 465 1634 540 1700; x_wconf 92' lang='lat' dir='ltr'><strong>petit.</strong></span> <span class='ocrx_word' id='word_1_168' title='bbox 557 1658 590 1671; x_wconf 91' lang='lat'><strong>-·</strong></span> <span class='ocrx_word' id='word_1_169' title='bbox 625 1639 669 1690; x_wconf 81' lang='lat'><strong>62.</strong></span> <span class='ocrx_word' id='word_1_170' title='bbox 688 1633 789 1701; x_wconf 87' lang='lat' dir='ltr'><strong>[Casus</strong></span> <span class='ocrx_word' id='word_1_171' title='bbox 807 1632 854 1682; x_wconf 88' lang='lat' dir='ltr'><strong>Da</strong></span> <span class='ocrx_word' id='word_1_172' title='bbox 872 1645 949 1699; x_wconf 82' lang='lat' dir='ltr'><strong>pater</strong></span> <span class='ocrx_word' id='word_1_173' title='bbox 965 1635 1088 1705; x_wconf 73' lang='lat' dir='ltr'><strong>iliaqos5</strong></span> 
     </span>
     <span class='ocr_line' id='line_1_20' title="bbox 59 1700 1089 1769; baseline 0 -16"><span class='ocrx_word' id='word_1_174' title='bbox 59 1700 213 1753; x_wconf 80' lang='lat' dir='ltr'><strong>reddantur</strong></span> <span class='ocrx_word' id='word_1_175' title='bbox 230 1701 308 1767; x_wconf 82' lang='lat' dir='ltr'><strong>nobis</strong></span> <span class='ocrx_word' id='word_1_176' title='bbox 326 1715 433 1752; x_wconf 89' lang='lat' dir='ltr'><strong>errores</strong></span> <span class='ocrx_word' id='word_1_177' title='bbox 450 1703 572 1769; x_wconf 79' lang='lat' dir='ltr'><strong>pristini,</strong></span> <span class='ocrx_word' id='word_1_178' title='bbox 595 1700 744 1753; x_wconf 89' lang='lat' dir='ltr'><strong>dummodo</strong></span> <span class='ocrx_word' id='word_1_179' title='bbox 761 1703 917 1768; x_wconf 86' lang='lat' dir='ltr'><strong>praesentia</strong></span> <span class='ocrx_word' id='word_1_180' title='bbox 934 1701 1007 1753; x_wconf 86' lang='lat' dir='ltr'><strong>bella</strong></span> <span class='ocrx_word' id='word_1_181' title='bbox 1023 1702 1089 1754; x_wconf 88' lang='lat' dir='ltr'><strong>vite·</strong></span> 
     </span>
     <span class='ocr_line' id='line_1_21' title="bbox 61 1766 1088 1835; baseline -0.002 -15"><span class='ocrx_word' id='word_1_182' title='bbox 61 1767 147 1832; x_wconf 78' lang='lat' dir='ltr'><strong>mua]</strong></span> <span class='ocrx_word' id='word_1_183' title='bbox 181 1768 337 1835; x_wconf 78' lang='lat' dir='ltr'><strong>iterumque</strong></span> <span class='ocrx_word' id='word_1_184' title='bbox 356 1770 492 1820; x_wconf 77' lang='lat' dir='ltr'><strong>revolvere</strong></span> <span class='ocrx_word' id='word_1_185' title='bbox 511 1786 611 1830; x_wconf 84' lang='lat' dir='ltr'><strong>casus;</strong></span> <span class='ocrx_word' id='word_1_186' title='bbox 633 1769 657 1820; x_wconf 90' lang='lat' dir='ltr'><strong>si</strong></span> <span class='ocrx_word' id='word_1_187' title='bbox 674 1769 708 1820; x_wconf 86' lang='lat' dir='ltr'><strong>ad</strong></span> <span class='ocrx_word' id='word_1_188' title='bbox 725 1770 839 1821; x_wconf 88' lang='lat' dir='ltr'><strong>Troiam</strong></span> <span class='ocrx_word' id='word_1_189' title='bbox 856 1771 893 1820; x_wconf 89' lang='lat' dir='ltr'><strong>vis</strong></span> <span class='ocrx_word' id='word_1_190' title='bbox 910 1766 1017 1823; x_wconf 78' lang='lat' dir='ltr'><strong>referre</strong></span> <span class='ocrx_word' id='word_1_191' title='bbox 1024 1796 1033 1834; x_wconf 95' lang='lat'><strong>,·</strong></span> <span class='ocrx_word' id='word_1_192' title='bbox 1048 1769 1088 1819; x_wconf 89' lang='lat' dir='ltr'><strong>sic</strong></span> 
     </span>
     <span class='ocr_line' id='line_1_22' title="bbox 61 1834 1157 1908; baseline -0.001 -20"><span class='ocrx_word' id='word_1_193' title='bbox 61 1837 144 1892; x_wconf 84' lang='lat' dir='ltr'><strong>dicit:</strong></span> <span class='ocrx_word' id='word_1_194' title='bbox 160 1835 203 1887; x_wconf 90' lang='lat' dir='ltr'><strong>Da</strong></span> <span class='ocrx_word' id='word_1_195' title='bbox 220 1837 299 1887; x_wconf 90' lang='lat' dir='ltr'><strong>nobis</strong></span> <span class='ocrx_word' id='word_1_196' title='bbox 316 1834 498 1906; x_wconf 53' lang='lat' dir='ltr'><strong>Troiamne</strong></span> <span class='ocrx_word' id='word_1_197' title='bbox 515 1837 660 1907; x_wconf 75' lang='lat' dir='ltr'><strong>naufragia</strong></span> <span class='ocrx_word' id='word_1_198' title='bbox 677 1845 706 1890; x_wconf 91' lang='lat' dir='ltr'><strong>et</strong></span> <span class='ocrx_word' id='word_1_199' title='bbox 722 1837 857 1908; x_wconf 89' lang='lat' dir='ltr'><strong>pericula,</strong></span> <span class='ocrx_word' id='word_1_200' title='bbox 873 1838 891 1888; x_wconf 87' lang='lat' dir='ltr'><strong>i.</strong></span> <span class='ocrx_word' id='word_1_201' title='bbox 910 1856 934 1889; x_wconf 89' lang='lat' dir='ltr'><strong>e.</strong></span> <span class='ocrx_word' id='word_1_202' title='bbox 949 1837 1088 1906; x_wconf 86' lang='lat' dir='ltr'><strong>patiamur</strong></span> <span class='ocrx_word' id='word_1_203' title='bbox 1154 1874 1157 1879; x_wconf 82' lang='lat'><strong>.</strong></span> 
     </span>
     <span class='ocr_line' id='line_1_23' title="bbox 43 1903 1088 1973; baseline -0.003 -16"><span class='ocrx_word' id='word_1_204' title='bbox 43 1907 154 1973; x_wconf 35' lang='lat' dir='ltr'><strong>,denuo</strong></span> <span class='ocrx_word' id='word_1_205' title='bbox 172 1920 242 1972; x_wconf 86' lang='lat' dir='ltr'><strong>quae</strong></span> <span class='ocrx_word' id='word_1_206' title='bbox 259 1905 435 1972; x_wconf 65' lang='lat' dir='ltr'><strong>paulianos,</strong></span> <span class='ocrx_word' id='word_1_207' title='bbox 456 1907 587 1958; x_wconf 85' lang='lat' dir='ltr'><strong>duntaxat</strong></span> <span class='ocrx_word' id='word_1_208' title='bbox 608 1905 688 1957; x_wconf 87' lang='lat' dir='ltr'><strong>nobis</strong></span> <span class='ocrx_word' id='word_1_209' title='bbox 705 1906 790 1958; x_wconf 87' lang='lat' dir='ltr'><strong>Troia</strong></span> <span class='ocrx_word' id='word_1_210' title='bbox 806 1906 944 1957; x_wconf 86' lang='lat' dir='ltr'><strong>reddetur.</strong></span> <span class='ocrx_word' id='word_1_211' title='bbox 977 1903 1088 1958; x_wconf 75' lang='lat' dir='ltr'><strong>sivero</strong></span> 
     </span>
     <span class='ocr_line' id='line_1_24' title="bbox 59 1971 1088 2042; baseline -0.004 -16"><span class='ocrx_word' id='word_1_212' title='bbox 59 1974 109 2026; x_wconf 87' lang='lat' dir='ltr'><strong>ad.</strong></span> <span class='ocrx_word' id='word_1_213' title='bbox 122 1972 230 2024; x_wconf 89' lang='lat' dir='ltr'><strong>ltaliam</strong></span> <span class='ocrx_word' id='word_1_214' title='bbox 253 1973 292 2024; x_wconf 86' lang='lat' dir='ltr'><strong>vis</strong></span> <span class='ocrx_word' id='word_1_215' title='bbox 315 1975 435 2038; x_wconf 86' lang='lat' dir='ltr'><strong>referre,</strong></span> <span class='ocrx_word' id='word_1_216' title='bbox 458 1975 498 2025; x_wconf 88' lang='lat' dir='ltr'><strong>sio</strong></span> <span class='ocrx_word' id='word_1_217' title='bbox 521 1974 660 2042; x_wconf 79' lang='lat' dir='ltr'><strong>intellige:</strong></span> <span class='ocrx_word' id='word_1_218' title='bbox 690 1975 787 2027; x_wconf 88' lang='lat' dir='ltr'><strong>Redde</strong></span> <span class='ocrx_word' id='word_1_219' title='bbox 811 1974 890 2026; x_wconf 82' lang='lat' dir='ltr'><strong>nobis</strong></span> <span class='ocrx_word' id='word_1_220' title='bbox 913 1971 1037 2038; x_wconf 69' lang='lat' dir='ltr'><strong>Iuliam,</strong></span> <span class='ocrx_word' id='word_1_221' title='bbox 1059 1979 1088 2024; x_wconf 88' lang='lat' dir='ltr'><strong>at</strong></span> 
     </span>
     <span class='ocr_line' id='line_1_25' title="bbox 58 2041 1087 2113; baseline -0.003 -20"><span class='ocrx_word' id='word_1_222' title='bbox 58 2042 183 2113; x_wconf 74' lang='lat' dir='ltr'><strong>libenter</strong></span> <span class='ocrx_word' id='word_1_223' title='bbox 204 2041 354 2110; x_wconf 83' lang='lat' dir='ltr'><strong>repetimus</strong></span> <span class='ocrx_word' id='word_1_224' title='bbox 380 2058 413 2092; x_wconf 87' lang='lat' dir='ltr'><strong>ea</strong></span> <span class='ocrx_word' id='word_1_225' title='bbox 436 2058 507 2108; x_wconf 89' lang='lat' dir='ltr'><strong>quae</strong></span> <span class='ocrx_word' id='word_1_226' title='bbox 528 2044 559 2094; x_wconf 90' lang='lat' dir='ltr'><strong>in</strong></span> <span class='ocrx_word' id='word_1_227' title='bbox 582 2043 668 2095; x_wconf 89' lang='lat' dir='ltr'><strong>Troia</strong></span> <span class='ocrx_word' id='word_1_228' title='bbox 689 2043 860 2111; x_wconf 82' lang='lat' dir='ltr'><strong>pertulimus.</strong></span> <span class='ocrx_word' id='word_1_229' title='bbox 884 2068 919 2078; x_wconf 94' lang='lat'><em>-</em></span> <span class='ocrx_word' id='word_1_230' title='bbox 960 2046 1004 2099; x_wconf 81' lang='lat'><strong>6³.</strong></span> <span class='ocrx_word' id='word_1_231' title='bbox 1021 2041 1087 2091; x_wconf 87' lang='lat' dir='ltr'><strong>Alto</strong></span> 
     </span>
     <span class='ocr_line' id='line_1_26' title="bbox 59 2106 1089 2178; baseline -0.003 -15"><span class='ocrx_word' id='word_1_232' title='bbox 59 2112 196 2174; x_wconf 85' lang='lat' dir='ltr'><strong>silentio‚·</strong></span> <span class='ocrx_word' id='word_1_233' title='bbox 218 2110 286 2160; x_wconf 89' lang='lat' dir='ltr'><strong>luno</strong></span> <span class='ocrx_word' id='word_1_234' title='bbox 308 2109 410 2178; x_wconf 88' lang='lat' dir='ltr'><strong>ubique</strong></span> <span class='ocrx_word' id='word_1_235' title='bbox 432 2111 513 2163; x_wconf 90' lang='lat' dir='ltr'><strong>silens</strong></span> <span class='ocrx_word' id='word_1_236' title='bbox 535 2111 681 2163; x_wconf 86' lang='lat' dir='ltr'><strong>inducitur.</strong></span> <span class='ocrx_word' id='word_1_237' title='bbox 715 2111 793 2164; x_wconf 90' lang='lat' dir='ltr'><strong>Unde</strong></span> <span class='ocrx_word' id='word_1_238' title='bbox 815 2111 842 2162; x_wconf 87' lang='lat' dir='ltr'><strong>ei</strong></span> <span class='ocrx_word' id='word_1_239' title='bbox 859 2108 947 2160; x_wconf 82' lang='lat' dir='ltr'><strong>oratio</strong></span> <span class='ocrx_word' id='word_1_240' title='bbox 964 2110 1027 2178; x_wconf 87' lang='lat' dir='ltr'><strong>[pro</strong></span> <span class='ocrx_word' id='word_1_241' title='bbox 1044 2106 1089 2172; x_wconf 89' lang='lat' dir='ltr'><strong>re]</strong></span> 
     </span>
     <span class='ocr_line' id='line_1_27' title="bbox 60 2176 1176 2244; baseline -0.006 -11"><span class='ocrx_word' id='word_1_242' title='bbox 60 2179 119 2234; x_wconf 82' lang='lat' dir='ltr'><strong>nisi</strong></span> <span class='ocrx_word' id='word_1_243' title='bbox 135 2194 168 2230; x_wconf 85' lang='lat' dir='ltr'><strong>ex</strong></span> <span class='ocrx_word' id='word_1_244' title='bbox 184 2177 271 2230; x_wconf 89' lang='lat' dir='ltr'><strong>nimia</strong></span> <span class='ocrx_word' id='word_1_245' title='bbox 288 2178 447 2230; x_wconf 67' lang='lat' dir='ltr'><strong>necessitate</strong></span> <span class='ocrx_word' id='word_1_246' title='bbox 463 2194 519 2230; x_wconf 92' lang='lat' dir='ltr'><strong>non</strong></span> <span class='ocrx_word' id='word_1_247' title='bbox 537 2180 631 2239; x_wconf 82' lang='lat' dir='ltr'><strong>datur3</strong></span> <span class='ocrx_word' id='word_1_248' title='bbox 646 2180 712 2231; x_wconf 86' lang='lat' dir='ltr'><strong>hinc</strong></span> <span class='ocrx_word' id='word_1_249' title='bbox 728 2186 783 2231; x_wconf 88' lang='lat' dir='ltr'><strong>est:</strong></span> <span class='ocrx_word' id='word_1_250' title='bbox 799 2178 866 2228; x_wconf 82' lang='lat' dir='ltr'><strong>Acta</strong></span> <span class='ocrx_word' id='word_1_251' title='bbox 878 2178 980 2244; x_wconf 82' lang='lat' dir='ltr'><strong>furore</strong></span> <span class='ocrx_word' id='word_1_252' title='bbox 997 2178 1089 2243; x_wconf 79' lang='lat' dir='ltr'><strong>graui.</strong></span> <span class='ocrx_word' id='word_1_253' title='bbox 1170 2176 1176 2184; x_wconf 84' lang='lat'><em>&#39;</em></span> 
     </span>
     <span class='ocr_line' id='line_1_28' title="bbox 58 2245 1088 2367; baseline -0.005 -68"><span class='ocrx_word' id='word_1_254' title='bbox 58 2246 163 2299; x_wconf 77' lang='lat' dir='ltr'><strong>Statius</strong></span> <span class='ocrx_word' id='word_1_255' title='bbox 181 2245 626 2315; x_wconf 76' lang='lat' dir='ltr'><strong>(10,901.):1unmnmtacisam</strong></span> <span class='ocrx_word' id='word_1_256' title='bbox 638 2248 802 2367; x_wconf 47' lang='lat' dir='ltr'><strong>{ruribunda</strong></span> <span class='ocrx_word' id='word_1_257' title='bbox 820 2247 934 2298; x_wconf 89' lang='lat' dir='ltr'><strong>silentia</strong></span> <span class='ocrx_word' id='word_1_258' title='bbox 954 2256 1088 2311; x_wconf 86' lang='lat' dir='ltr'><strong>torquent.</strong></span> 
     </span>
     <span class='ocr_line' id='line_1_29' title="bbox 59 2314 1089 2382; baseline -0.005 -13"><span class='ocrx_word' id='word_1_259' title='bbox 59 2316 101 2369; x_wconf 84' lang='lat' dir='ltr'><strong>Et</strong></span> <span class='ocrx_word' id='word_1_260' title='bbox 117 2317 284 2378; x_wconf 88' lang='lat' dir='ltr'><strong>notandum,</strong></span> <span class='ocrx_word' id='word_1_261' title='bbox 300 2315 365 2382; x_wconf 88' lang='lat' dir='ltr'><strong>quia</strong></span> <span class='ocrx_word' id='word_1_262' title='bbox 380 2315 538 2382; x_wconf 76' lang='lat' dir='ltr'><strong>singillatim</strong></span> <span class='ocrx_word' id='word_1_263' title='bbox 556 2317 628 2368; x_wconf 85' lang='lat' dir='ltr'><strong>dicta</strong></span> <span class='ocrx_word' id='word_1_264' title='bbox 667 2316 757 2369; x_wconf 90' lang='lat' dir='ltr'><strong>eueris</strong></span> <span class='ocrx_word' id='word_1_265' title='bbox 773 2318 826 2368; x_wconf 90' lang='lat' dir='ltr'><strong>hac</strong></span> <span class='ocrx_word' id='word_1_266' title='bbox 844 2315 967 2366; x_wconf 88' lang='lat' dir='ltr'><strong>oratione</strong></span> <span class='ocrx_word' id='word_1_267' title='bbox 984 2314 1089 2364; x_wconf 88' lang='lat' dir='ltr'><strong>solvun-</strong></span> 
     </span>
     <span class='ocr_line' id='line_1_30' title="bbox 60 2382 1089 2453; baseline -0.005 -18"><span class='ocrx_word' id='word_1_268' title='bbox 60 2392 120 2436; x_wconf 86' lang='lat' dir='ltr'><strong>tur.</strong></span> <span class='ocrx_word' id='word_1_269' title='bbox 158 2384 307 2435; x_wconf 83' lang='lat' dir='ltr'><strong>Silentium</strong></span> <span class='ocrx_word' id='word_1_270' title='bbox 340 2383 470 2452; x_wconf 89' lang='lat' dir='ltr'><strong>[autem]</strong></span> <span class='ocrx_word' id='word_1_271' title='bbox 500 2402 625 2451; x_wconf 81' lang='lat' dir='ltr'><strong>rumpere</strong></span> <span class='ocrx_word' id='word_1_272' title='bbox 654 2393 696 2439; x_wconf 87' lang='lat' dir='ltr'><strong>est</strong></span> <span class='ocrx_word' id='word_1_273' title='bbox 723 2384 815 2453; x_wconf 89' lang='lat' dir='ltr'><strong>loqui,</strong></span> <span class='ocrx_word' id='word_1_274' title='bbox 835 2383 956 2453; x_wconf 63' lang='lat' dir='ltr'><strong>‘proprie</strong></span> <span class='ocrx_word' id='word_1_275' title='bbox 984 2382 1089 2433; x_wconf 87' lang='lat' dir='ltr'><strong>dictum</strong></span> 
     </span>
     <span class='ocr_line' id='line_1_31' title="bbox 61 2448 1196 2521; baseline -0.004 -18"><span class='ocrx_word' id='word_1_276' title='bbox 61 2450 169 2516; x_wconf 83' lang='lat' dir='ltr'><strong>(Guelf.</strong></span> <span class='ocrx_word' id='word_1_277' title='bbox 186 2454 207 2503; x_wconf 92' lang='lat'><strong>1.</strong></span> <span class='ocrx_word' id='word_1_278' title='bbox 231 2465 256 2503; x_wconf 93' lang='lat' dir='ltr'><strong>et</strong></span> <span class='ocrx_word' id='word_1_279' title='bbox 272 2454 317 2519; x_wconf 80' lang='lat' dir='ltr'><strong>pie</strong></span> <span class='ocrx_word' id='word_1_280' title='bbox 337 2454 363 2504; x_wconf 85' lang='lat' dir='ltr'><strong>d.</strong></span> <span class='ocrx_word' id='word_1_281' title='bbox 381 2454 437 2514; x_wconf 91' lang='lat' dir='ltr'><strong>est).</strong></span> <span class='ocrx_word' id='word_1_282' title='bbox 472 2452 630 2521; x_wconf 80' lang='lat' dir='ltr'><strong>[Sciendum</strong></span> <span class='ocrx_word' id='word_1_283' title='bbox 653 2455 730 2506; x_wconf 76' lang='lat' dir='ltr'><strong>araim</strong></span> <span class='ocrx_word' id='word_1_284' title='bbox 754 2453 828 2521; x_wconf 87' lang='lat' dir='ltr'><strong>quod</strong></span> <span class='ocrx_word' id='word_1_285' title='bbox 844 2468 936 2502; x_wconf 87' lang='lat' dir='ltr'><strong>vocem</strong></span> <span class='ocrx_word' id='word_1_286' title='bbox 955 2448 1089 2515; x_wconf 79' lang='lat' dir='ltr'><strong>rumpere,</strong></span> <span class='ocrx_word' id='word_1_287' title='bbox 1193 2478 1196 2487; x_wconf 91' lang='lat'>·</span> 
     </span>
     <span class='ocr_line' id='line_1_32' title="bbox 61 2518 1184 2591; baseline -0.005 -18"><span class='ocrx_word' id='word_1_288' title='bbox 61 2527 108 2573; x_wconf 80' lang='lat' dir='ltr'><strong>est</strong></span> <span class='ocrx_word' id='word_1_289' title='bbox 130 2519 248 2587; x_wconf 79' lang='lat' dir='ltr'><strong>tacere]</strong></span> <span class='ocrx_word' id='word_1_290' title='bbox 295 2521 372 2574; x_wconf 87' lang='lat' dir='ltr'><strong>Unde</strong></span> <span class='ocrx_word' id='word_1_291' title='bbox 397 2529 511 2591; x_wconf 84' lang='lat' dir='ltr'><strong>apparet</strong></span> <span class='ocrx_word' id='word_1_292' title='bbox 534 2522 689 2588; x_wconf 80' lang='lat' dir='ltr'><strong>usurpative</strong></span> <span class='ocrx_word' id='word_1_293' title='bbox 704 2520 816 2578; x_wconf 79' lang='lat' dir='ltr'><strong>tdic&#39;tum</strong></span> <span class='ocrx_word' id='word_1_294' title='bbox 839 2536 898 2572; x_wconf 87' lang='lat' dir='ltr'><strong>esse</strong></span> <span class='ocrx_word' id='word_1_295' title='bbox 927 2518 1089 2584; x_wconf 80' lang='lat'><strong>(¹2&#39;,129.):</strong></span> <span class='ocrx_word' id='word_1_296' title='bbox 1176 2558 1184 2576; x_wconf 68' lang='grc'><strong>,</strong></span> 
     </span>
     <span class='ocr_line' id='line_1_33' title="bbox 62 2590 1089 2657; baseline -0.005 -18"><span class='ocrx_word' id='word_1_297' title='bbox 62 2590 225 2655; x_wconf 79' lang='lat' dir='ltr'><strong>Composito</strong></span> <span class='ocrx_word' id='word_1_298' title='bbox 251 2595 356 2656; x_wconf 80' lang='lat' dir='ltr'><strong>rumpit</strong></span> <span class='ocrx_word' id='word_1_299' title='bbox 377 2607 485 2641; x_wconf 83' lang='lat' dir='ltr'><strong>vocem.-</strong></span> <span class='ocrx_word' id='word_1_300' title='bbox 509 2591 527 2641; x_wconf 91' lang='lat' dir='ltr'><strong>i.</strong></span> <span class='ocrx_word' id='word_1_301' title='bbox 545 2610 568 2641; x_wconf 89' lang='lat' dir='ltr'><strong>e.</strong></span> <span class='ocrx_word' id='word_1_302' title='bbox 590 2590 719 2657; x_wconf 87' lang='lat' dir='ltr'><strong>loquitur.</strong></span> <span class='ocrx_word' id='word_1_303' title='bbox 753 2590 825 2640; x_wconf 89' lang='lat' dir='ltr'><strong>Nam</strong></span> <span class='ocrx_word' id='word_1_304' title='bbox 843 2604 934 2638; x_wconf 84' lang='lat' dir='ltr'><strong>nocem</strong></span> <span class='ocrx_word' id='word_1_305' title='bbox 954 2601 1089 2657; x_wconf 81' lang='lat' dir='ltr'><strong>rumpere,</strong></span> 
     </span>
     <span class='ocr_line' id='line_1_34' title="bbox 57 2644 1089 2737; baseline -0.008 -28"><span class='ocrx_word' id='word_1_306' title='bbox 57 2657 146 2710; x_wconf 71' lang='lat' dir='ltr'><strong>uilere</strong></span> <span class='ocrx_word' id='word_1_307' title='bbox 163 2665 217 2710; x_wconf 87' lang='lat' dir='ltr'><strong>est:</strong></span> <span class='ocrx_word' id='word_1_308' title='bbox 234 2657 379 2711; x_wconf 84' lang='lat' dir='ltr'><strong>silentium</strong></span> <span class='ocrx_word' id='word_1_309' title='bbox 398 2677 530 2724; x_wconf 85' lang='lat' dir='ltr'><strong>rumpere,</strong></span> <span class='ocrx_word' id='word_1_310' title='bbox 545 2657 628 2737; x_wconf 75' lang='lat' dir='ltr'><strong>loqui.</strong></span> <span class='ocrx_word' id='word_1_311' title='bbox 641 2684 677 2695; x_wconf 90' lang='lat'>-</span> <span class='ocrx_word' id='word_1_312' title='bbox 709 2661 753 2714; x_wconf 72' lang='lat'><strong>64.</strong></span> <span class='ocrx_word' id='word_1_313' title='bbox 773 2657 932 2708; x_wconf 78' lang='lat' dir='ltr'><strong>Obducturn</strong></span> <span class='ocrx_word' id='word_1_314' title='bbox 950 2644 1089 2715; x_wconf 76' lang='lat' dir='ltr'><strong>dolorem3</strong></span> 
     </span>
     <span class='ocr_line' id='line_1_35' title="bbox 61 2721 1188 2792; baseline -0.006 -14"><span class='ocrx_word' id='word_1_315' title='bbox 61 2727 187 2778; x_wconf 89' lang='lat' dir='ltr'><strong>celatum</strong></span> <span class='ocrx_word' id='word_1_316' title='bbox 212 2734 241 2778; x_wconf 89' lang='lat' dir='ltr'><strong>et</strong></span> <span class='ocrx_word' id='word_1_317' title='bbox 261 2725 390 2792; x_wconf 83' lang='lat' dir='ltr'><strong>diuturna</strong></span> <span class='ocrx_word' id='word_1_318' title='bbox 413 2727 472 2777; x_wconf 84' lang='lat' dir='ltr'><strong>iam</strong></span> <span class='ocrx_word' id='word_1_319' title='bbox 497 2728 624 2778; x_wconf 75' lang='lat' dir='ltr'><strong>cicatrice</strong></span> <span class='ocrx_word' id='word_1_320' title='bbox 640 2732 809 2792; x_wconf 86' lang='lat' dir='ltr'><strong>coopertum.</strong></span> <span class='ocrx_word' id='word_1_321' title='bbox 843 2724 914 2772; x_wconf 90' lang='lat' dir='ltr'><strong>Nam</strong></span> <span class='ocrx_word' id='word_1_322' title='bbox 933 2723 1034 2773; x_wconf 83' lang='lat' dir='ltr'><strong>obduci</strong></span> <span class='ocrx_word' id='word_1_323' title='bbox 1051 2721 1092 2772; x_wconf 89' lang='lat' dir='ltr'><strong>di-</strong></span> <span class='ocrx_word' id='word_1_324' title='bbox 1134 2768 1137 2780; x_wconf 83' lang='grc'><strong>,</strong></span> <span class='ocrx_word' id='word_1_325' title='bbox 1183 2736 1188 2743; x_wconf 94' lang='grc'><strong><em>·</em></strong></span> 
     </span>
     <span class='ocr_line' id='line_1_36' title="bbox 60 2788 1091 2865; baseline -0.006 -20"><span class='ocrx_word' id='word_1_326' title='bbox 60 2802 165 2846; x_wconf 85' lang='lat' dir='ltr'><strong>cuntur</strong></span> <span class='ocrx_word' id='word_1_327' title='bbox 181 2794 307 2856; x_wconf 86' lang='lat' dir='ltr'><strong>vulnera,</strong></span> <span class='ocrx_word' id='word_1_328' title='bbox 325 2811 394 2865; x_wconf 83' lang='lat' dir='ltr'><strong>quae</strong></span> <span class='ocrx_word' id='word_1_329' title='bbox 411 2795 539 2846; x_wconf 88' lang='lat' dir='ltr'><strong>cicatrice</strong></span> <span class='ocrx_word' id='word_1_330' title='bbox 555 2793 726 2844; x_wconf 88' lang='lat' dir='ltr'><strong>clauduntur.</strong></span> <span class='ocrx_word' id='word_1_331' title='bbox 739 2817 772 2829; x_wconf 92' lang='lat'><em>-</em></span> <span class='ocrx_word' id='word_1_332' title='bbox 806 2797 848 2848; x_wconf 86' lang='lat'><strong>65.</strong></span> <span class='ocrx_word' id='word_1_333' title='bbox 865 2791 983 2840; x_wconf 84' lang='lat' dir='ltr'><strong>Aeneam</strong></span> <span class='ocrx_word' id='word_1_334' title='bbox 1000 2788 1091 2839; x_wconf 82' lang='lat' dir='ltr'><strong>lsomi-</strong></span> 
     </span>
     <span class='ocr_line' id='line_1_37' title="bbox 63 2859 1088 2929; baseline -0.007 -16"><span class='ocrx_word' id='word_1_335' title='bbox 63 2880 136 2914; x_wconf 80' lang='lat' dir='ltr'><strong>num</strong></span> <span class='ocrx_word' id='word_1_336' title='bbox 155 2864 319 2929; x_wconf 88' lang='lat' dir='ltr'><strong>quisquam;</strong></span> <span class='ocrx_word' id='word_1_337' title='bbox 341 2864 387 2929; x_wconf 88' lang='lat' dir='ltr'><strong>[ad</strong></span> <span class='ocrx_word' id='word_1_338' title='bbox 402 2862 469 2913; x_wconf 91' lang='lat' dir='ltr'><strong>illud</strong></span> <span class='ocrx_word' id='word_1_339' title='bbox 486 2861 562 2927; x_wconf 73' lang='lat'><strong>(34·)2</strong></span> <span class='ocrx_word' id='word_1_340' title='bbox 588 2859 669 2926; x_wconf 78' lang='lat' dir='ltr'><strong>Quae</strong></span> <span class='ocrx_word' id='word_1_341' title='bbox 686 2863 782 2928; x_wconf 86' lang='lat' dir='ltr'><strong>superi</strong></span> <span class='ocrx_word' id='word_1_342' title='bbox 800 2875 948 2924; x_wconf 86' lang='lat' dir='ltr'><strong>manesque</strong></span> <span class='ocrx_word' id='word_1_343' title='bbox 966 2859 1088 2908; x_wconf 80' lang='lat' dir='ltr'><strong>dabant:</strong></span> 
     </span>
     <span class='ocr_line' id='line_1_38' title="bbox 61 2930 1090 2999; baseline -0.01 -14"><span class='ocrx_word' id='word_1_344' title='bbox 61 2930 106 2997; x_wconf 82' lang='lat' dir='ltr'><strong>et]</strong></span> <span class='ocrx_word' id='word_1_345' title='bbox 124 2931 213 2982; x_wconf 88' lang='lat' dir='ltr'><strong>celans</strong></span> <span class='ocrx_word' id='word_1_346' title='bbox 230 2932 387 2999; x_wconf 84' lang='lat' dir='ltr'><strong>quaefacta</strong></span> <span class='ocrx_word' id='word_1_347' title='bbox 404 2938 479 2993; x_wconf 90' lang='lat' dir='ltr'><strong>sunt,</strong></span> <span class='ocrx_word' id='word_1_348' title='bbox 503 2947 535 2981; x_wconf 90' lang='lat' dir='ltr'><strong>ea</strong></span> <span class='ocrx_word' id='word_1_349' title='bbox 552 2945 622 2998; x_wconf 88' lang='lat' dir='ltr'><strong>quae</strong></span> <span class='ocrx_word' id='word_1_350' title='bbox 644 2944 702 2979; x_wconf 88' lang='lat' dir='ltr'><strong>non</strong></span> <span class='ocrx_word' id='word_1_351' title='bbox 725 2936 788 2980; x_wconf 88' lang='lat' dir='ltr'><strong>sunt</strong></span> <span class='ocrx_word' id='word_1_352' title='bbox 808 2930 896 2992; x_wconf 85' lang='lat' dir='ltr'><strong>facta,</strong></span> <span class='ocrx_word' id='word_1_353' title='bbox 919 2940 1090 2977; x_wconf 85' lang='lat' dir='ltr'><strong>commemo·</strong></span> 
     </span>
     <span class='ocr_line' id='line_1_39' title="bbox 63 2995 1090 3062; baseline -0.009 -9"><span class='ocrx_word' id='word_1_354' title='bbox 63 3007 119 3054; x_wconf 79' lang='lat' dir='ltr'><strong>rat.</strong></span> <span class='ocrx_word' id='word_1_355' title='bbox 152 3001 225 3049; x_wconf 86' lang='lat' dir='ltr'><strong>Num</strong></span> <span class='ocrx_word' id='word_1_356' title='bbox 241 3013 298 3049; x_wconf 90' lang='lat' dir='ltr'><strong>non</strong></span> <span class='ocrx_word' id='word_1_357' title='bbox 314 3001 432 3062; x_wconf 84' lang='lat' dir='ltr'><strong>Aeneas,</strong></span> <span class='ocrx_word' id='word_1_358' title='bbox 453 2999 500 3050; x_wconf 89' lang='lat' dir='ltr'><strong>sed</strong></span> <span class='ocrx_word' id='word_1_359' title='bbox 516 2996 624 3048; x_wconf 86' lang='lat' dir='ltr'><strong>Turnus</strong></span> <span class='ocrx_word' id='word_1_360' title='bbox 640 2997 750 3049; x_wconf 76' lang='lat' dir='ltr'><strong>limonia</strong></span> <span class='ocrx_word' id='word_1_361' title='bbox 771 2996 902 3048; x_wconf 88' lang='lat' dir='ltr'><strong>instinctu</strong></span> <span class='ocrx_word' id='word_1_362' title='bbox 925 2995 997 3046; x_wconf 89' lang='lat' dir='ltr'><strong>bella</strong></span> <span class='ocrx_word' id='word_1_363' title='bbox 1014 3009 1090 3045; x_wconf 90' lang='lat' dir='ltr'><strong>com·</strong></span> 
     </span>
     <span class='ocr_line' id='line_1_40' title="bbox 64 3060 1090 3137; baseline -0.01 -16"><span class='ocrx_word' id='word_1_364' title='bbox 64 3068 160 3121; x_wconf 79' lang='lat' dir='ltr'><strong>movit.</strong></span> <span class='ocrx_word' id='word_1_365' title='bbox 194 3068 288 3137; x_wconf 88' lang='lat' dir='ltr'><strong>[Sequi</strong></span> <span class='ocrx_word' id='word_1_366' title='bbox 305 3076 400 3118; x_wconf 86' lang='lat' dir='ltr'><strong>autern</strong></span> <span class='ocrx_word' id='word_1_367' title='bbox 417 3074 526 3137; x_wconf 86' lang='lat' dir='ltr'><strong>petere,</strong></span> <span class='ocrx_word' id='word_1_368' title='bbox 548 3073 578 3117; x_wconf 91' lang='lat' dir='ltr'><strong>ut</strong></span> <span class='ocrx_word' id='word_1_369' title='bbox 595 3065 691 3127; x_wconf 82' lang='lat'><strong>(193.):</strong></span> <span class='ocrx_word' id='word_1_370' title='bbox 714 3066 812 3116; x_wconf 84' lang='lat' dir='ltr'><strong>Sidera</strong></span> <span class='ocrx_word' id='word_1_371' title='bbox 830 3081 894 3116; x_wconf 85' lang='lat' dir='ltr'><strong>voce</strong></span> <span class='ocrx_word' id='word_1_372' title='bbox 912 3060 1090 3130; x_wconf 78' lang='lat' dir='ltr'><strong>sequentem]</strong></span> 
     </span>
     <span class='ocr_line' id='line_1_41' title="bbox 63 3131 1091 3205; baseline -0.009 -17"><span class='ocrx_word' id='word_1_373' title='bbox 63 3137 159 3188; x_wconf 85' lang='lat' dir='ltr'><strong>Utitur</strong></span> <span class='ocrx_word' id='word_1_374' title='bbox 176 3144 268 3188; x_wconf 85' lang='lat' dir='ltr'><strong>autem</strong></span> <span class='ocrx_word' id='word_1_375' title='bbox 284 3135 461 3205; x_wconf 87' lang='lat' dir='ltr'><strong>replicatione</strong></span> <span class='ocrx_word' id='word_1_376' title='bbox 477 3150 573 3188; x_wconf 84' lang='lat' dir='ltr'><strong>rerum</strong></span> <span class='ocrx_word' id='word_1_377' title='bbox 590 3134 775 3186; x_wconf 80' lang='lat' dir='ltr'><strong>obiecturum:</strong></span> <span class='ocrx_word' id='word_1_378' title='bbox 800 3132 952 3204; x_wconf 73' lang='lat' dir='ltr'><strong>posterum</strong></span> <span class='ocrx_word' id='word_1_379' title='bbox 968 3131 1091 3200; x_wconf 80' lang='lat' dir='ltr'><strong>sequitur</strong></span> 
     </span>
     <span class='ocr_line' id='line_1_42' title="bbox 64 3199 1092 3263; baseline -0.012 -4"><span class='ocrx_word' id='word_1_380' title='bbox 64 3205 204 3259; x_wconf 86' lang='lat' dir='ltr'><strong>resolutio.</strong></span> <span class='ocrx_word' id='word_1_381' title='bbox 220 3229 254 3242; x_wconf 89' lang='lat'><strong>·-</strong></span> <span class='ocrx_word' id='word_1_382' title='bbox 295 3210 337 3261; x_wconf 83' lang='lat'><strong>67.</strong></span> <span class='ocrx_word' id='word_1_383' title='bbox 361 3204 442 3263; x_wconf 83' lang='lat' dir='ltr'><strong>Esto;</strong></span> <span class='ocrx_word' id='word_1_384' title='bbox 465 3203 547 3255; x_wconf 88' lang='lat' dir='ltr'><strong>modo</strong></span> <span class='ocrx_word' id='word_1_385' title='bbox 570 3202 729 3254; x_wconf 90' lang='lat' dir='ltr'><strong>adverbium</strong></span> <span class='ocrx_word' id='word_1_386' title='bbox 754 3209 794 3254; x_wconf 89' lang='lat' dir='ltr'><strong>est</strong></span> <span class='ocrx_word' id='word_1_387' title='bbox 816 3199 1002 3260; x_wconf 75' lang='lat' dir='ltr'><strong>concedentis,</strong></span> <span class='ocrx_word' id='word_1_388' title='bbox 1024 3213 1092 3248; x_wconf 88' lang='lat' dir='ltr'><strong>nam</strong></span> 
     </span>
     <span class='ocr_line' id='line_1_43' title="bbox 65 3266 1091 3339; baseline -0.007 -15"><span class='ocrx_word' id='word_1_389' title='bbox 65 3275 208 3325; x_wconf 86' lang='lat' dir='ltr'><strong>Graecum</strong></span> <span class='ocrx_word' id='word_1_390' title='bbox 225 3279 265 3325; x_wconf 88' lang='lat' dir='ltr'><strong>est</strong></span> <span class='ocrx_word' id='word_1_391' title='bbox 281 3271 379 3339; x_wconf 69' lang='lat' dir='ltr'><strong>[toea]</strong></span> <span class='ocrx_word' id='word_1_392' title='bbox 411 3272 459 3322; x_wconf 86' lang='lat' dir='ltr'><strong>[llo</strong></span> <span class='ocrx_word' id='word_1_393' title='bbox 476 3280 570 3324; x_wconf 89' lang='lat' dir='ltr'><strong>autem</strong></span> <span class='ocrx_word' id='word_1_394' title='bbox 585 3272 646 3322; x_wconf 92' lang='lat' dir='ltr'><strong>loco</strong></span> <span class='ocrx_word' id='word_1_395' title='bbox 662 3271 776 3322; x_wconf 85' lang='lat' dir='ltr'><strong>verbum</strong></span> <span class='ocrx_word' id='word_1_396' title='bbox 794 3278 834 3322; x_wconf 89' lang='lat' dir='ltr'><strong>est</strong></span> <span class='ocrx_word' id='word_1_397' title='bbox 851 3275 906 3334; x_wconf 77' lang='lat'><strong>(12,</strong></span> <span class='ocrx_word' id='word_1_398' title='bbox 924 3267 1008 3329; x_wconf 86' lang='lat'><strong>176.):</strong></span> <span class='ocrx_word' id='word_1_399' title='bbox 1025 3266 1091 3317; x_wconf 86' lang='lat' dir='ltr'><strong>Esto</strong></span> 
     </span>
     <span class='ocr_line' id='line_1_44' title="bbox 66 3334 1092 3407; baseline -0.009 -13"><span class='ocrx_word' id='word_1_400' title='bbox 66 3358 146 3394; x_wconf 87' lang='lat' dir='ltr'><strong>nunc</strong></span> <span class='ocrx_word' id='word_1_401' title='bbox 170 3344 213 3393; x_wconf 90' lang='lat' dir='ltr'><strong>sol</strong></span> <span class='ocrx_word' id='word_1_402' title='bbox 239 3346 326 3396; x_wconf 84' lang='lat' dir='ltr'><strong>testis.</strong></span> <span class='ocrx_word' id='word_1_403' title='bbox 360 3341 451 3407; x_wconf 81' lang='lat' dir='ltr'><strong>[Fatis</strong></span> <span class='ocrx_word' id='word_1_404' title='bbox 475 3341 655 3403; x_wconf 79' lang='lat' dir='ltr'><strong>auctoribus3</strong></span> <span class='ocrx_word' id='word_1_405' title='bbox 681 3354 749 3390; x_wconf 90' lang='lat' dir='ltr'><strong>num</strong></span> <span class='ocrx_word' id='word_1_406' title='bbox 774 3339 819 3390; x_wconf 89' lang='lat' dir='ltr'><strong>hic</strong></span> <span class='ocrx_word' id='word_1_407' title='bbox 848 3334 1003 3406; x_wconf 77' lang='lat' dir='ltr'><strong>responsis?</strong></span> <span class='ocrx_word' id='word_1_408' title='bbox 1026 3336 1092 3402; x_wconf 82' lang='lat' dir='ltr'><strong>quia</strong></span> 
     </span>
     <span class='ocr_line' id='line_1_45' title="bbox 64 3403 1091 3479; baseline -0.007 -20"><span class='ocrx_word' id='word_1_409' title='bbox 64 3413 122 3465; x_wconf 81' lang='lat' dir='ltr'><strong>hoc</strong></span> <span class='ocrx_word' id='word_1_410' title='bbox 138 3410 280 3479; x_wconf 69' lang='lat' dir='ltr'><strong>sequitur]</strong></span> <span class='ocrx_word' id='word_1_411' title='bbox 297 3438 329 3448; x_wconf 96' lang='lat'><em>-</em></span> <span class='ocrx_word' id='word_1_412' title='bbox 364 3418 408 3468; x_wconf 79' lang='lat'><strong>66.</strong></span> <span class='ocrx_word' id='word_1_413' title='bbox 426 3409 601 3460; x_wconf 80' lang='lat' dir='ltr'><strong>Cassandrae</strong></span> <span class='ocrx_word' id='word_1_414' title='bbox 620 3409 759 3474; x_wconf 85' lang='lat' dir='ltr'><strong>impulsus</strong></span> <span class='ocrx_word' id='word_1_415' title='bbox 770 3407 881 3476; x_wconf 79' lang='lat' dir='ltr'><strong>furiis,·</strong></span> <span class='ocrx_word' id='word_1_416' title='bbox 907 3405 977 3456; x_wconf 90' lang='lat' dir='ltr'><strong>bene</strong></span> <span class='ocrx_word' id='word_1_417' title='bbox 995 3403 1091 3471; x_wconf 81' lang='lat' dir='ltr'><strong>soriis</strong></span> 
     </span>
     <span class='ocr_line' id='line_1_46' title="bbox 65 3470 1092 3553; baseline -0.011 -22"><span class='ocrx_word' id='word_1_418' title='bbox 65 3479 169 3553; x_wconf 80' lang='lat' dir='ltr'><strong>plurali</strong></span> <span class='ocrx_word' id='word_1_419' title='bbox 190 3496 324 3545; x_wconf 89' lang='lat' dir='ltr'><strong>numero,</strong></span> <span class='ocrx_word' id='word_1_420' title='bbox 348 3478 421 3548; x_wconf 85' lang='lat' dir='ltr'><strong>qood</strong></span> <span class='ocrx_word' id='word_1_421' title='bbox 444 3478 478 3530; x_wconf 91' lang='lat' dir='ltr'><strong>de</strong></span> <span class='ocrx_word' id='word_1_422' title='bbox 501 3478 711 3529; x_wconf 85' lang='lat' dir='ltr'><strong>vaticinantibus</strong></span> <span class='ocrx_word' id='word_1_423' title='bbox 733 3492 790 3528; x_wconf 90' lang='lat' dir='ltr'><strong>non</strong></span> <span class='ocrx_word' id='word_1_424' title='bbox 813 3476 926 3532; x_wconf 87' lang='lat' dir='ltr'><strong>dicitur;</strong></span> <span class='ocrx_word' id='word_1_425' title='bbox 949 3470 1038 3540; x_wconf 86' lang='lat' dir='ltr'><strong>[ergo]</strong></span> <span class='ocrx_word' id='word_1_426' title='bbox 1060 3477 1092 3520; x_wconf 91' lang='lat' dir='ltr'><strong>ut</strong></span> 
     </span>
     <span class='ocr_line' id='line_1_47' title="bbox 66 3538 1179 3614; baseline -0.01 -14"><span class='ocrx_word' id='word_1_427' title='bbox 66 3549 211 3600; x_wconf 85' lang='lat' dir='ltr'><strong>videantur</strong></span> <span class='ocrx_word' id='word_1_428' title='bbox 235 3548 338 3613; x_wconf 81' lang='lat' dir='ltr'><strong>merito¹</strong></span> <span class='ocrx_word' id='word_1_429' title='bbox 359 3564 416 3600; x_wconf 87' lang='lat' dir='ltr'><strong>esse</strong></span> <span class='ocrx_word' id='word_1_430' title='bbox 439 3545 560 3614; x_wconf 79' lang='lat' dir='ltr'><strong>decepti,</strong></span> <span class='ocrx_word' id='word_1_431' title='bbox 583 3546 631 3614; x_wconf 86' lang='lat' dir='ltr'><strong>qui</strong></span> <span class='ocrx_word' id='word_1_432' title='bbox 648 3546 816 3597; x_wconf 83' lang='lat' dir='ltr'><strong>Cassandrae</strong></span> <span class='ocrx_word' id='word_1_433' title='bbox 839 3541 984 3594; x_wconf 85' lang='lat' dir='ltr'><strong>insanienti</strong></span> <span class='ocrx_word' id='word_1_434' title='bbox 1003 3538 1092 3591; x_wconf 88' lang='lat' dir='ltr'><strong>credi·</strong></span> <span class='ocrx_word' id='word_1_435' title='bbox 1175 3540 1179 3557; x_wconf 76' lang='grc'><strong>“</strong></span> 
     </span>
     <span class='ocr_line' id='line_1_48' title="bbox 68 3609 1092 3685; baseline -0.012 -16"><span class='ocrx_word' id='word_1_436' title='bbox 68 3619 176 3669; x_wconf 87' lang='lat' dir='ltr'><strong>derunt.</strong></span> <span class='ocrx_word' id='word_1_437' title='bbox 212 3617 291 3685; x_wconf 90' lang='lat' dir='ltr'><strong>Quod</strong></span> <span class='ocrx_word' id='word_1_438' title='bbox 314 3633 387 3668; x_wconf 90' lang='lat' dir='ltr'><strong>nunc</strong></span> <span class='ocrx_word' id='word_1_439' title='bbox 410 3616 478 3667; x_wconf 82' lang='lat' dir='ltr'><strong>falso</strong></span> <span class='ocrx_word' id='word_1_440' title='bbox 495 3615 594 3666; x_wconf 88' lang='lat' dir='ltr'><strong>dicitur</strong></span> <span class='ocrx_word' id='word_1_441' title='bbox 611 3633 627 3665; x_wconf 88' lang='lat' dir='ltr'><strong>a</strong></span> <span class='ocrx_word' id='word_1_442' title='bbox 644 3616 762 3678; x_wconf 88' lang='lat' dir='ltr'><strong>Iunone,</strong></span> <span class='ocrx_word' id='word_1_443' title='bbox 783 3613 853 3663; x_wconf 88' lang='lat' dir='ltr'><strong>sicut</strong></span> <span class='ocrx_word' id='word_1_444' title='bbox 876 3626 908 3662; x_wconf 89' lang='lat' dir='ltr'><strong>ex</strong></span> <span class='ocrx_word' id='word_1_445' title='bbox 924 3609 1012 3661; x_wconf 86' lang='lat' dir='ltr'><strong>verbis</strong></span> <span class='ocrx_word' id='word_1_446' title='bbox 1028 3623 1092 3675; x_wconf 88' lang='lat' dir='ltr'><strong>pro-</strong></span> 
     </span>
     <span class='ocr_line' id='line_1_49' title="bbox 67 3680 1157 3752; baseline -0.013 -14"><span class='ocrx_word' id='word_1_447' title='bbox 67 3687 173 3739; x_wconf 87' lang='lat' dir='ltr'><strong>bamus·</strong></span> <span class='ocrx_word' id='word_1_448' title='bbox 184 3687 332 3749; x_wconf 81' lang='lat' dir='ltr'><strong>Anchisae,</strong></span> <span class='ocrx_word' id='word_1_449' title='bbox 356 3685 403 3752; x_wconf 83' lang='lat' dir='ltr'><strong>qui</strong></span> <span class='ocrx_word' id='word_1_450' title='bbox 428 3684 467 3734; x_wconf 87' lang='lat' dir='ltr'><strong>eit</strong></span> <span class='ocrx_word' id='word_1_451' title='bbox 489 3683 518 3733; x_wconf 93' lang='lat' dir='ltr'><strong>in</strong></span> <span class='ocrx_word' id='word_1_452' title='bbox 541 3683 624 3734; x_wconf 91' lang='lat' dir='ltr'><strong>tertio</strong></span> <span class='ocrx_word' id='word_1_453' title='bbox 651 3680 746 3746; x_wconf 84' lang='lat'><strong>(167.):</strong></span> <span class='ocrx_word' id='word_1_454' title='bbox 769 3683 824 3730; x_wconf 85' lang='lat' dir='ltr'><strong>Aut</strong></span> <span class='ocrx_word' id='word_1_455' title='bbox 842 3696 920 3745; x_wconf 87' lang='lat' dir='ltr'><strong>quem</strong></span> <span class='ocrx_word' id='word_1_456' title='bbox 938 3683 1091 3731; x_wconf 86' lang='lat' dir='ltr'><strong>tum&#39;outes</strong></span> <span class='ocrx_word' id='word_1_457' title='bbox 1155 3744 1157 3748; x_wconf 14' lang='grc' dir='ltr'><strong>Υ</strong></span> 
     </span>
     <span class='ocr_line' id='line_1_50' title="bbox 69 3747 1153 3820; baseline -0.013 -14"><span class='ocrx_word' id='word_1_458' title='bbox 69 3756 232 3806; x_wconf 82' lang='lat' dir='ltr'><strong>Cassandra</strong></span> <span class='ocrx_word' id='word_1_459' title='bbox 259 3751 395 3805; x_wconf 76' lang='lat' dir='ltr'><strong>moveret?</strong></span> <span class='ocrx_word' id='word_1_460' title='bbox 431 3749 524 3820; x_wconf 89' lang='lat' dir='ltr'><strong>[Num</strong></span> <span class='ocrx_word' id='word_1_461' title='bbox 549 3752 675 3819; x_wconf 82' lang='lat' dir='ltr'><strong>linquere</strong></span> <span class='ocrx_word' id='word_1_462' title='bbox 707 3763 815 3811; x_wconf 80' lang='lat' dir='ltr'><strong>costra3</strong></span> <span class='ocrx_word' id='word_1_463' title='bbox 843 3749 891 3800; x_wconf 82' lang='lat' dir='ltr'><strong>illa</strong></span> <span class='ocrx_word' id='word_1_464' title='bbox 920 3747 972 3812; x_wconf 87' lang='lat' dir='ltr'><strong>ait,</strong></span> <span class='ocrx_word' id='word_1_465' title='bbox 1000 3748 1091 3796; x_wconf 72' lang='lat' dir='ltr'><strong>alesta</strong></span> <span class='ocrx_word' id='word_1_466' title='bbox 1149 3792 1153 3799; x_wconf 80' lang='grc'><strong>,</strong></span> 
     </span>
     <span class='ocr_line' id='line_1_51' title="bbox 68 3815 1093 3890; baseline -0.016 -13"><span class='ocrx_word' id='word_1_467' title='bbox 68 3826 138 3877; x_wconf 77' lang='lat' dir='ltr'><strong>haec</strong></span> <span class='ocrx_word' id='word_1_468' title='bbox 156 3825 194 3875; x_wconf 89' lang='lat' dir='ltr'><strong>ait</strong></span> <span class='ocrx_word' id='word_1_469' title='bbox 212 3825 339 3889; x_wconf 85' lang='lat' dir='ltr'><strong>reliquit,</strong></span> <span class='ocrx_word' id='word_1_470' title='bbox 363 3829 394 3871; x_wconf 90' lang='lat' dir='ltr'><strong>ut</strong></span> <span class='ocrx_word' id='word_1_471' title='bbox 409 3821 461 3890; x_wconf 84' lang='lat' dir='ltr'><strong>ipsi</strong></span> <span class='ocrx_word' id='word_1_472' title='bbox 477 3819 603 3887; x_wconf 82' lang='lat' dir='ltr'><strong>adsignet</strong></span> <span class='ocrx_word' id='word_1_473' title='bbox 619 3821 742 3888; x_wconf 86' lang='lat' dir='ltr'><strong>culpam,</strong></span> <span class='ocrx_word' id='word_1_474' title='bbox 767 3828 795 3870; x_wconf 89' lang='lat' dir='ltr'><strong>et</strong></span> <span class='ocrx_word' id='word_1_475' title='bbox 811 3827 852 3870; x_wconf 91' lang='lat' dir='ltr'><strong>est</strong></span> <span class='ocrx_word' id='word_1_476' title='bbox 866 3824 949 3868; x_wconf 83' lang='lat' dir='ltr'><strong>status</strong></span> <span class='ocrx_word' id='word_1_477' title='bbox 967 3815 1093 3875; x_wconf 79' lang='lat' dir='ltr'><strong>finitivus,</strong></span> 
     </span>
     <span class='ocr_line' id='line_1_52' title="bbox 68 3884 1092 3955; baseline -0.012 -13"><span class='ocrx_word' id='word_1_478' title='bbox 68 3909 127 3947; x_wconf 85' lang='lat' dir='ltr'><strong>non</strong></span> <span class='ocrx_word' id='word_1_479' title='bbox 142 3899 201 3944; x_wconf 87' lang='lat' dir='ltr'><strong>tam</strong></span> <span class='ocrx_word' id='word_1_480' title='bbox 219 3892 366 3942; x_wconf 90' lang='lat' dir='ltr'><strong>dicendum</strong></span> <span class='ocrx_word' id='word_1_481' title='bbox 389 3890 477 3941; x_wconf 86' lang='lat' dir='ltr'><strong>abisse</strong></span> <span class='ocrx_word' id='word_1_482' title='bbox 494 3906 576 3955; x_wconf 86' lang='lat' dir='ltr'><strong>quam</strong></span> <span class='ocrx_word' id='word_1_483' title='bbox 600 3886 762 3955; x_wconf 78' lang='lat' dir='ltr'><strong>reliquisse]</strong></span> <span class='ocrx_word' id='word_1_484' title='bbox 780 3912 813 3924; x_wconf 84' lang='lat'><strong>-·</strong></span> <span class='ocrx_word' id='word_1_485' title='bbox 846 3893 889 3944; x_wconf 68' lang='lat'><strong>69.</strong></span> <span class='ocrx_word' id='word_1_486' title='bbox 910 3884 1004 3934; x_wconf 86' lang='lat' dir='ltr'><strong>Vitnm</strong></span> <span class='ocrx_word' id='word_1_487' title='bbox 1020 3899 1092 3932; x_wconf 88' lang='lat' dir='ltr'><strong>com-</strong></span> 
     </span>
     <span class='ocr_line' id='line_1_53' title="bbox 71 3950 1179 4031; baseline -0.008 -20"><span class='ocrx_word' id='word_1_488' title='bbox 71 3964 178 4011; x_wconf 88' lang='lat' dir='ltr'><strong>mittere</strong></span> <span class='ocrx_word' id='word_1_489' title='bbox 196 3962 301 4021; x_wconf 72' lang='lat' dir='ltr'><strong>nenus,</strong></span> <span class='ocrx_word' id='word_1_490' title='bbox 326 3961 394 4026; x_wconf 91' lang='lat' dir='ltr'><strong>[non</strong></span> <span class='ocrx_word' id='word_1_491' title='bbox 417 3958 464 4028; x_wconf 87' lang='lat' dir='ltr'><strong>qui</strong></span> <span class='ocrx_word' id='word_1_492' title='bbox 482 3959 634 4028; x_wconf 80' lang='lat' dir='ltr'><strong>enavigavit</strong></span> <span class='ocrx_word' id='word_1_493' title='bbox 654 3959 707 4009; x_wconf 87' lang='lat' dir='ltr'><strong>hoe</strong></span> <span class='ocrx_word' id='word_1_494' title='bbox 724 3957 804 4020; x_wconf 81' lang='lat' dir='ltr'><strong>dixit,</strong></span> <span class='ocrx_word' id='word_1_495' title='bbox 826 3955 874 4006; x_wconf 89' lang='lat' dir='ltr'><strong>sed</strong></span> <span class='ocrx_word' id='word_1_496' title='bbox 897 3950 1014 4016; x_wconf 84' lang='lat' dir='ltr'><strong>ventis],</strong></span> <span class='ocrx_word' id='word_1_497' title='bbox 1036 3951 1095 4031; x_wconf 60' lang='lat' dir='ltr'><strong>ine·</strong></span> <span class='ocrx_word' id='word_1_498' title='bbox 1172 3998 1179 4029; x_wconf 78' lang='lat'><strong>,</strong></span> 
     </span>
     <span class='ocr_line' id='line_1_54' title="bbox 69 4019 1099 4093; baseline -0.014 -10"><span class='ocrx_word' id='word_1_499' title='bbox 69 4030 184 4084; x_wconf 80' lang='lat' dir='ltr'><strong>incertis</strong></span> <span class='ocrx_word' id='word_1_500' title='bbox 208 4037 236 4082; x_wconf 85' lang='lat' dir='ltr'><strong>et</strong></span> <span class='ocrx_word' id='word_1_501' title='bbox 258 4027 386 4080; x_wconf 83' lang='lat' dir='ltr'><strong>inanibus</strong></span> <span class='ocrx_word' id='word_1_502' title='bbox 408 4027 500 4080; x_wconf 85' lang='lat' dir='ltr'><strong>rebus.</strong></span> <span class='ocrx_word' id='word_1_503' title='bbox 517 4054 550 4067; x_wconf 88' lang='lat'><em>-</em></span> <span class='ocrx_word' id='word_1_504' title='bbox 584 4033 628 4085; x_wconf 86' lang='lat'><strong>70.</strong></span> <span class='ocrx_word' id='word_1_505' title='bbox 643 4025 721 4078; x_wconf 85' lang='lat' dir='ltr'><strong>Num</strong></span> <span class='ocrx_word' id='word_1_506' title='bbox 744 4042 829 4093; x_wconf 84' lang='lat' dir='ltr'><strong>puero</strong></span> <span class='ocrx_word' id='word_1_507' title='bbox 854 4039 992 4087; x_wconf 78' lang='lat' dir='ltr'><strong>summam</strong></span> <span class='ocrx_word' id='word_1_508' title='bbox 1017 4019 1099 4077; x_wconf 66' lang='lat' dir='ltr'><strong>lrellss</strong></span> 
     </span>
    </p>
   </div>
   <div class='ocr_carea' id='block_1_3' title="bbox 0 0 1244 4500">
    <p class='ocr_par' dir='ltr' id='par_1_4' title="bbox 0 0 1244 4500">
     <span class='ocr_line' id='line_1_55' title="bbox 0 0 1244 4500; baseline 0 0"><span class='ocrx_word' id='word_1_509' title='bbox 0 0 1244 4500; x_wconf 95' lang='lat' dir='ltr'><strong> </strong></span> 
     </span>
    </p>
   </div>
  </div>
 </body>
</html>
