2454 4500
21 247 46 313 ‘5
112 287 207 365 ‚aso
332 271 336 276 ·
398 276 540 341 suasu
562 237 937 346 couuuurnmus-
967 226 1005 270 ³

99 448 101 453 .
142 464 297 531 restitutus,
308 459 406 583 t{sidat
421 460 526 531 [supra]
544 462 589 530 (G.
606 470 640 529 3,
656 461 709 527 7;):
736 457 1035 528 Hammone-Pelops
1054 455 1178 525 insignis

7 542 10 551 '
118 536 260 594 '‘,eburnn
295 532 307 583 Ι
328 548 360 585 eo
385 539 479 583 autem
495 531 553 582 sola
570 532 656 584 Ceres
679 530 780 583 dicitur
802 530 943 594 ‘comesse,
967 526 1037 596 quia
1060 527 1121 595 ipsa
1144 530 1181 577 ea

131 610 235 666 terra,
250 617 322 669 quae
339 615 438 670 corpus
454 600 572 651 resolvit
605 600 657 652 Per
675 598 961 651 Mercuriumuutem
980 595 1017 646 ob
1036 594 1092 646 hoc
1107 593 1181 661 fingi·

146 678 193 722 tur
211 685 268 722 esse
284 676 439 720 revocatus:
454 668 532 736 -quod
547 669 607 734 ipse
624 675 666 719 est
682 668 747 720 deus
764 666 939 734 prudentiae,
957 681 1009 734 per
1028 679 1115 741 qttam
1127 661 1184 715 Pu-

146 737 255 808 losoplti
271 734 514 807 deprehenderunt
528 734 746 806 παλιγγενεσίαν,
763 735 807 787 vel
821 728 1052 804 pstsppiauow.
1084 732 1184 783 Tanta·

140 806 190 863 ¹lus
213 813 307 858 autem
329 807 382 858 hac
405 804 468 872 lege
493 806 566 874 apud
588 807 692 859 inferus
715 803 815 861 diciusr
841 808 901 875 esse,
922 803 1089 866 damnatus,
1114 798 1184 850 utin

148 874 272 928 Eridano
290 874 393 941 (Gueli.
404 873 438 924 II.
455 871 522 924 Eur.
535 875 565 925 V.
584 873 757 933 Herediana)
773 872 930 924 inferorum
947 878 1024 923 stans
1041 885 1095 920 nec
1111 866 1184 918 undis

25 988 29 997 .
74 948 77 952 ’
148 942 357 1013 praesentibus,
381 939 545 995 nec'vicinis
563 941 620 993 eius
637 941 771 1011 pomariis
787 942 956 1009 perfruatur.
992 937 1185 1006 [Quemadmo-

53 1018 55 1025 ’
106 1013 219 1064 &dum
237 1018 266 1071 et
281 1011 418 1061 Homerus
441 1007 472 1059 in
489 1009 542 1062 Od.
560 1006 689 1076 (λ,561ζ)
714 1009 824 1061 scribit:
848 1015 907 1063 Καὶ
930 1001 987 1077 μήν
1007 1000 1148 1059 Τάνταλον
1161 1021 1184 1056 e.

46 1106 54 1121 ι
150 1098 177 1136 e.
195 1076 232 1147 ᾖ]
265 1078 319 1130 Per
341 1079 413 1130 haec
437 1085 531 1129 autem
555 1079 671 1130 avaritia
694 1077 878 1144 significatur:
901 1084 932 1128 ut
956 1075 1045 1128 etiam
1062 1072 1185 1126 Horatius

149 1148 251 1270 ¹pidem.
268 1151 300 1211 1,
317 1151 349 1213 1,
365 1146 441 1207 68.):
468 1146 620 1214 [Tantalus
644 1149 662 1199 ὰ
685 1147 776 1197 labris
799 1148 901 1197 sitiens
913 1143 1074 1262 ,iugum
1099 1150 1184 1211 captat

119 1253 122 1264 .
176 1211 307 1279 luminu]
342 1213 419 1282 Quid
439 1215 534 1266 rides?
564 1228 667 1268 mutata
687 1218 800 1281 nomine
818 1216 851 1266 de
868 1227 894 1265 te
937 1215 1026 1264 nbula
1046 1223 1182 1263 narratur.

154 1284 340 1350 Genialibu53
365 1282 449 1335 veluti
465 1284 626 1351 genialibus.
662 1284 736 1334 Nam
773 1283 876 1336 eniales
900 1276 1016 1352 proprie
1035 1279 1182 1340 moslensi,
1220 1332 1223 1337 ,

151 1353 201 1424 qui
216 1359 377 1404 sternuntur
400 1351 499 1421 puellis
522 1352 703 1421 nubentibus:
727 1300 829 1407 diliis
845 1349 1014 1420 generandis
1038 1346 1139 1401 liberis.
1153 1369 1183 1383 ··
1219 1342 1223 1353 “

114 1456 118 1465 ,
152 1418 214 1481 604.
233 1419 325 1470 Aurea
347 1419 459 1487 falaren
485 1421 584 1486 quibus
607 1421 754 1486 fulcimur,
776 1420 794 1471 i.
820 1439 844 1473 e.
867 1417 1045 1470 sustinemur.
1063 1442 1097 1454 -
1128 1420 1180 1472 605·

154 1487 283 1558 Regrffico
302 1489 389 1552 lusu,
412 1487 501 1556 regali
518 1489 632 1541 ambitu
669 1488 824 1540 Furiarum
842 1489 987 1550 maxima,
1004 1486 1024 1538 i.
1044 1485 1079 1552 [e.
1097 1481 1182 1535 saeue

153 1558 239 1624 eima,
255 1555 319 1622 hoc]
338 1562 378 1608 est
392 1557 495 1609 fames:
511 1567 543 1608 ut
560 1563 602 1624 (3,
618 1557 706 1618 252.);
728 1557 813 1608 Vobis
824 1556 977 1626 furiarum
996 1572 1048 1622 ega
1068 1554 1178 1603 marimo

154 1627 258 1697 panda.
298 1624 377 1676 Unde
401 1623 450 1692 [et]
474 1626 580 1681 famem
603 1626 793 1696 praemmtiat,
823 1633 854 1676 ut
876 1625 948 1676 liano
973 1635 1033 1676 esse
1055 1621 1181 1674 mnarum

152 1694 305 1749 martimum
327 1693 434 1745 doceat.
457 1719 491 1730 -
518 1700 593 1756 606.
618 1694 653 1744 Et
678 1695 828 1757 manitas,·
854 1692 969 1745 illorum
991 1691 1112 1756 scilicet,
1132 1701 1180 1739 non

153 1765 216 1818 suis.
232 1790 268 1801 -
301 1766 363 1822 607.
381 1760 487 1817 Facem,
499 1763 644 1827 attollens,
669 1763 794 1814 iniiciens
810 1763 907 1830 ignem
923 1760 1058 1812 avaritiae
1064 1796 1072 1825 ,
1095 1764 1126 1808 ut
1140 1755 1182 1807 ab·

155 1833 284 1885 stineaut·
300 1857 335 1868 -
369 1834 431 1888 608.
455 1829 567 1897 Quibus
593 1833 683 1882 invisi
699 1830 826 1899 fratres,-
854 1830 923 1882 haec
947 1829 1064 1896 quidem
1086 1830 1182 1877 constat

155 1901 229 1954 dicti
247 1915 306 1951 esse
324 1899 499 1968 generaliter.
533 1900 649 1951 Possunt
665 1907 763 1951 tamen
780 1898 868 1950 etiam
892 1904 920 1950 et
946 1897 982 1948 ad
998 1895 1122 1966 speciem
1135 1901 1182 1947 ua·

155 1969 200 2022 hi:
216 1975 255 2018 .ut
270 1969 425 2037 Aegyptum
449 1967 492 2036 (al.
508 1967 625 2036 Aegyst.)
652 1977 680 2020 et
696 1960 841 2032 Danaum,
864 1969 982 2019 Atreum
999 1973 1031 2017 et
1048 1963 1184 2036 Thyesten,

155 2036 290 2089 Eteoclen
307 2043 336 2087 et
351 2036 510 2104 Polynioem
527 2037 683 2103 significare
707 2037 839 2088 videatur.
872 2035 949 2086 Be'ne
966 2041 1063 2085 autem
1078 2029 1182 2084 fficendo
1226 2041 1227 2056 ¹

154 2106 264 2172 invisi,
287 2120 337 2172 per
361 2103 390 2155 id
414 2105 487 2171 quod
509 2103 567 2157 leve
591 2112 645 2170 est,
667 2106 754 2158 etiam
777 2105 884 2155 maiora
908 2102 1070 2168 complexus
1091 2107 1140 2163 est.
1155 2123 1184 2134 -

93 2172 94 2177 ’
156 2177 218 2233 609.
244 2171 409 2223 Pulsatusve
432 2190 550 2239 parens3
579 2173 650 2225 item
674 2175 748 2242 quod
770 2173 853 2224 levius
878 2181 918 2223 est
941 2172 1021 2233 dixit,
1053 2165 1184 2240 parricidii
1226 2168 1227 2180 ¹

158 2240 373 2309 comparatione.
407 2241 553 2291 Possumus
571 2251 665 2293 autem
682 2243 822 2308 Oedipum
839 2241 966 2306 accipere
983 2239 1047 2290 Laii
1066 2237 1186 2300 extincto-¹

157 2325 227 2361 rem.
269 2308 326 2358 Aut
342 2308 432 2376 fraus
458 2312 563 2360 innexa
588 2312 701 2375 clienti,¹
726 2328 759 2362 ex
780 2311 843 2378 lege
866 2308 1012 2360 duodecim
1036 2305 1183 2357 tabularum

157 2376 246 2441 venit,
262 2377 292 2428 in
309 2376 407 2443 quibus
425 2379 629 2447 scriptumest,
648 2378 797 2445 Patronus,
813 2380 841 2429 si
858 2378 955 2428 clienti
967 2375 1105 2443 fraudem
1117 2373 1183 2441 fece-

159 2447 213 2508 rit,
238 2461 317 2495 sacer
341 2457 406 2496 esto.
443 2444 471 2496 Si
494 2448 570 2499 enim
596 2449 710 2498 clientes
736 2447 813 2516 qtsasi
831 2447 950 2496 colentes
974 2452 1054 2509 sunt,
1078 2441 1183 2492 Patroni

159 2512 238 2633 ἓιαεὶ
261 2525 371 2580 patres:
400 2515 564 2566 tantundem
588 2523 629 2566 est
651 2517 796 2580 clientem,
820 2523 955 2583 quantum
978 2513 1069 2563 filium
1091 2511 1183 2562 fallere.

184 2581 266 2632 thoe
284 2598 363 2649 posse
385 2582 448 2635 lieri
470 2600 503 2634 ex
526 2584 633 2634 Horatii
659 2584 883 2650 (Carm.1,18.)
906 2583 985 2633 dictis
1006 2581 1185 2646 intelligimus,

160 2649 209 2718 qui
232 2665 297 2700 curn
320 2650 480 2718 loqueretur
506 2652 541 2703 de
565 2653 653 2703 avaris
677 2653 833 2723 potentibus
858 2653 897 2704 ait
919 2652 953 2703 de
970 2649 1061 2700 vicino
1084 2650 1184 2700 cliente:

161 2717 296 2786 [Revellis
321 2723 387 2786 agri
409 2722 560 2786 terminos,
586 2733 611 2771 et
635 2723 709 2772 ultra
727 2721 845 2772 Limites
872 2721 1017 2771 clientium
1036 2718 1112 2767 Solis
1129 2731 1184 2765 aus·

101 2794 107 2804 ‘
161 2785 244 2852 rus,]
260 2787 375 2855 pellitur
392 2802 524 2855 paternos
543 2793 575 2841 in
593 2792 661 2840 sinu
673 2790 773 2858 ferens
791 2793 864 2842 deas.
899 2789 1012 2839 Urbano
1031 2795 1126 2838 tamen
1140 2785 1184 2834 hot

160 2855 299 2924 displicet:
324 2863 352 2908 et
369 2857 449 2922 dicit,
472 2872 569 2909 rarum
592 2876 650 2911 esse
675 2860 728 2910 hoc
752 2860 895 2927 magisque
919 2855 1110 2919 contrarium,
1131 2866 1185 2903 cum

160 2924 249 2990 magis
266 2932 396 2994 patronos
413 2927 552 2995 decipiant
568 2928 728 2995 frequenter
740 2929 860 2981 clientes.
896 2926 960 2977 Vult
972 2932 1070 2976 autem
1082 2919 1186 2987 intelligi

159 2994 409 3062 praevaricatores,
426 2995 601 3112 quiffiatmni
617 3003 680 3046 sunt
696 2996 855 3062 clientium,
878 3011 945 3062 quos
963 3009 1038 3044 nunc
1056 3001 1186 3056 susceptos

161 3072 299 3113 vocamus.
317 3088 351 3101 —
386 3068 446 3121 611.
496 3079 524 3112 ec
542 3075 649 3131 partem
672 3083 788 3129 posuere
813 3066 891 3127 suis,·
915 3063 987 3114 bene
1003 3062 1111 3113 addidit
1127 3061 1188 3120 suis,

162 3130 180 3181 i.
196 3147 219 3181 e.
236 3131 368 3198 cogitatis,
385 3131 520 3183 affinibus.
555 3133 630 3185 Haec
648 3134 724 3184 euim
740 3135 832 3186 fuerat
849 3133 920 3202 apud
938 3129 1059 3182 maiores
1077 3126 1187 3180 donandi

162 3197 250 3250 ratio:
273 3214 330 3250 non
346 3200 460 3270 profusa
483 3201 592 3279 passim.
627 3201 700 3252 Nam
716 3203 769 3253 hoc
792 3209 833 3254 est
849 3201 916 3252 velle
932 3199 1054 3250 inaniter
1071 3198 1187 3270 perdere.

163 3265 242 3318 Unde
259 3266 359 3319 Cicero
375 3268 415 3319 ait
430 3269 460 3319 in
475 3269 554 3321 hbris
569 3270 664 3336 legum
688 3271 814 3336 (2,16.);
838 3270 939 3334 Stipem
958 3267 1109 3333 prohibeo,
1133 3281 1189 3316 narn

163 3347 247 3402 auget
265 3338 492 3401 superstitionem
510 3349 536 3387 et
553 3338 685 3390 exhaurit
702 3340 806 3391 domos.
842 3337 951 3405 Dignis
967 3339 1061 3402 igitur
1075 3337 1190 3402 largien-

163 3404 231 3453 dum
248 3417 296 3456 est.
330 3405 408 3456 Unde
425 3406 553 3457 Horatius
571 3406 668 3472 (Serm.
686 3417 718 3473 2,
735 3417 768 3474 2,
786 3407 872 3470 103.):
900 3406 958 3457 Cur
975 3417 1035 3471 eget
1060 3406 1190 3474 indignus

164 3473 315 3539 quisquam
332 3485 357 3523 te
376 3470 482 3524 divite?
500 3474 519 3526 i.
537 3492 560 3527 e.
577 3475 704 3543 indignus
721 3484 890 3545 paupertate.
904 3502 939 3512 ·-
973 3478 1036 3531 612.
1056 3475 1099 3526 Ob
1118 3472 1192 3522 odul-

165 3541 269 3589 terium
287 3541 384 3592 coesi?
408 3543 432 3592 si
450 3544 551 3607 occisi,
576 3546 737 3611 Aegisthum
755 3547 795 3611 (L.
812 3545 846 3595 R.
863 3543 1037 3610 Megestum,
1060 3544 1122 3594 Vos.
1147 3539 1193 3590 Ge-

166 3619 255 3689 stum,
272 3608 363 3661 Guell.
380 3611 400 3661 l.
418 3614 463 3678 egi
481 3612 585 3675 astum)
608 3615 744 3682 signifieat
760 3615 896 3680 Thyestae
913 3613 1016 3663 lilium:
1041 3611 1065 3663 si
1086 3628 1119 3662 re
1136 3627 1194 3661 vers

165 3692 256 3741 ‘amr
279 3676 449 3744 Sallustium,
479 3696 565 3747 quem
587 3681 656 3734 Milo
672 3678 885 3752 ‘deprehensum
912 3681 962 3732 sub
987 3681 1080 3732 servili
1103 3679 1194 3731 habitu

164 3744 320 3797 verberavit
335 3746 365 3797 in
382 3748 516 3801 adulterio
533 3766 598 3802 suae
617 3753 707 3802 uxoris
720 3750 858 3822 [Faustae]
869 3750 941 3802 iiliae
953 3748 1053 3803 Sullae.
1088 3748 1194 3815 Quique

166 3831 246 3864 arma
264 3822 329 3877 etc.;
346 3814 476 3867 hocloco
493 3818 600 3871 videtur
616 3819 736 3871 blandiri
753 3823 887 3888 Augusto:
904 3819 970 3887 quia
987 3828 1086 3870 contra
1104 3819 1195 3871 Caesa·

125 3902 137 3929 ι’.
163 3898 227 3935 rem
243 3889 353 3953 patrem
369 3883 427 3936 eius
444 3887 525 3938 multi
541 3887 639 3956 quibus
655 3888 775 3955 ignovit,
797 3905 878 3941 arma
893 3896 1080 3953 susceperant.
1116 3887 1194 3937 Nam·

143 3966 219 4020 ,que
236 3952 295 4003 eius
311 3951 415 4003 dictum
431 3961 490 4006 est.-
507 3954 586 4007 Dare
609 3959 720 4022 quidem
745 3976 774 4008 se
798 3960 911 4008 veniam
930 3954 1127 4022 Pompeianisr
1151 3952 1192 4004 sad

165 4021 201 4072 eb
227 4021 298 4086 ipsis
321 4021 489 4093 quandoque
513 4041 572 4078 esre
596 4028 761 4092 periturum.
809 4026 846 4077 Ut
869 4043 949 4078 arma
976 4028 1083 4092 impia,
1111 4023 1194 4083 civilia
