2454 4500
98 285 165 349 522
352 284 496 353 snuvn
518 290 880 360 COMMENTARIUS
927 298 934 305 “

64 526 68 537 ,
99 473 238 532 ‘geniem-
272 471 426 540 [Relictce3
445 484 495 531 aut
511 496 528 532 a
544 495 605 546 me,
627 487 675 532 aut
691 479 727 532 ab
744 480 921 534 bonrinibus.
938 509 977 522 -
1012 489 1072 542 291.
1088 486 1124 534 lu.

97 534 225 599 'imil'wt
248 549 279 589 ut
301 544 453 614 sapientior
469 546 505 598 ab
530 549 723 615 appellatione
738 566 796 600 non
820 568 838 602 a
885 551 1021 623 articipio
1046 554 1127 619 futpn,
1151 604 1159 625 ι

96 617 162 681 cum
178 604 326 663 Terentius
342 612 374 665 in
385 615 699 670 Heautontimorumeno
717 623 757 684 (4,
776 624 808 685 1,
824 570 904 682 325:
920 619 1007 670 Natu
1025 624 1127 688 grioicr,

97 679 311 745 tgnoscentior.]
328 708 362 719 —
396 688 459 740 292.
477 683 512 733 In
530 701 614 735 casus
632 703 741 748 omnes;
764 693 796 736 ut
818 703 926 756 supra:
951 689 1082 741 Fortuna
1101 709 1128 741 n·

97 742 207 804 cundo,
225 745 280 796 Aut
297 752 417 800 udoersc
436 754 526 803 cadet.
544 779 577 790 ·-
613 760 673 812 293.
691 753 812 805 Pulcher
828 755 935 818 Iulus;
960 759 1129 826 incongrutm

95 809 241 886 epitheton
258 817 469 885 pulchritudinis
486 821 591 892 posuit,
613 839 677 872 cum
697 839 743 895 res
760 821 844 873 sitin
863 826 923 876 hoc
947 826 1016 877 loco
1040 828 1129 895 religio

95 893 146 929 1¹1⁸·
162 904 199 916 -·
234 891 297 941 294.
320 886 445 939 Strinxit
466 893 581 956 pietatis
606 893 713 957 imago;
736 890 908 960 perstrinxit
931 894 1034 957 (codd.
1057 895 1131 946 Brun

95 949 239 1024 Pf‘lssslrd,
255 956 421 1021 momordit,
438 957 591 1019 admonuit
625 958 720 1011 Sensus
737 965 836 1009 autem
856 969 918 1027 est,
935 970 989 1012 aut
1005 970 1132 1032 postqmn
1160 1016 1163 1021 ,

95 1013 178 1080 ”dlis
195 1017 282 1071 istum
298 1024 338 1077 sic
355 1042 453 1078 amare
469 1035 604 1091 matrem,
621 1035 750 1097 paternae
766 1027 885 1092 pietatis
904 1030 1045 1082 virtutem
1062 1032 1132 1102 coepit

95 1097 256 1161 agnoscere.
289 1093 344 1144 Aut
359 1102 437 1146 certe
453 1096 544 1167 coepit
567 1096 652 1148 etiam
667 1095 725 1165 ipse
743 1093 783 1145 sic
800 1094 857 1163 [in]
874 1098 1047 1167 pietate[m]
1063 1116 1133 1153 more

94 1167 136 1214 Π,
152 1160 184 1233 ut
200 1154 262 1208 eius
278 1171 458 1216 consueverat
510 1174 561 1219 ter.
594 1166 647 1216 Aut
663 1170 739 1216 certo
757 1158 891 1235 eiremplo
911 1167 1034 1235 Euryali
1052 1169 1133 1220 avidiu

95 1230 189 1289 coepit
205 1241 302 1281 amare
339 1240 432 1284 atrem
448 1241 535 1285 etiam
549 1241 614 1286 ante
631 1232 766 1284 dilectum.
786 1258 821 1268 -
867 1239 939 1292 298.
958 1235 1023 1286 Nee
1041 1250 1133 1305 pamm

96 1292 193 1369 gratio
211 1297 297 1347 tatem
315 1247 406 1352 ieron
426 1315 533 1365 manet,
557 1300 639 1353 debet
661 1300 696 1351 ab
720 1300 854 1351 omnibus
881 1303 940 1353 coli
954 1305 1046 1371 'quae
1067 1307 1133 1358 telem

96 1369 216 1424 creant,
240 1366 309 1431 [tion
333 1386 401 1439 ergo
419 1379 481 1424 ate
504 1379 628 1435 tantum,
653 1369 700 1420 sed
722 1385 772 1438 per
796 1377 825 1422 te
852 1373 1134 1439 commendatur]-

96 1430 158 1484 299.
184 1429 278 1484 Cusus
300 1445 367 1500 etc.;
397 1439 465 1490 satis'
487 1454 616 1507 congrue.
662 1436 790 1489 Praemia
813 1439 898 1490 enim
927 1457 990 1493 non
1017 1443 1135 1494 debentur

95 1499 220 1563 eventui,
237 1504 285 1556 sed
301 1507 449 1560 voluntati:
466 1509 530 1577 [hoc
549 1514 589 1559 est
606 1496 668 1573 quic
689 1506 735 1557 uid
752 1508 886 1560 evenerit
904 1511 1043 1575 praemia
1059 1508 1134 1574 dabo]

96 1562 148 1615 Per
166 1571 242 1634 quod
260 1586 338 1639 puter
356 1589 420 1628 ente
438 1577 559 1638 colebari
583 1574 630 1625 alii
647 1523 738 1624 viiunt
760 1573 825 1626 ideo
844 1588 933 1643 ante,
961 1579 1033 1646 quia
1056 1580 1135 1633 absens

97 1640 138 1684 est
155 1639 269 1695 Aeneas.
304 1642 358 1696 Sed
381 1645 424 1712 (al.
441 1645 519 1706 nam)
541 1645 635 1695 iurare
658 1657 802 1710 possumus
826 1644 925 1697 etiam
951 1664 1009 1716 per
1033 1649 1135 1701 absenti

94 1702 148 1754 tilii
165 1716 257 1778 caput.
289 1712 344 1763 Alii
359 1714 394 1766 ad
412 1728 524 1765 causam
540 1712 679 1778 religionis
694 1711 824 1776 trahunt,
842 1728 923 1780 quae
941 1718 1102 1787 praecepit,
1114 1722 1142 1775 ut,

96 1771 146 1823 filii
169 1773 316 1831 imitentur
339 1780 370 1833 in
395 1782 522 1833 omnibus
544 1780 626 1833 rebus
650 1794 711 1831 suos
734 1787 884 1847 parentes:
910 1792 944 1833 ut
970 1801 1051 1837 nunc
1074 1786 1135 1854 quasi

96 1842 218 1895 imitatio
236 1849 272 1898 sit
288 1849 474 1916 iurisiurandi,
491 1858 522 1900 ut
538 1850 611 1901 dicat
624 1848 767 1899 Ascanius:
784 1849 852 1899 Iuro
871 1868 926 1920 per
946 1860 1039 1923 caput
1053 1869 1134 1906 meum

97 1911 169 1962 sicut
185 1931 315 1981 praesens
333 1926 412 1985 pater
428 1934 575 1989 persuum
592 1925 674 1986 caput
688 1916 781 1967 iurare
799 1929 1006 1987 consueverat,
1025 1922 1134 1990 quotiens

96 1980 184 2032 fidem
206 2000 285 2036 suam
308 1987 475 2038 confirmare
498 1986 634 2054 cupiebat.
668 1983 720 2036 Alii
736 1984 830 2035 volunt
856 1986 925 2038 ideo
948 1988 1061 2040 dictum
1078 2002 1136 2053 nnn,

97 2050 164 2116 quia
188 2054 363 2120 pontificibus
385 2074 435 2125 per
459 2054 561 2107 liberos
582 2054 676 2105 iurare
698 2067 756 2103 non
777 2050 902 2121 licebat,
927 2057 984 2109 sed
1010 2075 1063 2128 per
1084 2058 1135 2109 deos

98 2122 309 2189 tantummodo,
339 2132 371 2173 ut
393 2126 429 2174 sit
453 2121 568 2191 [antc],
599 2129 746 2188 antequam
794 2122 905 2174 ontifex
938 2134 1016 2178 esset
1040 2128 1135 2177 Aeneas.

76 2188 185 2254 '[Ergo
211 2203 289 2254 anre,
314 2201 362 2242 aut
385 2194 515 2260 temporis
541 2199 581 2242 est
604 2197 651 2241 aut
668 2139 793 2252 ordinisi
808 2217 844 2226 -
883 2199 950 2248 300.
969 2195 1083 2244 Reduci
1104 2212 1134 2243 re-

99 2257 204 2320 busque
223 2261 372 2321 secundis;
395 2261 467 2309 mira
490 2269 551 2310 arte
575 2265 698 2308 moratur
721 2255 751 2307 in
767 2260 928 2326 prosperis,
958 2272 989 2314 et
1009 2282 1044 2314 ea
1060 2264 1135 2324 iterat,

97 2331 171 2374 tacet
188 2324 308 2392 adversa,
326 2336 354 2378 et
369 2332 458 2394 magis
475 2327 625 2378 intellectui
643 2333 670 2375 et
686 2325 876 2376 subauditioni
890 2330 1041 2399 relinquit.
1076 2332 1134 2380 Cum

97 2391 173 2442 enim
191 2409 247 2444 non
265 2394 349 2446 dicat:
366 2400 393 2445 si
413 2413 469 2446 non
489 2397 620 2458 redieris,
643 2394 694 2443 ait:
717 2392 863 2459 Matrique
883 2407 970 2457 tune,
998 2402 1133 2465 generique

99 2463 259 2511 manebunt:
308 2465 366 2513 Hoc
398 2472 491 2515 autem
520 2462 671 2514 secundum
701 2477 810 2510 morem
833 2461 1045 2516 Romanorum
1074 2467 1134 2528 dicit,

98 2530 171 2599 apud
184 2547 256 2598 ¹quos
280 2531 320 2582 ita
337 2533 462 2598 praemia
479 2531 710 2583 decernebantur:
728 2529 793 2591 Illi,
820 2529 986 2599 liberisque
1012 2538 1088 2584 eius:
1110 2542 1133 2583 ut

98 2599 230 2649 darentur
246 2599 358 2664 liberis,
376 2618 445 2668 quae
464 2602 589 2668 accipere
607 2615 662 2649 non
700 2597 829 2646 otuissent
847 2611 996 2666 parentes.
1014 2629 1050 2640 ——
1082 2611 1133 2659 304.

97 2666 215 2734 Lycaon
235 2666 361 2719 Gnosius
368 2691 377 2734 ‚-
396 2668 541 2720 Cretensis.
573 2668 610 2716 Et
627 2675 666 2718 est
679 2617 739 2716 inus
758 2664 791 2713 ab
810 2668 937 2733 artifice,
956 2671 1035 2721 hunc
1052 2679 1132 2721 autem

98 2736 222 2803 gladium
240 2738 358 2804 Euryalo
376 2738 472 2788 datum
487 2735 672 2801 intelligimus.
706 2733 778 2782 Nam
796 2733 878 2784 Nisus
897 2741 1014 2805 accepit
1038 2740 1131 2806 galeam

98 2811 125 2856 et
142 2805 250 2870 pellem.
266 2832 300 2842 -
335 2812 395 2863 306.
414 2805 512 2854 Pellem
530 2803 721 2865 horrentisque
741 2802 831 2850 leonis
852 2803 1010 2869 Exuvias3
1028 2804 1059 2859 eo*
1077 2801 1130 2857 oiri

98 2873 175 2924 dixit:
200 2874 252 2925 hoc
270 2881 310 2924 est
327 2875 369 2923 bis
393 2873 483 2924 idem:
507 2880 538 2920 ut
563 2870 705 2935 (3,247.);
730 2868 839 2918 Bellum
867 2875 959 2922 eriam
986 2893 1037 2941 pro
1064 2875 1130 2924 coede

99 2943 198 3004 bourn,
222 2944 372 3007 stratisque
399 2942 541 3003 iuvencis,
565 2938 836 3002 Laomedontiadas,
862 2940 1014 2993 bellumne
1040 2943 1129 3010 inferre

97 3009 228 3077 paratis?
243 3037 276 3046 -
311 3016 371 3065 307.
393 3008 508 3059 Galeam
526 3008 609 3074 fidus
629 3017 766 3073 permutat
782 3006 910 3072 Alcetas,-
931 3011 1010 3063 aliae
1029 3009 1129 3079 (galeae)

99 3078 174 3130 enim
190 3087 253 3128 sunt
270 3077 460 3144 explorantum
478 3092 563 3137 arina,
581 3075 651 3124 sicut
668 3074 753 3124 etiam
770 3075 910 3125 Homerus
930 3083 1062 3143 ostendit,
1079 3078 1125 3145 [qui

98 3147 281 3218 exploratores
294 3146 332 3195 sic
345 3154 443 3208 armat,
461 3158 491 3194 ut
503 3145 593 3212 primo
608 3142 641 3194 de
654 3142 788 3192 Diomede
802 3143 842 3207 (ll.
859 3162 883 3206 e,
898 3149 992 3209 261.):
1011 3143 1018 3163 ²
1018 3154 1092 3215 Appi
1104 3142 1125 3194 ll

99 3236 123 3270 κ.
142 3235 167 3271 τ.
186 3213 209 3270 l.
246 3214 298 3266 Sed
314 3214 348 3264 de
365 3212 411 3263 illa
428 3211 568 3263 Diomedis
586 3211 662 3276 galea
678 3210 788 3278 proprie
811 3210 1049 3280 intelligendum,
1071 3230 1125 3282 quse

99 3288 156 3336 sine
181 3300 251 3334 cono
277 3291 331 3346 est,
360 3289 391 3330 ut
414 3282 545 3331 occultior
575 3281 610 3330 sit
638 3280 805 3345 explorut0r3
835 3279 901 3330 telis
927 3284 1009 3335 enirn
1032 3291 1125 3334 vocatur

99 3351 242 3415 καταῖτυξ,
262 3352 326 3421 quia
343 3349 378 3399 sit
393 3349 505 3400 humilis
522 3348 644 3412 fabrica,
661 3347 678 3397 i.
698 3365 721 3396 e.
740 3342 812 3397 κάτω
831 3345 946 3413 reversi.
986 3353 1062 3403 Aliae
1078 3356 1125 3401 sunt

99 3423 276 3487 bellantium,
307 3427 337 3469 ut
360 3418 436 3468 idem
452 3416 494 3485 ,de
518 3417 629 3467 Paride:
658 3410 772 3484 Kpcrid'
798 3410 842 3466 ἐπ’
867 3413 981 3486 ἰφθίμῳ
1008 3441 1031 3474 κ.
1057 3440 1079 3472 e.
1099 3415 1125 3480 l]

100 3491 240 3540 Permutat
264 3497 357 3539 autem
375 3487 556 3554 compositum
572 3500 622 3553 pro
650 3481 786 3552 simplici]
803 3511 837 3520 —-
874 3491 939 3542 309.
962 3488 1123 3547 Primatum,

99 3558 232 3624 genitivus
250 3557 295 3606 hic
313 3563 353 3606 est
370 3554 404 3605 ab
423 3569 456 3604 co
474 3554 547 3621 quod
564 3561 604 3603 est
621 3551 679 3618 [hic
697 3554 818 3617 primns,
836 3550 870 3602 hi
888 3557 990 3621 primi,
1010 3567 1037 3607 et
1054 3556 1123 3607 abeo

100 3625 173 3691 quod
191 3622 240 3687 est]
258 3624 289 3673 hi
306 3627 458 3690 primores,
481 3623 549 3672 sicut
566 3620 597 3669 ln·
613 3637 753 3687 proceres:
779 3636 902 3686 quorum
920 3625 1074 3676 nominum
1088 3638 1123 3673 no

100 3691 244 3743 tninativus
261 3691 406 3758 singularis
423 3706 480 3740 non
496 3689 642 3754 invenitur,
658 3689 721 3739 licet
739 3686 864 3738 dicamus
884 3689 979 3743 huius
997 3693 1123 3760 primoris,
1162 3724 1165 3733 ·

101 3761 198 3828 [huius
216 3759 359 3824 proceris]
377 3785 411 3796 ·-
446 3765 506 3816 310.
528 3756 621 3822 Votis,·
646 3759 955 3825 autcumvotisqaut
981 3778 1034 3832 pro
1050 3760 1123 3812 reditu
1162 3788 1165 3811 ;

100 3837 161 3879 vota
183 3827 328 3881 facientes:
354 3831 400 3894 [an
419 3828 608 3890 iuvenumque
632 3840 730 3877 manus
747 3825 781 3874 ad
799 3833 894 3894 portas
911 3828 985 3878 votis
1003 3827 1124 3898 prosequi
1162 3816 1166 3899 i

100 3896 163 3949 tur?
188 3913 223 3945 an
249 3898 382 3945 iuvenum
408 3895 520 3962 quidem
543 3910 640 3944 manus
665 3893 699 3945 ad
722 3902 829 3958 portas,
855 3911 959 3944 senum
985 3914 1049 3949 vcro
1067 3897 1124 3948 votis

100 3965 289 4035 prosequitur,
305 3970 335 4010 ut
352 3965 461 4013 iuvenes
479 3962 591 4031 quidem
608 3963 667 4012 illos
685 3961 861 4027 deduxerint,
880 3979 962 4013 senes
982 3982 1048 4016 vero
1066 3972 1125 4032 opta·

100 4032 189 4082 verint
218 4030 272 4082 illis
301 4029 430 4083 reditum.
454 4057 489 4070 ·-
537 4037 599 4087 312.
624 4028 779 4096 Ponenda,-
810 4030 977 4089 nuntianda.
1002 4061 1037 4075 --
1077 4038 1123 4090 313.
1162 4018 1167 4105 i
