2454 4500
175 271 680 337 murmurantium.
702 272 758 351 rx,
781 254 978 342 sis-534·
1028 280 1093 344 sse

68 459 195 527 superius
218 458 340 510 diximus.
382 457 549 517 Testudine3
578 459 686 510 testudo
717 465 758 510 eet
785 464 924 509 scutorum
953 459 1094 524 connexio,

68 535 183 580 curvata
198 527 228 577 in
243 525 385 578 testudinis
402 527 517 577 modurn
541 526 580 591 [et
602 526 824 589 similitudinem,
848 540 913 575 eum
930 543 946 576 a
962 526 1093 580 militibus

64 596 162 663 aliqua
184 595 276 645 civitas
298 594 452 658 obsidetur,
478 603 506 646 et
529 593 561 644 fit
577 603 608 644 ut
624 611 719 646 murus
733 594 792 645 aius
809 592 975 657 submotum]
1008 595 1094 646 Nam·

64 681 124 735 que
145 664 175 714 in
192 678 334 713 armorum
356 662 503 730 generibus
528 662 628 715 milites
644 670 757 713 sumunt
769 662 806 714 ab
823 660 987 712 animalibus
1004 663 1094 714 nomi·
1157 688 1161 705 ι

66 750 120 794 na,
143 740 173 780 ut
190 733 272 781 aries.
306 729 457 782 Sallustius:
481 731 515 781 In
541 732 651 781 modum
672 729 753 787 niret,
772 732 881 794 (ericii5
903 729 937 781 R.
955 731 1037 795 irini,
1059 730 1092 784 L.

65 800 162 868 hyrci)
181 801 324 850 militaris.
358 800 494 864 [Inventor
518 806 611 849 autem
636 799 787 850 testudinis
803 801 936 849 Artemon
953 797 1033 848 Claro
1063 816 1094 851 e·
1173 796 1176 812 '

65 869 137 923 nius
154 869 255 930 fertur,
284 867 414 932 idemque
447 868 545 916 arietis
569 875 696 932 repertor
719 865 828 916 dicitur.
872 864 955 916 Scuta
982 880 1031 932 ges
1075 884 1094 919 e

66 937 186 988 Cruetes
211 935 293 1000 primi
316 935 493 996 invenerunt,
519 934 598 1000 galea
616 933 766 985 Thracium
782 942 895 1000 tegmen
911 940 964 985 est:
987 934 1093 986 Thora-

66 1017 116 1056 etes
133 1002 242 1054 Thorax
258 1001 433 1070 quidamrer
449 1001 548 1053 dicitur
570 1002 717 1066 invenisse,
739 1002 948 1069 Lycaon-Arcas
971 1002 1094 1068 gladium

55 1071 197 1137 ¹longiore
219 1071 322 1122 lamina
338 1069 493 1136 produxisse
509 1077 653 1134 narratur,
677 1069 773 1122 Peleus
789 1070 894 1137 primus
911 1071 1093 1122 machaeram

47 1140 170 1192 *dicitur
186 1138 332 1190 invenisse:
355 1137 474 1204 harpen,
496 1137 514 1188 i.
531 1155 555 1190 e.
574 1153 688 1189 curvum
703 1138 824 1205 gladium
840 1138 870 1188 in
886 1138 1000 1189 modum
1016 1139 1095 1192 fale-is

69 1225 91 1260 a
116 1207 215 1259 Perseo
242 1206 381 1258 inventam
410 1204 490 1255 multi
513 1203 662 1270 dixerunt]
685 1231 720 1244 ·-
767 1211 827 1263 506.
849 1205 953 1257 Fossae
978 1209 1093 1271 implere

41 1272 45 1281 ’
67 1287 189 1342 parant5
205 1274 286 1326 vertit
302 1272 441 1324 ordinem:
457 1289 524 1323 nam
541 1279 604 1324 ante
618 1281 672 1337 est,
687 1282 719 1332 ut
735 1273 883 1340 impleatur
898 1275 979 1339 fossa,
994 1275 1094 1328 tollan-

64 1351 115 1394 tur
131 1343 206 1394 valli:
231 1351 259 1394 et
275 1342 313 1393 sic
330 1339 464 1392 testudine
480 1341 627 1393 accedatur
644 1341 679 1392 ad
695 1357 816 1393 murum.
850 1338 1015 1410 Quanquam
1032 1360 1095 1412 pos·

64 1426 161 1462 sumus
184 1410 352 1476 intelligere,
382 1408 466 1459 etiam
489 1408 524 1460 ad
546 1410 630 1460 fossas
655 1423 701 1459 eos
724 1411 797 1461 faeta
819 1410 923 1460 venisse
945 1412 1090 1465 testudine.
1162 1446 1164 1455 ·

65 1478 194 1597 kl’ropria
224 1486 319 1530 tamen
342 1475 444 1544 fossas
474 1477 599 1543 implere,
629 1477 736 1527 valleia
760 1478 874 1538 vellere,
903 1477 942 1528 sic
964 1479 1041 1539 enim
1062 1490 1094 1534 et

90 1544 211 1610 istorici]
234 1574 268 1584 -
315 1548 376 1603 509.
399 1543 549 1612 Effundere
573 1557 685 1607 contra‚·
709 1543 835 1614 proprie:
858 1544 913 1595 tela
936 1547 1011 1596 enim
1033 1564 1093 1603 non

65 1614 206 1665 iaciuntur
227 1615 257 1665 in
280 1612 427 1678 subiectos,
449 1613 497 1664 sed
518 1613 682 1663 funduntur:
706 1620 734 1664 et
757 1611 871 1662 dicendo
890 1613 979 1664 Omne
1001 1632 1091 1681 genus

66 1682 202 1746 telorum,
227 1679 346 1737 ostendit
368 1680 452 1729 telum
474 1681 567 1731 vocari
590 1696 672 1730 omne
696 1680 767 1746 quod
789 1679 902 1729 iacitur:
925 1681 1038 1747 [Graeci
1054 1682 1091 1738 sd
1153 1734 1160 1741 .

64 1748 136 1871 fila
160 1744 214 1802 vind
237 1744 286 1802 aori
310 1742 432 1818 plurave
463 1748 533 1798 sicut
554 1748 652 1799 Latine
676 1748 746 1812 tela,
768 1740 898 1799 datast
920 1746 1000 1814 τῆλε,
1024 1751 1041 1802 i.
1065 1772 1090 1806 a.

80 1817 170 1887 onga]
186 1845 221 1855 -
254 1824 315 1875 511.
331 1817 445 1866 Assueti
467 1817 567 1882 longo:
591 1816 670 1866 docet
693 1831 773 1871 usum
794 1817 823 1866 in
841 1816 946 1882 [rebus]
964 1819 1090 1874 omnibus

63 1886 219 1969 Plurimum
241 1901 326 1953 posse.
345 1910 378 1922 -
412 1890 473 1940 512.
497 1876 602 1952 Infesta
626 1884 773 1934 volvebant
797 1885 933 1949 pandam
963 1886 1018 1937 hoo
1041 1898 1091 1956 est,

25 1952 31 1957 ”
65 1954 162 2009 infesti
183 1953 319 2024 ponderis.
352 1951 461 2019 [subter
479 1952 564 2001 densa
583 1949 734 2015 testudine,·
759 1951 877 2003 hoo,est
892 1952 987 2004 subter
1008 1963 1092 2008 tenu·

67 2020 159 2086 dina]
183 2049 218 2059 -
265 2028 326 2079 515.
350 2018 408 2070 Nec
432 2022 490 2070 iam
514 2019 680 2087 sufficiunt,·
711 2018 759 2069 diu
784 2019 842 2069 iam
872 2035 928 2070 non
950 2023 1090 2078 sustinent,

10 2134 14 2141 .
46 2086 247 2160 '[Ruuntqne;
271 2089 316 2139 hio
335 2094 434 2151 ruunt,
451 2102 502 2154 pro
519 2087 668 2152 deiiciunt]
684 2113 718 2124 —
752 2092 813 2144 517.
830 2087 1032 2156 Armorumqne
1051 2110 1092 2144 η.

10 2154 12 2159 ’
68 2159 154 2211 solvit
172 2156 322 2224 Tegmina;
345 2153 570 2225 [nepeppaaevxais
591 2155 637 2206 hic
654 2152 772 2206 ostendit
787 2169 931 2224 armorum
946 2161 1092 2211 connexio·

11 2266 22 2291 2
66 2243 134 2279 nem
152 2242 208 2277 esse
225 2225 410 2289 testudinem]
444 2225 571 2276 Lucanus
593 2223 627 2274 de
644 2222 781 2274 testudine
798 2227 840 2288 (5,
855 2225 944 2286 484.);
965 2226 999 2278 Ae
1014 2241 1090 2293 pose.

10 2294 23 2345 ’.
66 2312 154 2361 quam
176 2295 267 2345 virtus
291 2295 397 2344 incerta
421 2294 547 2343 virorum
571 2290 731 2358 Perpetuam
761 2292 968 2362 rupitdefesse
1000 2299 1091 2349 milite

13 2362 24 2367 “
54 2370 187 2426 'eratem,
217 2362 337 2426 Singula
369 2363 512 2413 continuis
542 2371 683 2410 cesserunt
714 2360 818 2410 ictibus
842 2379 929 2412 arrna.
953 2366 1013 2400 -··‘
1029 2372 1091 2423 521,

66 2430 218 2481 Etruscam
237 2429 352 2495 Pinum3
378 2429 431 2480 hoo
457 2436 498 2480 est
518 2429 576 2499 ipse
593 2429 729 2479 Etruscus.
762 2425 935 2494 [Quassahat
951 2439 1045 2483 autem
1063 2442 1092 2486 et

10 2496 25 2505 '
67 2498 156 2567 infert
173 2497 289 2548 mutatio
306 2505 478 2564 temporum,
500 2505 531 2546 ut
547 2496 689 2564 (1,471.):
714 2495 836 2562 Tydides
855 2499 943 2547 multa
961 2503 1091 2553 vastabat

10 2562 36 2629 ΐ-
65 2569 149 2617 caede
173 2578 319 2616 cruentus.-
344 2567 530 2630 Ardentesque
554 2566 765 2629 avertitequvs
789 2565 820 2614 in
840 2578 941 2615 castra.
959 2594 993 2605 -·
1027 2575 1090 2627 525,

10 2634 26 2693 ζ
70 2635 127 2687 Vos
141 2653 156 2687 o
171 2633 294 2698 Calliope
311 2650 421 2700 precor3
438 2633 557 2702 syllepsis
572 2650 623 2701 per
640 2647 778 2682 numeros.
814 2633 882 2683 Erat
894 2633 969 2684 enim
980 2644 1091 2688 rectum

10 2706 32 2767 ζ’·
70 2704 126 2755 Vas
145 2720 255 2767 musae,
279 2714 329 2751 aut
348 2713 391 2765 te,
413 2700 545 2765 Calliope.
582 2701 709 2765 Aspirate
729 2703 855 2764 canenti,·
879 2702 982 2754 favete:
1006 2711 1038 2753 ut
1054 2710 1091 2770 (2,

10 2770 16 2779 '
68 2772 160 2831 385.)s
192 2772 305 2837 Aspirat
328 2771 419 2835 primo
440 2768 562 2886 {ortana
586 2768 686 2817 labori.
710 2791 743 2802 ·-
787 2773 847 2824 528.
873 2768 949 2820 Oras
966 2773 1091 2823 evolvite

10 2828 19 2845 ¹
69 2842 152 2904 telin
169 2838 233 2907 [hoc
251 2846 291 2888 est
306 2835 424 2903 ingentis
462 2833 517 2898 elli]
528 2841 639 2885 narrate
650 2850 706 2884 non
719 2841 826 2885 tantum
838 2836 926 2899 initia,
941 2839 989 2890 sed
1004 2840 1090 2893 etiarn

10 2900 23 2911 ”
65 2917 189 2961 extrema
203 2906 352 2956 bellorum:
370 2904 442 2953 Nam
454 2921 517 2957 arae
530 2908 593 2951 sunt
606 2903 796 2953 extremitates.
812 2905 871 2971 [Est
882 2913 976 2957 autem
989 2908 1091 2962 Ennia·

10 2974 24 3041 ζ
65 2990 149 3029 num:
166 2974 225 3041 Qui
236 2975 310 3039 potis
324 2972 448 3038 ingentis
462 2987 525 3022 oras
541 2970 661 3020 evolvere
675 2971 749 3021 belli.
763 2997 796 3008 -
831 2978 891 3029 529.
907 2974 943 3024 Et
959 2979 1090 3029 memini.

67 3047 121 3097 stis
135 3047 209 3094 enim
224 3043 312 3106 divae,
324 3053 348 3091 et
361 3056 511 3090 memorare
522 3040 651 3104 potestis,·
664 3039 758 3091 differt
768 3041 926 3094 meminisse
938 3060 970 3095 ae
984 3062 1092 3099 memo·
1143 3066 1145 3072 ·
1174 3060 1176 3065 '

66 3128 147 3166 raras
171 3128 234 3161 curn
252 3110 318 3161 illud
334 3109 370 3158 sit
385 3107 546 3159 memoriter
562 3114 672 3169 tenere,
695 3107 855 3160 Memorare
871 3126 935 3162 vero
947 3128 1090 3181 exponere

64 3189 97 3235 et
120 3190 243 3231 narrare.
276 3178 325 3227 Est
346 3178 440 3228 autern
462 3176 576 3226 Homeri
600 3175 734 3227 sententia
758 3177 805 3241 (ll.
827 3182 861 3246 β,
883 3179 973 3240 484,);
996 3183 1090 3238 ἴσως

64 3245 115 3307 νῦν
139 3266 187 3316 μοι
208 3241 307 3315 voians
329 3238 450 3312 o’leipsanu
475 3237 577 3312 δώματ’
605 3243 718 3306 ἔχουσαι.
748 3239 823 3311 einais
855 3242 905 3316 γάρ
931 3251 999 3302 θεαί
1018 3250 1091 3317 ivre.

28 3340 31 3345 ·
63 3315 249 3385 advertite,
274 3316 329 3368 ἴστε
351 3333 382 3367 τε
398 3310 508 3378 nivem]
527 3339 559 3351 ·-
594 3320 653 3370 530.
673 3312 774 3365 Turris
792 3326 864 3378 ernt3
885 3325 975 3369 turres
996 3319 1090 3371 huius·

27 3395 31 3401 '
64 3387 143 3440 modi
160 3402 217 3437 esse
234 3383 467 3435 admunitionem
484 3382 623 3432 civitatum
647 3388 674 3432 et
696 3383 860 3434 insecundo
877 3384 1002 3450 legimus.
1034 3388 1090 3441 Sed

63 3456 119 3509 irae
142 3454 305 3522 plerumque
322 3451 438 3502 mobiles
459 3455 536 3514 sunt,
561 3449 725 3517 plerumque
742 3451 824 3511 fixae3
846 3451 929 3517 fixae,
954 3463 984 3504 ut
1000 3455 1030 3507 in
1046 3474 1089 3509 ssa

64 3522 156 3577 cundo
173 3521 265 3587 (445.);
289 3519 393 3570 Turres
412 3522 530 3569 detecta
550 3519 702 3569 domorum.
736 3516 870 3583 Mobiles‚
893 3523 968 3572 utin
986 3523 1087 3583 duode-

62 3592 139 3645 cimo
159 3590 238 3655 (675.)
255 3588 394 3638 meminit:
411 3587 627 3651 Subdideratque
646 3599 736 3650 rotas,
750 3600 899 3654 pontesque
919 3593 1088 3647 instraverat

10 3672 15 3689 ·“
64 3662 148 3712 altos.
182 3658 318 3724 [Lucanus
343 3659 386 3721 (3,
401 3654 487 3716 455.);
511 3655 633 3706 Stellatis
651 3657 754 3706 avibus
772 3674 858 3722 agger
875 3657 1019 3726 Erigitur,
1042 3681 1088 3728 ge.

19 3722 27 3731 ⁹
63 3731 212 3792 minasque
229 3736 377 3792 aequantes
395 3724 734 3791 moeniaturresriecipz't.
772 3723 921 3782 Persidem
939 3743 990 3793 pro
1008 3731 1087 3781 tabu.

61 3795 147 3859 latis]
164 3821 199 3831 -
232 3799 292 3851 531.
317 3794 481 3858 Opportuna
505 3792 582 3855 loco,·
607 3792 671 3859 [pro
698 3790 864 3859 opportuno]
887 3794 990 3846 scilicet
1013 3800 1087 3852 circa

20 3892 25 3898 -
61 3873 165 3939 portas.
183 3887 217 3900 ·-
250 3867 311 3919 532.
330 3861 422 3927 Opum
441 3862 485 3922 vis
507 3867 597 3929 potest
619 3868 647 3913 et
662 3859 810 3928 Hypallage
832 3877 905 3926 esse,
926 3871 956 3913 ut
972 3865 1007 3916 sit
1024 3868 1096 3935 Ope,

60 3928 172 3986 virium.
189 3958 223 3968 -
257 3937 316 3988 533.
332 3928 512 3997 Ι[(ἶιινταῦαηη
539 3943 667 3997 zeugma,
690 3936 782 3996 potest¹
801 3934 829 3980 et
852 3929 887 3981 ad
909 3931 1036 4002 Latinos,
1058 3942 1086 3987 et

59 4003 101 4061 ad
117 3999 250 4054 Troianos
267 3996 384 4065 referri]
401 4023 436 4039 -
469 4000 530 4060 534.
549 3997 656 4064 Caeam
679 3996 791 4064 patulas.
825 3995 918 4050 Densi
940 4002 1009 4065 tela;
1032 4018 1083 4074 pro
