2454 4500
58 210 63 214 ’
131 264 176 355 rs
239 283 249 297 ι
314 249 317 253 ’
390 251 531 316 snum
551 218 909 357 conunmxnmt

77 503 88 509 ..
131 427 231 512 girinls
249 455 322 504 unm
345 452 417 507 quae
440 450 497 492 non
514 436 608 490 omnia
624 433 728 490 sciunt':
750 453 818 489 nam
842 440 871 488 et
886 432 1034 489 moriimtur

132 513 199 564 dum
214 507 402 572 Aristotelem,
417 516 449 557 ut
464 508 551 559 Formi
566 510 714 576 Panesque.
748 501 787 557 Ab
807 507 919 572 origine
925 521 935 570 5·
953 524 970 558 a
986 520 1034 574 rap·

131 596 193 632 nae.
228 574 341 644 Pergam
348 598 358 642 5
382 590 571 643 perseverem,
593 573 646 627 hoo
669 583 727 639 est,
749 575 877 625 universa
901 573 999 626 dicam.
1023 600 1034 609 -

69 664 73 668 ·
134 644 272 711 Annalem
297 646 369 696 inter
393 643 542 695 historiam
562 651 589 694 et
606 645 726 693 annales
743 643 797 692 hoc
813 642 943 694 interest!
967 640 1034 692 Hirr

133 727 231 768 eorum
247 722 420 783 temporum,
444 729 514 781 quae
525 758 528 763 .
539 711 581 763 vel
597 707 714 764 vidimus
730 703 773 762 vel
795 708 888 762 videre
912 712 1034 780 potuimu

135 777 190 837 dni
208 778 257 835 τοῦ
274 768 447 850 [monebu-i.
466 799 504 846 e.,
527 779 628 850 videre.
662 779 786 829 Annales
803 789 868 830 vero
892 787 956 830 sunt
980 793 1034 831 eon

133 866 233 925 porum
250 865 387 903 annorum
426 867 457 913 e,
480 863 550 916 quae
568 856 642 900 aetas
658 855 754 898 nostra
776 863 833 898 non
849 844 932 898 novit
973 847 1033 897 Und

133 919 200 975 stius
219 934 250 970 ex
268 917 396 980 Historia,
431 915 521 968 Livius
547 932 579 968 ex
602 916 745 969 annalibus
762 923 790 967 et
806 914 921 968 historia
939 922 1034 966 consta

133 990 228 1040 tamen
249 985 455 1036 ⁴confunduntur
478 983 609 1052 licenter,
626 993 669 1034 =ut
696 983 750 1034 hoc
772 983 833 1034 loco
858 992 910 1052 pro
933 981 1034 1033 histo'ri

98 1068 106 1077 ²
132 1054 251 1111 annales.
285 1055 336 1122 (Ita
352 1060 445 1104 autem
463 1053 582 1103 annales
607 1051 839 1103 conficiebantur:
863 1049 990 1102 tabulam
1007 1051 1034 1102 de

94 1146 98 1153 ⁴
134 1121 280 1195 quotannis
300 1119 422 1172 Pontifex
438 1121 575 1172 Maximus
590 1119 696 1186 habrut,
712 1121 740 1171 in
759 1136 812 1188 qua
829 1118 1004 1190 praescriptis
1022 1137 1034 1169 r

131 1191 289 1246 nominibus
314 1197 344 1242 et
364 1185 482 1239 eliorum
505 1188 732 1259 magistratuum,
762 1189 847 1255 digna
876 1188 1034 1240 memoratu

132 1264 330 1321 consueverat,
346 1251 422 1307 domi
444 1255 628 1327 militiaeque,
651 1265 728 1309 terra
752 1257 879 1323 marique
904 1263 981 1324 gesta
1004 1273 1034 1325 pe

132 1328 172 1382 los
197 1327 262 1379 dies.
304 1324 387 1376 Cuius
410 1324 568 1392 diligentiae
601 1339 705 1376 annuos
729 1325 942 1376 commentarios
971 1325 1002 1375 in
1026 1340 1034 1373 ‹

136 1397 223 1450 libros
240 1396 343 1445 veteres
366 1392 537 1459 retulerunt,
561 1407 660 1462 eosque
678 1408 694 1443 a
711 1393 888 1444 Pontificibus
904 1392 1034 1444 Maximis

130 1463 184 1517 ‘bus
208 1459 474 1527 fiebunt,'Anualer
492 1460 637 1512 Morinos
654 1459 844 1530 appellarunt;
868 1460 940 1513 unde
964 1460 1032 1530 quid

134 1530 292 1587 dictum-ub
309 1531 400 1581 Aenea
418 1529 537 1580 annales
555 1531 646 1597 aiunt,
670 1530 742 1607 quod
760 1530 812 1581 eti
832 1544 861 1580 se
877 1528 1020 1597 religiosus

133 1602 217 1654 Polite
237 1602 301 1648 tum
323 1597 447 1649 Pontifex
469 1598 633 1661 inducatur.)
651 1622 685 1634 -
720 1601 781 1654 374.
822 1599 921 1662 lauso,·
944 1613 1025 1648 more

134 1666 183 1738 qui
201 1666 295 1719 dicunt
317 1665 427 1718 coelum
444 1680 495 1733 per
515 1673 627 1718 noctem
643 1664 748 1732 claudi,
773 1666 876 1735 operiri
899 1682 950 1737 per
968 1666 1034 1718 dien

41 1784 45 1792 ,
136 1746 178 1790 est
201 1733 396 1804 (G02,261.):
425 1733 716 1786 Portunamnetu·
762 1734 798 1785 Et
826 1736 892 1799 (10,
916 1735 968 1796 5.):
1008 1734 1034 1783 C«

133 1807 212 1858 tectis
237 1803 433 1868 bipatentibus.
470 1803 633 1870 Componet,
659 1801 746 1854 'finiet
788 1803 824 1852 Ut
850 1801 1028 1868 (12,104.):

61 1902 65 1908 ·
133 1874 260 1942 gaudens
278 1873 407 1937 componi
417 1871 532 1941 foedere
550 1872 660 1922 bellum.
697 1871 744 1938 [Et
761 1871 801 1936 (Ε.
814 1871 938 1935 3,108.);ι
950 1871 1018 1922 Νοη

134 1948 208 1994 inter
224 1957 275 1999 vor
291 1950 386 1990 tantas
405 1955 566 2008 componere
579 1941 663 1999 ,litere
691 1937 765 1989 Alibi
781 1953 832 2006 pro
850 1939 998 2007 disponere
1018 1944 1034 2005 (l

79 2066 84 2072 ,
134 2010 194 2063 Neo
212 2002 373 2074 componere
391 2027 454 2075 opes
474 2020 591 2060 norunts
609 2006 681 2058 Alibi
715 2021 749 2057 ro
767 2009 951 2075 coniungere,
968 2015 1002 2058 ut
1018 2014 1034 2071 (t

136 2078 310 2144 componens
329 2079 513 2143 manibusque
532 2092 649 2126 manus:
674 2024 746 2127 Aiibi
764 2090 814 2143 pro
833 2093 1010 2142 comparare:

39 2155 42 2159 ’
97 2143 98 2147 ’
134 2144 267 2211 24.):¹St’c
283 2148 380 2212 parvis
398 2162 558 2213 componere
577 2161 680 2210 magna
698 2143 828 2194 solebam.
863 2145 935 2196 Alibi
951 2159 1003 2214 pro
1021 2157 1034 2212 J

92 2222 97 2235 ⁸
134 2222 166 2264 ut
183 2213 282 2272 (249.)ι
307 2211 387 2265 Ntmu
411 2214 518 2282 placida
535 2220 689 2283 compostus
706 2229 773 2282 poce
791 2212 924 2279 quiescit]
962 2213 1031 2278 Vasp

135 2281 196 2354 prio
213 2280 291 2333 stella
309 2288 356 2333 est.
391 2282 463 2332 Cum
480 2289 574 2334 autem
598 2282 706 2347 vesperi
722 2254 852 2345 iicimus,
875 2281 1034 2332 adverbium

18 2338 32 2357 ‘
84 2384 89 2389 -
133 2351 172 2402 ris
189 2356 237 2402 est.
271 2346 366 2413 (Moilo
390 2365 457 2403 sane
473 2352 608 2402 utrumvis
634 2348 737 2418 accipe.
771 2347 918 2400 Sciendum
934 2357 1031 2401 tamen

134 2419 171 2469 Et
187 2412 330 2469 sciendlun
347 2417 421 2485 [est],
444 2419 509 2487 quia
533 2419 625 2470 omnia
648 2418 778 2480 nomina,
801 2433 871 2484 quae
893 2416 928 2469 de
947 2419 1034 2469 Graec

135 2493 235 2538 exeunt
252 2493 280 2536 et
297 2485 332 2536 ad
348 2502 397 2536 nos
415 2495 571 2552 transeunt,
597 2487 671 2554 apud
695 2501 745 2535 nos
763 2492 811 2535 eut
834 2485 864 2536 in
883 2504 916 2536 us
933 2495 1034 2537 tantun

135 2560 167 2604 ut
184 2550 271 2604 Delos
289 2547 396 2604 Delus.-
421 2556 513 2606 autin
533 2564 609 2605 erut
626 2548 708 2624 α’γρὸσ
726 2572 807 2620 ager.-
837 2549 930 2605 autin
947 2563 1034 2604 utrrm

135 2613 289 2688 Εὔανδρος,
307 2620 632 2687 Euandrus,Euander.
650 2651 686 2660 -
721 2628 779 2678 375.
807 2622 894 2672 Troia
919 2625 1034 2687 antiquo

58 2750 62 2756 .
134 2689 299 2754 venerabili,
321 2706 401 2743 more
417 2706 482 2756 suo,
506 2690 572 2743 alibi
590 2690 688 2759 (531.):
713 2688 800 2739 Terra
816 2690 953 2758 'untiqua,
976 2691 993 2741 i.
1014 2709 1034 2742 e⁴

88 2765 89 2769 ’
135 2773 188 2810 nec
206 2757 282 2809 enim
299 2774 356 2809 esse
374 2766 483 2829 poterat
498 2774 575 2810 novo.
610 2761 680 2810 Item
697 2763 733 2826 (3,
750 2759 817 2820 84.):
837 2759 950 2827 Templa
970 2761 1016 2809 dei

136 2827 259 2882 nerabur
283 2836 397 2876 structa¹
412 2841 527 2879 vetusto.
570 2829 639 2893 (Aut
661 2835 736 2878 certe
761 2844 839 2892 cara,
863 2834 891 2879 et
913 2829 966 2879 hoc
991 2828 1034 2879 ide

137 2893 217 2946 dixit:
242 2892 354 2960 Quibus
373 2907 423 2944 aut
439 2898 558 2946 venistis
576 2897 610 2945 ab
631 2898 697 2948 oris.
734 2894 765 2944 Si
780 2908 902 2960 oestrus,
921 2904 987 2951 etur
1011 2913 1034 2946 cr

137 2963 220 3013 deam
243 2962 311 3013 sciat
333 2978 362 3015 se
386 2962 477 3031 loqui,
501 2979 551 3015 cur
574 2964 625 3018 ait:
649 2963 677 3014 Si
700 2971 802 3014 vestras
825 2981 876 3034 per
900 2961 998 3016 aures?

137 3027 198 3082 hic:
215 3022 306 3098 aliqua
322 3031 449 3093 ratione.)
483 3032 588 3099 [Fortq
606 3031 667 3096 hic,
683 3030 719 3082 ali
739 3047 775 3082 ua
792 3034 915 3096 ratione,
931 3031 1034 3101 signifi(

138 3096 258 3160 sciebat,
282 3090 372 3150 Deam
394 3098 481 3164 scire,
506 3112 564 3152 non
586 3048 738 3167 ignorare}
753 3125 787 3137 —
822 3109 882 3158 377.
899 3101 981 3151 Forte
991 3119 1034 3162 *si

137 3167 221 3219 suoi.
242 3185 266 3218 e.
283 3180 337 3234 quo
361 3167 437 3219 solet.
470 3167 551 3219 Forte
569 3177 662 3221 eutem
678 3185 781 3219 nomen
799 3178 840 3220 est
856 3188 872 3220 a
888 3170 1034 3221 nominarii

137 3241 169 3286 ut
186 3227 333 3287 Terentius
350 3236 456 3303 (Hecyr.
474 3239 500 3304 4,
517 3245 542 3303 3,
559 3237 609 3299 4.):
626 3235 696 3288 Fors
709 3236 796 3304 fuat3
815 3237 855 3303 (L.
872 3237 906 3288 R.
926 3238 1017 3290 Guelt'.

138 3304 199 3353 Vos.
249 3315 308 3369 uer,
331 3301 402 3354 Dan.
426 3319 496 3370 sun,
520 3305 609 3359 Gueli.
627 3305 647 3356 1.
664 3306 698 3356 al.
710 3303 776 3373 fiat)
800 3306 855 3373 pol.
891 3307 961 3375 [Ipse
985 3306 1034 3356 alil

139 3369 189 3431 6‚):
241 3375 356 3427 uoniam
375 3372 444 3439 fors
468 3377 563 3425 omnia
589 3372 701 3438 versat]
735 3371 868 3440 Libycis3
892 3373 951 3425 iam
973 3374 1034 3423 scit:

139 3437 228 3490 enim:
257 3439 309 3490 sat
327 3439 405 3507 fines
429 3434 538 3507 Libyci.
575 3443 690 3510 Appulit
713 3443 789 3505 oris;
813 3443 902 3510 ligura
925 3442 1034 3511 supradi

138 3503 251 3556 Dativns
273 3519 324 3576 pro
347 3507 504 3558 Accusativo
528 3524 592 3560 oum
618 3512 654 3560 ab
678 3508 815 3580 ponatur]
838 3537 871 3548 —
912 3516 973 3567 378.
1006 3510 1034 3559 Si

140 3571 263 3636 Aenean
280 3585 337 3627 non
354 3583 395 3626 est
411 3573 463 3627 hoo
481 3576 541 3628 loeo
558 3577 732 3645 arrogantia,
748 3578 796 3629 sed
813 3577 953 3629 indicium.
990 3578 1033 3629 Na

139 3641 213 3692 tibus
236 3640 341 3709 aliquid
363 3639 398 3694 de
421 3659 450 3694 se
479 3645 586 3710 disere,
615 3646 775 3714 arrogantia
797 3654 851 3698 est:
880 3646 993 3712 ignotis,
1025 3648 1034 3697 i

140 3709 194 3761 Aut
217 3716 292 3760 certe
323 3709 441 3762 heroum
464 3720 569 3765 secutus
600 3722 640 3766 est
670 3730 794 3779 morem,
844 3712 922 3764 uibus
946 3730 1030 3781 quam

140 3780 223 3844 turpe
239 3778 344 3841 tuerit,
366 3785 425 3830 tam
442 3795 507 3832 vera
523 3781 648 3834 reticere.
679 3781 808 3850 Denique
849 3781 914 3833 lixes
931 3782 960 3832 in
978 3784 1034 3833 Hor

140 3857 219 3894 suam
242 3845 346 3894 famam
371 3847 405 3898 ad
428 3848 535 3900 coelum
558 3862 641 3918 usque
659 3851 775 3901 venisse:
799 3850 864 3916 (Od.
883 3869 914 3914 α,
932 3851 986 3913 20.)
1011 3854 1034 3919 [ε

139 3907 214 3963 uilot
235 3904 351 3983 οόρανον
371 3913 449 3981 ἵκεις]
472 3917 544 3971 unde
569 3925 597 3968 et
619 3919 684 3969 iste:
714 3918 801 3968 Fama
827 3937 910 3986 super
934 3918 1034 3970 aetheri

138 3979 202 4045 (Aut
223 3989 299 4034 certa
322 3989 425 4037 vetuste
447 3984 580 4057 pietatem
603 4000 655 4057 pro
681 3985 816 4057 religione
840 3987 938 4057 posuit
974 3987 1035 4041 Snlb
