2454 4500
114 314 117 318 r
164 289 200 332 n
223 264 383 335 vntum
405 230 983 363 turtum.t1a1v,'1⁸7-1oa.
1031 265 1097 333 aar

51 455 139 520 κοπίς
163 469 215 527 pes·
237 452 334 511 domos
357 450 493 507 nobilium
514 452 643 521 [propter
664 465 710 503 res
726 465 824 520 pravas
841 447 976 571 (privari
999 448 1096 517 prior-

52 520 169 587 ias?)].
186 548 221 563 -
254 527 316 587 187.
335 520 478 577 Turribus
496 532 547 574 aut
564 521 649 586 altis;
668 536 720 591 per
736 534 838 588 regum
875 532 952 571 omos
969 519 1098 589 [propter

50 587 281 713 restent
295 589 399 713 tei
414 584 845 726 'euenirent
862 587 1101 726 trimis
1161 652 1166 665 ·

53 728 113 783 tari
163 722 277 805 uitl-
312 732 375 787 188.
393 673 506 790 redde,
523 712 554 779 in
571 726 698 779 omnibus
715 739 907 799 perseueratum
925 725 996 795 [tam
1012 739 1098 777 entm-

54 796 78 849 ti
139 796 144 807 '
175 795 250 849 falsis
266 793 351 850 rebus
368 811 455 863 quam
472 793 502 845 in
518 795 597 848 veris.
614 822 650 833 -
684 791 935 855 testimoium
957 791 1000 845 vel
1022 793 1098 845 forna

54 861 285 929 ralir,ve1huec
301 864 384 919 facta
418 860 556 932 Populos3
582 871 677 917 utrum
693 862 877 934 generaliter,
901 878 938 916 uit
956 859 1053 929 Tyrios
1070 866 1099 913 et

55 932 196 988 Troianos
218 930 417 1001 tonnm21-
451 936 512 991 190.
532 929 683 994 Gaudens3
708 939 823 1013 propter
848 931 990 986 inventam
1012 936 1099 983 mute·

56 1003 140 1061 rim
175 999 224 1069 [Et
238 1000 353 1070 quidam
369 1016 427 1057 non
443 1001 600 1067 temporale
614 1001 709 1055 famae
730 1000 874 1070 epitheton
889 996 1023 1053 Gaudens
1040 1014 1098 1053 esse

56 1070 168 1133 volunt,
190 1067 241 1123 sed
258 1068 409 1139 gemmis,
434 1077 466 1119 ut
488 1067 635 1140 multiplici
658 1085 786 1122 sermone
803 1067 937 1143 gaudeat,
959 1081 1016 1135 quu
1031 1074 1098 1123 tuuc

55 1137 176 1212 populos
198 1136 361 1210 implebat]
404 1136 491 1189 Facto
516 1149 598 1205 utque
623 1138 746 1209 infecto3
771 1138 841 1190 sicut
862 1135 1006 1208 sequentia
1027 1134 1099 1189 indi-
1157 1202 1160 1207 Ι

56 1213 133 1261 cant
169 1205 217 1275 [Et
228 1212 275 1261 est
290 1206 369 1275 quasi
385 1204 573 1275 proverbiale,
595 1223 664 1261 nam
680 1207 734 1261 hoc
751 1214 805 1259 est:
831 1205 901 1257 Tum
919 1203 987 1273 ficti
1002 1204 1098 1275 provi·

56 1293 111 1345 que
135 1285 223 1328 tenos
247 1291 332 1342 quam
358 1276 555 1328 nuntia'veri.
573 1301 609 1315 -
643 1280 704 1335 191.
732 1276 847 1329 Venisse
865 1275 1004 1339 Aeneom5
1028 1273 1099 1330 haec

56 1346 133 1399 facta
151 1350 275 1397 sunt-
309 1346 371 1403 192.
392 1343 477 1406 Vir05
494 1343 611 1409 marito,
628 1352 660 1394 ut
676 1345 718 1412 (E.
735 1355 769 1411 7,
785 1343 837 1408 7.):
858 1343 909 1396 Vir
925 1345 1021 1414 gregis
1039 1345 1099 1414 ipss

56 1409 165 1480 sapen]
199 1410 359 1479 Dignetur‚·
383 1411 505 1466 libravit
518 1428 696 1479 sermonem,
720 1414 799 1495 quasi
822 1428 958 1483 personae
974 1428 1006 1463 su
1042 1411 1099 1467 rio·

55 1482 108 1537 ris:
121 1507 159 1523 -ι
194 1484 257 1539 193.
274 1479 402 1533 Hiemem
428 1488 497 1541 etc.;
520 1481 539 1534 i.
563 1499 588 1535 e.
611 1498 685 1537 nunc
708 1483 833 1537 hemam
855 1482 929 1533 inter
953 1497 982 1532 se
1017 1496 1099 1533 overe

56 1549 139 1615 luxu,
159 1547 344 1619 inquantum
360 1549 445 1667 lonffa
462 1556 504 1603 est
520 1549 579 1620 ipss
594 1549 693 1603 hiems.
727 1551 804 1605 Fecit
825 1550 911 1605 talem
928 1549 1015 1607 etiam
1031 1547 1101 1605 alibi

56 1617 196 1687 liguum
211 1624 244 1669 ut
259 1621 302 1685 (8,
318 1617 386 1679 Siti:
436 1619 509 1670 ibris
527 1636 560 1668 eo
571 1618 717 1689 fluvium,
734 1636 819 1688 quom
837 1620 924 1686 longo
942 1631 996 1684 est,
1020 1629 1099 1673 noete

56 1697 211 1740 tumentem
235 1682 347 1750 Leniit;
395 1702 430 1739 ro
453 1693 590 1754 quantum
613 1687 698 1756 longe
721 1695 763 1743 est
784 1688 845 1757 ipsa
866 1703 928 1741 nox.
969 1688 1099 1756 [Veteres

52 1757 155 1827 sonere
190 1769 225 1810 ro
241 1754 293 1807 diu
311 1704 434 1808 incolere
451 1762 480 1808 et
497 1755 658 1821 inbobitore
675 1755 818 1822 dixerunt,
840 1763 872 1807 ut
893 1755 953 1826 ipse
969 1754 1038 1811 alibi
1053 1754 1099 1825 (G.

57 1774 197 1891 &4205
222 1821 307 1876 Fovet
331 1823 470 1893 humum]
487 1850 521 1862 ·-
555 1827 618 1883 194.
641 1823 805 1894 Regnorum
831 1826 1021 1892 iinmemores3
1044 1824 1100 1882 hoc
1157 1864 1160 1873 ,

57 1892 150 1960 lingit.
184 1890 259 1947 Num
276 1898 306 1945 et
327 1891 368 1947 illi
389 1909 474 1951 cluse
500 1899 541 1944 est
558 1892 714 1963 Carthago,
737 1900 768 1946 et
783 1895 893 1947 Aeneae
916 1892 1004 1945 Italia.
1038 1893 1102 1974 [etn¹

58 1963 143 2030 quiin,
159 1960 234 2029 quod
251 1975 307 2011 uns
323 1961 444 2032 putitiu,
467 1961 573 2013 duobus
590 1959 730 2029 assignat?
761 1961 852 2031 Turpi
870 1962 1018 2029 cupidine,-
1035 1979 1054 2015 a
1074 1979 1101 2018 a«

57 2029 209 2089 inhonesto
238 2044 344 2082 amore.
396 2030 565 2097 Cupidinem
596 2038 702 2083 veteres
731 2029 950 2083 immoderatum
973 2046 1101 2083 amorem

58 2097 205 2151 dicebant:
230 2096 356 2151 bfiunius
373 2097 493 2153 Neronia
509 2099 651 2166 (Neaera):
674 2099 760 2151 Alius
777 2111 817 2152 est
835 2116 929 2164 umor,
947 2100 1025 2154 altus
1044 2097 1100 2153 Cu·

57 2167 146 2238 pictor
165 2177 265 2219 amant
280 2169 435 2233 sepientes,
454 2169 573 2232 eupiunt
590 2170 681 2221 ceteri.
715 2167 826 2221 Plautus
843 2183 909 2219 cum
925 2166 1100 2223 distinctione

58 2235 167 2307 posuit:
192 2234 330 2301 Cupidon’
349 2248 374 2285 te
392 2235 507 2304 conficit
533 2253 608 2287 anne
633 2235 736 2288 amor?
771 2235 852 2306 Qsiod
875 2235 949 2306 (quo)
971 2235 1103 2303 intelligi«

59 2311 106 2365 uir
122 2301 303 2355 vehementer
319 2304 398 2359 illem
415 2321 512 2356 amare
528 2306 571 2357 vel
592 2305 780 2375 impatienter.
813 2304 875 2372 Ipsa
892 2304 961 2356 alibi
978 2304 1100 2372 (conoul.

60 2377 145 2438 1,1,
163 2370 214 2433 3.):
238 2368 327 2445 Quem
356 2373 449 2426 Venus
468 2374 631 2440 Cupidoque
655 2377 789 2441 imperat,
812 2374 913 2429 suadet
936 2390 1034 2437 amon
1060 2373 1102 2426 di-

59 2440 155 2562 ttetrtllufi
168 2440 290 2573 imperit
305 2440 465 2495 violentiam
478 2442 611 2508 ostendit,
628 2444 728 2495 suadet
741 2441 866 2494 addendo
879 2442 1102 2499 moderationem

59 2509 82 2561 si
126 2507 132 2519 '
155 2515 207 2561 cat.

59 2525 235 2647 tei‘gretatur
252 2576 354 2645 (298.):
371 2578 476 2630 Eodem
496 2580 584 2646 impia
595 2578 681 2648 samo
694 2579 810 2649 furenti
826 2577 945 2630 Detulit.
980 2579 1018 2629 In
1036 2598 1103 2644 oro3

60 2646 172 2717 palarn,
195 2652 227 2696 ut
249 2652 401 2716 antequam
417 2646 530 2698 studiant
552 2648 701 2715 loquantur
725 2655 754 2699 et
788 2646 883 2714 roprie
901 2660 960 2703 ora.
997 2647 1102 2715 Teren·

60 2715 114 2767 tius
133 2712 264 2781 (ridell,
281 2723 313 2778 2,
331 2717 400 2776 13.):
418 2716 453 2765 ln
472 2732 518 2766 ore
536 2727 576 2766 est
594 2718 673 2769 omni
689 2666 787 2783 popul)
795 2753 801 2767 .
820 2741 855 2757 ··-
891 2721 952 2773 196.
968 2715 1101 2783 Iorb0m3

61 2782 154 2836 fitium
170 2781 240 2832 Iovis
255 2783 409 2837 Ammonis.
443 2783 545 2845 Liber3
562 2783 630 2901 [ἰὼ
645 2791 677 2835 ut
693 2785 741 2836 alii
756 2783 860 2849 dicunt,
876 2783 1021 2849 Hercules]
1035 2801 1104 2842 cum

10 2900 13 2907 ,
62 2851 145 2903 indos
162 2857 288 2920 peterat,
312 2857 341 2902 et
357 2852 419 2920 [per
442 2851 552 2903 deserta
593 2851 689 2920 ibyae,
711 2853 765 2907 hoc
782 2851 833 2917 est]
854 2868 904 2930 per
921 2851 1102 2921 Xerolibyam

62 2920 219 2973 uescitum
235 2919 364 2983 duceret,
379 2919 508 2987 fatigatus
524 2919 584 2984 siti,
606 2920 675 2973 Iovis
692 2920 738 2972 sui·
751 2919 839 2991 patris
854 2919 1014 2989 imploravit
1029 2922 1103 2975 uiui·

62 2987 149 3055 lium,
172 2988 219 3039 cui
240 2986 287 3038 ille
310 2989 428 3040 arietem
452 2979 585 3052 ostendit,
608 3004 692 3058 quiem
715 2996 824 3041 secutus
846 2988 893 3045 ille
919 2989 1045 3057 pervenit
1067 2990 1103 3046 ad

64 3053 158 3109 locum
181 3055 322 3126 quendam
344 3057 376 3108 in
393 3072 449 3123 quo
473 3056 545 3107 aries
569 3064 678 3109 terram
701 3057 774 3124 pedo
799 3071 848 3107 suo
865 3057 991 3127 scalpsit,
1014 3073 1103 3129 equo

47 3123 125 3181 ‘loco
143 3123 206 3176 fons
222 3124 352 3176 mactavit.
387 3122 484 3189 (codd.
501 3133 614 3194 praeter
627 3127 688 3176 Vos.
706 3132 734 3178 et
749 3123 843 3194 steph.
860 3125 894 3179 al.
912 3125 1058 3190 nouitium,
1072 3134 1104 3179 et

64 3184 159 3251 etitim
174 3191 231 3243 viso
249 3193 337 3246 ariete
353 3193 425 3245 fons
437 3201 544 3244 secutus
568 3192 629 3254 est.)
664 3193 742 3247 Unde
764 3194 872 3248 factum
897 3195 973 3260 [est,·
988 3193 1030 3258 ut]
1046 3193 1104 3249 Iovi

65 3259 196 3319 Ammoni
213 3260 253 3315 ab,
266 3261 378 3313 harenis
395 3261 469 3312 dicto
485 3260 580 3328 lingua
592 3261 705 3328 Libyca,
720 3260 858 3328 temptum
871 3277 937 3312 cum
953 3262 1103 3319 simulacro

64 3344 129 3382 uum
153 3330 283 3380 cornibus
306 3326 429 3380 arietinis
453 3331 681 3391 constitueretur,
712 3331 809 3390 (Codd.
833 3330 933 3383 iidem:
957 3330 1046 3398 dicto,
1069 3332 1104 3388 ti·

65 3397 223 3459 mulacrum
246 3414 312 3448 cum
335 3397 425 3463 capite
449 3396 682 3468 arietinol'quod
707 3399 771 3450 ideo
796 3397 926 3466 fingitur,
949 3399 1014 3467 qttia
1039 3401 1104 3459 satis

10 3484 12 3489 ·
66 3466 123 3518 eius
139 3474 207 3524 sunt
222 3466 345 3520 involuta
361 3472 500 3534 responsi.
534 3467 598 3536 [Aut
615 3468 680 3535 quia
697 3468 801 3539 Libyae
817 3468 977 3522 Isammone
995 3468 1104 3537 (Libyci

66 3535 248 3601 Ammonem)
273 3534 391 3586 arietem
413 3535 561 3600 appellant.
602 3537 662 3587 =Alii
690 3537 765 3590 hunc
789 3537 957 3589 Ammonem
988 3535 1018 3588 in
1041 3536 1104 3591 luco

65 3611 163 3657 natum
181 3603 231 3657 ubi
248 3603 306 3655 sola
323 3603 378 3653 ovis
402 3604 510 3668 fuerat,
535 3621 551 3659 a
574 3603 698 3656 finitimis
721 3606 865 3659 inventum
882 3605 992 3671 dicunt,
1015 3606 1105 3660 credi-

66 3680 183 3740 tumque
203 3688 236 3725 ex
253 3673 315 3723 Iove
333 3679 362 3723 at
378 3688 426 3723 ove
444 3680 557 3736 natum,
574 3674 743 3739 appell-stum
760 3674 928 3727 Ammonem
945 3674 981 3725 ab
998 3673 1106 3732 harena

63 3742 130 3810 quia
155 3741 197 3792 ibi
221 3741 278 3793 tale
302 3741 391 3793 solum
416 3749 464 3792 est.
499 3741 551 3792 Alii
574 3741 647 3797 inter
665 3744 786 3811 Cyrenes
804 3750 886 3810 atque
904 3742 1126 3812 Carthaginem

62 3811 157 3863 locum
174 3811 290 3862 tradunt
306 3809 403 3874 fuisse,
428 3809 456 3860 in
475 3825 529 3876 quo
556 3817 679 3876 pastores
696 3826 816 3877 puerum
834 3811 958 3863 arietinis
975 3811 1106 3863 cornibus

62 3879 218 3946 insignem,
242 3878 270 3928 in
296 3878 401 3930 harena
424 3879 567 3931 sedentem
592 3896 624 3929 ec
641 3879 837 3931 vaticinantem
854 3880 1105 3946 deprehenderunt.

61 3949 112 4000 Hic
131 3948 256 3998 sublatus
273 3947 391 4011 tacebat,
409 3948 544 4014 repositus
562 3947 741 4013 loquebatur:
759 3965 823 3999 mox
839 3964 905 3998 cum
924 3966 939 3998 e
958 3955 1108 4016 conspectu

34 4016 37 4023 “
61 4013 213 4070 hominum
238 4015 330 4068 subito
355 4016 509 4067 recessisset
532 4016 653 4068 creditus
678 4022 719 4067 est
735 4016 816 4081 detis,
840 4016 912 4068 surde
929 4016 1021 4067 Iovem
1043 4015 1106 4067 ideo

236 2534 272 2547 -
306 2514 368 2568 195.
386 2509 448 2560 Deo
461 2508 566 2578 foedo3
591 2511 721 2572 cmdeli83
745 2510 859 2577 [impia‚
883 2511 958 2579 quod
973 2511 1043 2573 alibi
1059 2513 1102 2569 itt-
1206 2562 1211 2569 ι
