2454 4500
814 136 820 167 l

168 296 213 343 -nt
231 274 390 343 tmen,
409 277 585 345 AllNlllD.
604 276 687 343 tut.
709 279 763 355 IV.
783 283 981 352 stt-379.
1032 286 1098 379 2⁸2⁵

59 460 158 519 velatis
179 450 319 537 capitibtu
338 454 371 519 in
389 463 615 519 ‘confarreationis
632 456 752 519 llanten
771 472 808 517 'aa
823 458 976 520 Flaminica
997 460 1101 522 reside·

57 542 141 601 rant,
164 535 241 603 quod
255 532 328 595 Dido
352 534 482 587 meminit
502 551 569 586 cum
584 536 711 605 queritur
733 551 763 587 sa
779 533 816 588 ab
833 537 925 589 Aenea
941 542 1040 589 contra
1055 537 1100 589 itu

59 618 148 657 nexu
165 602 300 655 mentalis
316 601 415 669 deteri,
429 598 474 655 bis
489 604 596 657 verbis:
612 603 706 672 Aegea
720 604 834 655 demens
853 607 885 657 in
899 617 979 671 parte
991 606 1100 659 locavi.

59 668 173 725 tonan
195 671 274 724 enim
296 686 370 723 uses
382 670 487 725 dicitur
502 672 577 741 quod
598 672 681 725 simul
700 686 767 724 cion
788 688 823 724 eo
839 673 932 725 sedeat
947 674 1016 726 du'm
1033 690 1100 727 con·

61 740 213 793 maun.
227 758 277 803 ··,
299 746 366 799 375.
389 741 530 792 Amissum
551 743 689 807 classem,-
712 741 842 793 subaudit
864 742 1029 805 Remeat&
1053 742 1101 811 [ad

63 807 131 861 illud
154 804 299 879 respondit
318 812 374 875 (1,
393 809 488 873 551.)t
514 808 691 877 Quassatam
715 812 808 861 uentis
835 804 921 863 diseas
945 812 1100 864 subduccre

63 876 194 929 clasem
229 876 381 945 sociosque
397 894 415 927 a
434 883 519 930 marte
529 880 651 943 sedusi5
668 876 771 932 scilicet
803 896 853 931 uos
864 878 984 949 hospitio
998 880 1101 933 eiectos

59 942 300 1017 oxoepu'ffitdhsu
323 945 438 998 classem
460 946 607 1017 reparavi]
622 972 658 986 --
695 954 758 1006 356
803 966 841 999 eu
857 948 957 1028 furiis
978 950 1100 1000 incensa

59 1014 162 1083 seror}
184 1014 247 1084 [atat
260 1013 335 1083 quat
350 1026 462 1068 necessa
481 1008 577 1069 habeo
593 1014 761 1084 exprobrare
777 1016 928 1082 beneficia,
951 1016 1100 1071 Terentius

62 1082 152 1149 (Adel.
163 1090 203 1149 ἲ,
218 1084 251 1149 A,
266 1080 335 1143 ωε
353 1083 486 1135 insanin
504 1087 648 1153 accipiunt
665 1084 791 1137 homines
809 1104 843 1136 ea
858 1080 995 1155 inierim]
1025 1085 1102 1155 Quin

63 1148 155 1203 muts·
181 1154 248 1203 erat
275 1152 307 1203 in
329 1148 398 1203 deos
421 1151 560 1207 locuttua:
589 1161 619 1207 et
640 1152 716 1205 bona
738 1154 927 1225 praemittitur
951 1154 1099 1210 exartatio-

63 1216 140 1271 um
155 1211 273 1271 nmina
287 1233 345 1271 non
358 1220 478 1273 credere
489 1232 593 1275 curare
607 1221 746 1286 mortalia,
763 1231 792 1275 et
801 1222 840 1275 ab
854 1222 897 1274 his
909 1221 1111 1344 [terrasciump.

63 1300 124 1341 non
139 1282 188 1355 (al.
202 1300 262 1341 om.
278 1280 349 1352 uon)
366 1302 492 1359 sperare,
507 1291 610 1343 luroris
623 1297 675 1343 est.
708 1290 856 1360 Subiungit
872 1293 963 1344 enim:
980 1290 1013 1343 'Si
1030 1295 1080 1363 qui

58 1358 116 1423 pia
142 1358 265 1407 numina
287 1366 415 1425 possunt.
437 1378 473 1395 ‹—
513 1358 579 1417 377.
603 1353 689 1410 Nune
713 1368 781 1421 etc.;
804 1359 895 1411 irrisio
916 1368 961 1413 est
982 1358 1102 1415 honesta

49 1427 147 1489 ‚satiat
162 1439 230 1477 oum
244 1422 288 1477 hia
303 1420 393 1479 verbis
408 1424 442 1477 fit
455 1424 558 1495 quibus
571 1426 630 1479 laus
680 1430 796 1480 semim
811 1427 868 1481 est:
884 1435 916 1479 ut
932 1429 974 1496 (E.
989 1434 1018 1495 ’3,
1033 1428 1101 1493 44»)ξ

63 1492 103 1545 fit
119 1494 205 1545 uobis
223 1494 298 1545 idem
314 1495 477 1546 Alcimedon
494 1494 552 1548 duo
607 1438 770 1565 cuiiisecis,
794 1496 921 1548 Necdum
939 1498 1001 1549 illis
1018 1498 1100 1551 labes

64 1562 199 1628 ammei,
225 1564 279 1615 sed
302 1564 415 1616 condita
438 1580 525 1615 servo.
561 1589 564 1593 ·
600 1564 673 1616 imm
692 1572 803 1630 autem,
827 1567 951 1618 Aeneam
976 1569 1103 1635 superius

62 1628 139 1685 baec
166 1624 253 1685 vesta
276 1631 390 1685 dixisse:
425 1632 495 1699 [Sed
525 1644 603 1683 >suat
634 1628 750 1685 ltaliam
784 1650 917 1701 magnam
946 1632 1102 1703 'Grynaeut

59 1700 183 1769 Apollo,
204 1698 321 1751 ltaliam
337 1696 443 1767 Lyciae
466 1703 575 1752 iussere
590 1710 733 1769 capessere
751 1715 846 1754 sertas.
868 1699 989 1770 ¹Lyciae
1006 1712 1101 1759 autem

63 1780 167 1835 sones,
182 1760 338 1839 Apollinem
354 1770 477 1837 Lyceum
494 1768 632 1838 (Lycium)
643 1769 775 1840 appellat,
790 1771 846 1839 sive
862 1770 897 1824 de
914 1772 998 1841 Lycio
1015 1782 1102 1841 quam

64 1836 149 1901 vicit,
163 1844 193 1890 et
208 1836 339 1890 victoriae
355 1853 420 1890 suae
436 1839 626 1891 testimonium
642 1837 696 1891 hoc
712 1852 815 1892 nomen
833 1833 938 1906 induit,
954 1840 1009 1893 sive
1025 1838 1102 1910 qisod

61 1914 111 1959 est
125 1900 220 1958 masis
234 1924 251 1959 a
269 1907 398 1977 candore,
413 1906 490 1961 idem
507 1907 582 1959 enim
600 1916 628 1960 et
644 1909 685 1961 sol
701 1906 833 1972 creditur,
848 1908 903 1962 sive
922 1908 996 1978 qssod
1010 1916 1102 1964 trans·

65 1974 202 2043 &menn
225 1983 267 2029 est
290 1974 319 2027 in
345 1975 442 2046 lupum
457 1990 526 2027 cum
541 1977 651 2045 Cyrene
673 1971 836 2040 concubuit,
859 1984 888 2029 et
910 1972 974 2031 inde
995 1980 1102 2033 eadam

65 2042 211 2116 pmvinoia
234 2042 321 2113 Lycia
344 2054 454 2110 vocata,
482 2045 540 2097 sive
570 2047 644 2113 quod
674 2046 704 2097 in
732 2045 790 2116 lupi
823 2042 921 2097 habitu
945 2044 1100 2103 'Iheloanos

60 2108 237 2179 (Telchinas)
253 2113 393 2178 occiderit,
409 2114 463 2166 sive
476 2112 550 2181 quod
565 2115 644 2184 lupus
656 2115 686 2167 ei
701 2115 810 2182 ,primus
824 2122 889 2182 post
903 2110 1102 2188 interemptum

65 2180 238 2253 Pythonem,
255 2191 292 2234 e'x
315 2198 348 2235 eo
365 2181 426 2234 locu
442 2184 491 2250 (sui
507 2182 660 2263 appellatur
677 2184 783 2251 Tempe
801 2192 901 2235 aurum
916 2185 1023 2251 attulit,
1046 2187 1102 2241 siva

64 2252 147 2370 ‘prod
169 2249 314 2321 pastoralis
337 2247 403 2303 detis
426 2251 505 2372 lugs
527 2251 715 2318 interemerit,
739 2261 767 2304 et
791 2258 832 2304 est
857 2246 911 2305 alia
933 2253 1026 2307 fabula
1049 2266 1100 2308 cur

94 2319 157 2389 ycia
172 2324 269 2371 vocata
282 2318 320 2370 sit
335 2320 421 2387 regio.
483 2317 544 2372 ‘aua
560 2319 661 2374 harum
677 2320 823 2390 regionum
840 2322 979 2389 gaudebat
995 2332 1103 2390 venatu,

65 2386 119 2441 aad
136 2388 258 2458 quodam
274 2395 400 2457 tempore
417 2396 494 2442 tanta
510 2389 550 2440 vis
566 2388 696 2460 luporum
713 2406 741 2442 se
758 2391 798 2442 ibi
819 2390 934 2456 infudit,
956 2399 988 2442 ut
1001 2408 1102 2445 omnes

68 2458 145 2511 feras
168 2468 269 2510 cortun
297 2458 421 2509 incursus
446 2457 615 2510 absumeret:
645 2475 710 2509 cum
740 2474 807 2528 ergo
830 2458 921 2512 omnis
951 2461 1101 2515 oblectatio

66 2528 142 2580 deae
161 2536 238 2596 ‘quae
260 2525 295 2579 de
318 2526 462 2579 venatione
485 2525 624 2590 veniebat,
658 2526 781 2578 extinctis
803 2528 906 2581 ceteris
935 2531 1102 2583 animalibus

65 2596 232 2661 deiecisset,
253 2594 351 2663 Apollo
368 2599 381 2625 *
398 2592 535 2666 (Apollini)
560 2594 597 2646 ob
618 2593 690 2646 hanc
707 2608 768 2648 rem
787 2605 979 2649 consecratum
997 2604 1103 2666 (conse-

68 2663 162 2728 crata)
180 2672 228 2717 est.
260 2665 299 2715 -Et
319 2662 374 2716 alia
398 2663 432 2716 de
457 2665 509 2716 hoe
532 2662 638 2717 tabida:
664 2664 774 2717 Danaus
796 2666 909 2718 trahens
927 2667 962 2718 ab
979 2669 1102 2737 Aegypto

68 2730 228 2801 originem,
258 2748 323 2785 cum
345 2732 451 2785 videret
471 2734 514 2784 ira
537 2728 660 2801 Neptuni
682 2733 831 2785 vindictam
852 2738 999 2799 sumentis,
1028 2734 1104 2805 quod

69 2800 217 2857 adversm
239 2816 269 2853 se
294 2800 328 2854 de
349 2802 499 2853 condendis
522 2800 635 2852 Athenis
656 2802 771 2870 Hisagus
795 2802 975 2866 (iaschud)
1005 2800 1104 2857 fluvius

68 2884 124 2943 pto
140 2871 270 2923 Minerva
293 2868 450 2934 iudicasset,
475 2863 518 2920 uri
541 2870 707 2920 siccitatibus
724 2870 826 2939 solum,
849 2872 935 2923 filiam
950 2876 1104 2941 Aymouem

68 2938 242 3009 (Amymon.)
266 2938 301 2992 a'd
329 2954 431 3009 amiam
454 2938 648 3007 inquirendam
672 2938 808 3005 proficisci
833 2940 924 3005 iubet,
946 2957 1016 3009 quae
1038 2956 1104 2995 cum

68 3008 184 3062 vidisset
205 3016 351 3074 repertum
368 3010 488 3072 sontem,
512 3007 589 3058 hiatu
605 3014 697 3060 terrae
715 3013 874 3075 receptum,
897 3013 1045 3071 exaruisse,
1069 3012 1105 3064 ad

71 3080 185 3149 patrem
208 3073 318 3128 detulit:
341 3092 396 3144 quo
417 3076 464 3128 ille
487 3073 613 3145 prodigio
635 3084 789 3127 commotus
814 3079 957 3129 oraculum
974 3077 1105 3151 Apollinis

71 3146 143 3212 adit,
159 3145 205 3196 cui
223 3145 319 3215 Apollo
335 3145 490 3214 respondit,
513 3152 544 3195 ut
560 3145 698 3214 proiectus
723 3144 768 3194 ubi
786 3146 931 3199 invenisset
948 3156 1058 3199 taurum
1076 3156 1106 3203 et

68 3212 170 3288 hiptum
187 3211 260 3265 inter
277 3231 306 3266 se
323 3221 491 3280 pugnantes,
513 3217 651 3279 spectaret
668 3212 769 3264 exitum
787 3231 822 3284 pu
844 3234 911 3280 nas,
926 3224 957 3268 et
972 3216 994 3267 si
1010 3225 1105 3270 taurus

72 3284 195 3348 vicisset,
218 3278 345 3352 Neptuno
368 3279 472 3352 templa
495 3282 686 3333 constitueret:
709 3281 731 3332 si
750 3230 907 3353 veroiupus
925 3285 1041 3353 Apollini
1059 3286 1106 3339 de·
1168 3340 1173 3348 ,

70 3354 187 3406 labrum
203 3357 333 3403 sacraret
367 3349 419 3403 Sed
435 3367 500 3401 cum
511 3350 621 3401 Danaus
638 3350 734 3417 lupum
750 3349 854 3404 videret
867 3351 971 3417 vicisse,
987 3354 1106 3421 Apollini

73 3420 160 3490 Lycio
176 3420 312 3490 templum
328 3418 418 3471 dedit:
434 3419 463 3470 in
479 3419 560 3471 huius
577 3425 670 3470 autem
681 3419 780 3487 Lyciae
797 3420 904 3488 regioni
917 3421 1016 3475 Patara
1028 3432 1106 3479 tacer

74 3493 143 3544 olim
166 3489 244 3555 lucus
260 3486 377 3540 A'ollini
394 3488 460 3554 tuit,
484 3484 532 3537 uhi
549 3486 644 3558 Apollo
666 3502 795 3558 responsa
813 3488 903 3556 dedit,
929 3492 1001 3543 unde
1019 3492 1105 3545 etiam

73 3560 207 3614 Patareus
222 3502 372 3628 appeilatus
390 3564 437 3608 est.
472 3556 557 3608 Nunc
574 3557 639 3608 Iove
658 3558 762 3608 missus
781 3560 814 3609 nb
834 3561 894 3626 ipso
904 3581 913 3626 ς
937 3560 1007 3625 sicut
1022 3577 1106 3631 supra

75 3628 174 3696 (356.):
197 3624 232 3677 ah
249 3628 323 3697 ipso,
339 3638 450 3693 magno.
485 3626 522 3675 Et
537 3625 608 3679 bene
627 3640 702 3676 nunc
720 3629 827 3697 saepius
843 3629 935 3695 posuit
951 3629 985 3680 ad
1002 3629 1106 3681 irrisio·

73 3716 155 3762 nem,
235 3691 257 3747 si
273 3710 346 3748 nunc
364 3695 398 3746 de
416 3699 443 3746 te
461 3703 570 3758 essi-ant,
594 3697 641 3764 qui
659 3704 722 3746 siste
739 3697 905 3766 periclitanti
922 3714 980 3751 non
995 3714 1105 3750 curave·

74 3774 140 3819 nint
153 3781 188 3816 su
208 3765 309 3818 venire.
325 3786 358 3801 ··-
392 3769 453 3820 378.
476 3761 603 3816 Horrida
629 3765 725 3827 iussa,-
750 3773 777 3816 et
799 3765 853 3816 hoc
875 3783 925 3836 per
947 3762 1106 3820 irrisionem

75 3835 151 3905 quasi
170 3834 252 3905 plena
268 3830 466 3893 venerationis,
488 3833 531 3884 vel
553 3850 625 3901 quae
647 3841 678 3882 tu
701 3831 820 3898 timeas]
837 3858 871 3872 ·-
905 3840 965 3892 379.
987 3834 1106 3902 Quietus

77 3906 228 3963 sollicitat}
253 3901 351 3954 Cicero
375 3901 402 3952 in
425 3899 503 3954 libris
525 3902 561 3955 de
582 3903 698 3954 deorum
720 3911 819 3954 natura
842 3902 978 3973 triplicem
1001 3905 1036 3957 de
1053 3904 1106 3957 diis

77 3974 166 4037 (codd.
180 3973 236 4033 his)
253 3970 320 4022 dicit
331 3986 389 4022 esse
403 3972 570 4038 opinionem.
605 3971 677 4022 Deos
693 3988 748 4022 non
767 3989 840 4024 esse:
857 3971 933 4023 cuius
950 3972 992 4025 rei
1009 3981 1106 4026 auctor

77 4041 149 4110 apud
165 4040 284 4095 Athenas
308 4047 414 4092 emistus
438 4046 486 4092 est.
528 4041 608 4104 Esse,
631 4047 660 4092 et
681 4039 753 4093 nihil
775 4056 889 4094 curare:
912 4048 944 4091 ut
966 4040 1105 4109 Epicurei.
