2454 4500
192 285 228 325 a
251 254 407 327 uranu.
429 265 601 331 acuatu.
623 265 704 332 na
726 254 786 346 111,
808 275 1003 341 284-291.
1054 220 1120 341 ru

73 447 105 499 in
131 448 259 501 eundem
282 448 375 501 locum
398 448 604 504 recurrentibus
628 451 721 518 (codd.
746 461 857 523 praeter
880 453 970 507 Guelf.
993 455 1015 507 Ι.
1042 455 1117 518 elea).

72 517 111 566 Et
128 516 188 568 hoc
213 517 257 586 (al.
276 518 355 584 binc,
380 534 401 571 s.
419 520 476 581 laic)
492 521 539 586 fit,
562 528 593 571 ut
616 534 698 591 supra
722 527 764 590 (l,
781 522 853 583 269.)
870 522 999 588 diximus,
1022 540 1118 578 secem·

73 585 146 636 dum
166 585 310 638 Ciceronis
326 589 520 655 Hortensium,
543 595 605 659 post
628 602 715 640 anuos
731 589 789 642 xit.
814 591 889 644 mille
914 590 1003 658 (codd.
1020 593 1117 645 Burm.
1140 640 1143 647 .

75 661 104 705 et
121 653 158 706 al.
180 652 283 720 millia,
299 655 342 709 vsl
356 655 449 721 milia)
467 665 621 724 nongentos
637 658 836 726 qrnnquaginta
854 658 955 725 (Guelf.
968 661 989 712 Ι.
1001 660 1115 714 cluodeo.

75 722 159 775 milia
174 723 339 792 quingentos
355 725 470 794 triginta
483 725 569 793 qrrat.)
586 724 712 794 quatuor,
728 725 880 780 solstitiales
893 725 1003 782 scilicet
1039 730 1115 784 Bene

76 806 146 860 ergo
165 807 241 843 nunc
259 809 393 860 magnum
411 795 531 858 addidit,
554 810 589 846 ne
613 792 741 847 lunarem
763 794 901 864 intelliges
929 794 1015 861 rriu]s;
1041 796 1114 852 bene

78 862 150 911 solis
168 875 289 924 nomen,
306 879 357 926 ne,
374 863 438 931 quia
454 865 561 915 dixerat
578 876 728 928 inagnum,
750 860 829 915 illum
846 864 912 931 [VII.
957 863 1114 925 lanetarusn

77 929 136 981 acci
158 927 307 997 ere[mu]s:
330 930 365 982 de
382 946 437 999 quo
454 931 529 982 varia
545 930 675 997 dicaretur
692 938 721 983 et
736 949 752 982 a
769 930 898 986 Mentore
915 882 1052 999 (datore)
1083 942 1113 988 et

78 996 113 1049 ab
129 948 261 1063 deroso,
283 1005 312 1048 et
334 1016 352 1050 a
366 996 540 1063 Ptolomaeo,
563 1007 591 1051 et
613 997 649 1051 ab
672 997 733 1080 ipso
751 994 850 1051 Tullio.
884 999 959 1052 Nam
980 998 1010 1053 in
1032 971 1113 1054 libris

78 1064 119 1118 De
135 1066 264 1116 Deorum
280 1071 381 1119 natura
397 1072 439 1135 (2,
456 1066 511 1130 20.)
535 1069 592 1117 tria
617 1064 709 1118 milita
728 1083 869 1120 annorum
887 1067 953 1122 dixit
976 1086 1112 1138 magnum

80 1146 188 1184 annum
207 1145 305 1185 tenere.
341 1133 496 1203 [Possumus
513 1143 609 1188 tamen
626 1134 768 1204 accipere,
792 1136 926 1188 Troianos
949 1135 989 1190 ibi
1006 1154 1111 1195 annum

79 1201 224 1255 duodecim
246 1202 384 1255 mensium
406 1203 521 1269 iecisse]
539 1230 573 1241 -
607 1209 668 1261 286.
686 1204 753 1255 Aere
778 1217 846 1257 cano
871 1205 1014 1274 clypeum3
1037 1206 1111 1260 aeris

80 1273 149 1322 cavi:
174 1278 206 1321 ut
229 1276 271 1339 (1,
287 1271 357 1335 75.):
382 1270 502 1322 Pulchra
527 1270 612 1340 prole.
649 1267 796 1340 [clypeum
819 1272 865 1324 hic
888 1276 1055 1344 masculino,
1081 1282 1111 1329 at

80 1347 175 1392 neutro
198 1339 267 1391 alibi
292 1340 336 1405 (9,
352 1340 441 1403 709.):
467 1341 601 1407 Clypeum
624 1343 821 1407 superintonet
845 1343 876 1392 in
896 1340 966 1408 ens]
1005 1342 1110 1412 Magni

83 1419 217 1474 gestamen
235 1408 355 1459 Abantis
361 1431 371 1471 ‚·
389 1409 541 1478 persrdtima
557 1409 643 1461 babet
659 1415 818 1471 nocentium
836 1419 864 1462 et
877 1360 954 1463 iruna
970 1408 1109 1466 Abantem

84 1475 262 1544 intelligamus
280 1477 401 1528 occisum
419 1491 484 1527 cum
501 1475 627 1545 Adrogeo
652 1476 737 1545 [apud
754 1466 884 1543 Troiam,
906 1486 938 1529 ut
959 1482 1002 1546 (2,
1013 1481 1110 1551 Ι389.)ε

85 1543 219 1595 Mutamus
237 1546 363 1612 clypecs;
379 1546 428 1596 sed
445 1544 572 1613 Virgilius
589 1561 701 1610 amans,
715 1544 827 1598 inventa
844 1546 995 1612 occasione,
1010 1564 1108 1605 recon-

86 1612 134 1665 tiu
156 1630 282 1684 qttseque
311 1613 472 1665 summatim
495 1621 523 1665 et
545 1616 689 1694 antiquam
712 1612 875 1679 contingere
902 1615 1041 1681 fabulam,
1072 1615 1108 1671 ds

85 1680 268 1734 Abanted'mit:
286 1680 381 1732 Aiane
393 1698 514 1749 namque
521 1681 625 1750 Lyncei
634 1689 663 1734 et
669 1683 902 1749 Hypermnestrae
916 1681 988 1735 lilius
1002 1684 1107 1736 viribus

88 1759 230 1817 praestans,
255 1767 320 1803 cum
336 1750 436 1802 vicinas
460 1750 583 1802 civitates
606 1749 793 1815 subvertisset,
821 1766 991 1819 magnusque
1014 1757 1107 1807 terror

89 1818 205 1872 universis
230 1813 314 1884 esset,
337 1819 413 1873 diem
437 1835 597 1888 supremum
621 1816 703 1870 obiit:
733 1817 829 1886 populi
853 1826 946 1871 autem
969 1835 1037 1888 quos
1059 1817 1106 1874 ille

91 1884 224 1953 devicerat,
247 1900 335 1956 reguo
353 1887 411 1938 eius
426 1887 535 1950 infesti,
557 1902 644 1938 manu
660 1887 734 1938 facts
757 1886 858 1937 urbem
875 1883 993 1938 dirirttsri
1010 1901 1106 1940 muros

91 1955 197 2022 nibiere,
221 1972 341 2024 cumque
358 1953 388 2006 in
406 1971 438 2007 eo
457 1963 561 2020 essent,
585 1962 615 2004 ut
631 1953 690 2005 iam
706 1954 821 2006 civitatis
837 1955 1006 2025 potirentur,
1023 1971 1106 2010 senex

91 2023 186 2090 quidam
208 2024 338 2076 iuvenem
362 2026 490 2092 egregiae
514 2024 622 2074 formae
644 2036 773 2074 securum
802 2021 832 2073 in
854 2021 966 2092 publico
1000 2022 1104 2078 excidio

90 2093 313 2158 amasinum,
330 2108 449 2165 cumque
466 2108 498 2143 ex
515 2107 547 2142 eo
566 2092 716 2160 quaesisset
731 2105 781 2141 cur
798 2093 907 2160 patriae
923 2104 981 2144 non
997 2106 1107 2146 succur-

91 2169 161 2227 reret,
185 2169 213 2214 et
228 2159 430 2228 respondisset,
453 2159 527 2227 quod
550 2176 630 2212 arma
651 2175 709 2211 non
730 2156 863 2224 baberet,
885 2167 951 2210 tunc
972 2174 1054 2214 senex
1078 2161 1106 2216 d

90 2228 181 2281 Abantis
204 2245 285 2282 arma
309 2236 467 2282 consecrem
490 2229 673 2293 demonstrat,
696 2227 878 2295 hortaturque
902 2237 933 2277 ut
951 2228 990 2280 eis
1015 2235 1105 2284 utere·

90 2298 245 2366 nequibas
261 2305 327 2349 tunc
345 2295 459 2367 sumptis
476 2296 580 2347 iuvenis
615 2314 646 2348 ro
668 2295 773 2348 eratin
786 2296 884 2348 aciem.
918 2295 1015 2349 Hostes
1031 2315 1105 2365 vero,

90 2363 261 2418 mundantis
289 2369 399 2434 clypeo,
421 2367 560 2433 fugeruut.
594 2313 713 2433 guidam
736 2381 802 2416 sone
826 2365 958 2414 Abantem
981 2362 1104 2418 invento-

89 2436 245 2506 rem'clypei
267 2437 377 2499 feriunt,
399 2435 448 2486 sed
470 2433 524 2484 hoc
548 2449 650 2486 nomeu
673 2433 705 2484 in
728 2430 882 2501 penultima
899 2432 1002 2500 syllaba
1018 2432 1104 2488 hebet

90 2513 225 2555 accentum.
242 2530 278 2541 -
313 2509 375 2560 287.
393 2502 523 2553 Postibus
542 2502 669 2553 adversis
690 2501 771 2569 figo5
796 2503 924 2572 proprie,
944 2502 1001 2570 figi
1026 2503 1103 2554 enim

88 2569 306 2638 tona‘dieuntur,
329 2580 360 2620 ut
378 2575 421 2637 (9,
437 2570 523 2632 adal:
551 2572 638 2621 Sacra
667 2572 703 2620 ad
716 2571 843 2638 fastigia
865 2571 938 2638 firi.-
966 2578 994 2622 et
1015 2571 1103 2624 scien·
1159 2598 1163 2607 ·

86 2634 154 2706 rum,
173 2642 248 2693 inter
265 2647 384 2692 sacratas
400 2656 445 2691 res
463 2639 548 2692 etiam
572 2640 644 2690 dona
669 2655 744 2704 esse,
767 2639 837 2689 sicut
859 2641 889 2689 in
912 2636 990 2690 libris
1006 2631 1113 2690 Sacro·l

86 2720 137 2758 rum
156 2709 306 2773 invenitur,
336 2724 406 2776 quas
429 2709 535 2759 tamdiu
561 2706 635 2758 dona
658 2705 713 2758 dici
737 2714 863 2776 possum,
907 2704 1020 2759 usmdiu
1042 2722 1102 2760 non

85 2777 257 2842 profanentur.
291 2778 355 2828 Rite
380 2791 447 2844 ergo
469 2777 599 2827 dicendo:
623 2775 730 2826 Aeneas
748 2772 815 2824 baec
833 2775 865 2831 de
913 2778 999 2831 anais
1016 2779 1101 2827 victo-

86 2844 153 2896 n'les
169 2863 258 2911 arma,
276 2845 394 2897 ostendit
409 2845 538 2911 clypeum
555 2859 639 2911 quern
656 2844 728 2895 dono
747 2834 885 2894 obtulerat
901 2850 1101 2897 consecratum.

84 2907 216 2966 Sciendum
238 2921 350 2979 tamen,
372 2914 446 2965 hunc
464 2913 591 2982 clypeum
614 2908 650 2962 ab
667 2913 760 2962 Aenea
784 2910 857 2990 apud
880 2910 1101 2965 Samothraciam

81 2978 110 3031 in
120 2984 215 3053 templo
233 2990 443 3046 consecratum,
466 2983 539 3050 quod
556 2984 637 3049 po'e'ta
652 2994 704 3048 per
722 2986 870 3031 transitum
886 2977 997 3062 tetigit]
1030 2978 1100 3032 Rem

83 3055 193 3102 carmine
211 3054 310 3119 sign03
336 3067 408 3115 rem,
425 3057 531 3115 votum,
555 3049 573 3102 i.
591 3065 615 3101 e.
632 3048 809 3100 voluntatem.
843 3048 987 3116 [Carmine
1004 3057 1100 3102 aunem

81 3117 290 3185 epigrammate]
338 3120 375 3169 Et
396 3116 554 3183 sciendum,
589 3131 701 3167 carmen
728 3113 797 3181 dici,
848 3116 958 3184 nicquid
984 3118 1099 3187 pedibus

67 3188 230 3241 cosman.
264 3189 339 3239 Nam
356 3194 383 3240 et
400 3187 445 3238 hio
464 3187 551 3237 unum'
567 3199 676 3237 versum
694 3197 807 3234 carmen
845 3185 850 3195 ‘
868 3183 905 3236 it:
923 3186 995 3237 etin
1012 3183 1101 3236 Buco-

77 3250 208 3323 licisduo,
230 3265 262 3307 ut
280 3258 322 3324 (E.
341 3263 372 3320 5,
387 3255 456 3315 ⁴433:
480 3257 588 3306 tumulo
614 3248 792 3320 superaddite
816 3270 943 3316 carmen,
965 3250 1100 3320 Daphnis

79 3340 123 3389 ego
145 3328 173 3376 in
202 3327 286 3376 silvis
310 3320 380 3375 hinc'
403 3341 489 3393 usqne
514 3325 551 3373 ad
575 3322 669 3372 sidera
702 3333 800 3387 notus,
830 3320 961 3373 Formosi
989 3325 1099 3390 pecoris

79 3404 162 3444 curtos
180 3395 341 3464 formosior
367 3394 434 3459 ipse.
451 3419 486 3429 —·
520 3397 582 3449 288.
606 3388 650 3441 De
674 3390 789 3442 Danais
813 3389 982 3454 victoribus,·
1007 3391 1105 3463 irrisio,

78 3467 127 3522 est3
147 3471 176 3513 nt
193 3470 236 3529 (2,
253 3462 341 3525 368.):
370 3462 547 3525 Victoresque
567 3460 673 3510 cadunt
689 3460 796 3510 Danai.
833 3458 966 3510 thsudis
989 3467 1098 3512 autem:
1161 3501 1165 3508 .

77 3546 149 3580 arma
172 3534 372 3596 consecravit,
397 3530 440 3583 vel
465 3529 563 3596 posuit.
606 3527 676 3580 Sane
701 3527 746 3580 hic
771 3541 849 3580 arma
865 3527 992 3596 clypeum
1009 3527 1099 3582 solnm

73 3597 174 3667 dictim,
197 3609 229 3650 ut
251 3604 312 3665 ((0,
330 3534 416 3660 841,[)ι
439 3599 473 3648 At
489 3597 619 3646 Lausum
643 3600 716 3649 socii
741 3598 896 3648 exanimem
915 3611 998 3661 super
1016 3615 1097 3649 arma

68 3667 197 3736 serebant.
218 3663 253 3706 ’-
288 3673 349 3725 289.
368 3666 511 3734 Linquere
530 3677 588 3715 tum
607 3676 720 3732 portus;
739 3667 755 3717 i.
776 3666 799 3718 e.
817 3673 877 3734 post
892 3664 1098 3718 insultationem

72 3739 196 3790 carminis
219 3738 374 3789 necessario
397 3737 491 3787 statim
514 3732 606 3802 fugit]
629 3761 663 3772 -
704 3740 766 3792 291.
792 3736 894 3785 A'e'rias
918 3750 1012 3798 arcer,
1037 3735 1055 3786 i‘.
1073 3738 1096 3788 e.

70 3807 140 3859 abas.
165 3806 351 3869 Phaeacum,-
376 3805 528 3871 Corcyram
551 3804 668 3855 insulam
692 3804 771 3868 dicit,
794 3804 876 3854 sitam
892 3800 964 3855 inter
981 3801 1099 3871 Epirum
1143 3830 1145 3834 Α

70 3883 95 3928 st
110 3875 289 3938 Calabriam,
312 3874 361 3925 nbi
378 3874 504 3940 regnavit
520 3872 661 3937 Alcinous,
685 3874 781 3939 [qnam
804 3868 979 3922 incoluerunt
993 3871 1098 3940 Phoen-

68 3944 128 4011 cer.]
168 3943 392 4006 Abscondimus,·
424 3943 549 3992 nauticus
581 3956 672 3991 sermo
702 3948 756 4001 est;
787 3956 852 3991 saue
875 3938 949 3991 mira·
972 3954 1034 3990 usus
1058 3946 1100 3992 est

67 4014 219 4078 eeleritate,
244 4019 276 4062 ut
298 4019 362 4063 ante
388 4009 579 4086 absconditam
596 4023 680 4076 quam
697 4007 782 4059 visam
799 4007 918 4059 uistssam
934 3996 1047 4059 diceret
1066 4030 1098 4048 ‹-

839 4124 894 4182 w
