2454 4500
147 302 181 345 n
204 280 364 368 mecm
389 259 953 371 sanam.s1e.1x,2‘es-2so
1005 282 1082 350 ses.

38 465 174 519 inducero
198 468 379 538 postulantem
403 482 506 536 equum
523 465 609 519 Turni
626 465 746 537 praemii
769 465 843 530 loeo,
866 463 913 516 sed
928 461 1071 515 honestius

39 536 111 587 facit
128 536 199 586 ultro
218 537 326 601 offerri,
343 553 409 587 cum
425 538 560 587 Homerus
576 534 674 587 iecerit
689 532 828 584 Didonem
845 531 956 583 Achillis
974 542 1071 581 currus

38 602 170 673 improbe
188 605 378 671 postulantem.
392 626 431 659 =-,
464 611 526 660 270.
544 603 639 670 Ipsum
658 601 755 667 iltum3
781 615 796 653 e
816 616 883 651 uum
906 600 1009 651 scilicet
1025 597 1071 649 oui

38 673 263 740 enpronomine
288 671 398 723 'addidit
423 665 615 739 dignitatem]
633 664 670 737 ,-’-
718 677 779 727 271.
827 671 950 734 recipiam
982 667 1070 732 sorti3
1136 687 1141 699 ·

37 741 128 806 [extra
146 749 248 792 sortem
266 755 413 808 seponom,
437 747 467 789 ut
490 740 542 790 tibi
559 738 618 791 dari
643 739 761 806 possint,
783 736 857 802 isa]
880 744 990 806 praeter
1011 740 1071 785 s'or·

37 814 100 858 tem
124 806 204 859 dabo.
239 808 310 874 [lam
337 825 428 873 nunc,·
452 815 500 864 aut
520 807 576 858 iam
601 823 674 859 numo
698 802 840 873 excipiam.
857 820 892 844 -1
925 813 987 860 272.
1004 802 1072 853 Ma·

37 880 133 938 trum,-
156 892 221 926 cum
238 877 305 927 dicit
321 890 457 941 matrum,
474 875 633 929 nouaclum
650 891 745 928 sexum
764 873 895 938 ostendit,
917 873 965 924 sed
982 875 1069 924 etlam

36 951 155 1014 propter
177 946 299 995 muneris
321 946 431 996 laudern
455 944 511 994 vult
534 945 677 996 ostendere
701 942 840 995 fecundas.
862 967 897 979 -
937 949 999 999 273.
1018 939 1070 990 Car

38 1015 190 1077 privosque
209 1013 302 1076 datin·
327 1011 544 1064 subaudiendum
562 1012 603 1062 bis
628 1009 692 1076 sesa]
707 1037 743 1049 —-
777 1015 840 1068 274.
862 1011 982 1076 Insuper
1006 1007 1069 1072 his3

36 1081 230 1151 superhaec,
253 1082 305 1146 [est
327 1081 443 1148 figurata
468 1080 583 1130 elocutio
608 1097 658 1151 per
675 1074 796 1149 dativum
813 1077 926 1143 casune]
962 1077 1069 1144 Campi,

36 1149 115 1215 quod
134 1167 181 1198 rex
199 1147 281 1198 habet
297 1151 354 1215 ipse
372 1147 512 1211 Latinus3
536 1164 595 1198 mos
612 1151 717 1214 fuerat,
733 1152 763 1197 ut
780 1146 842 1199 viris
859 1145 991 1212 fortibus,
1013 1147 1069 1198 sive

36 1217 86 1282 (al.
104 1215 194 1281 atque)
211 1216 322 1283 regibus
339 1233 390 1283 pro
406 1217 513 1269 honore
530 1217 643 1269 daretur
667 1216 762 1285 aliqua¹
780 1210 885 1285 publici
906 1214 969 1280 agri
985 1214 1078 1284 parti-¹
1122 1256 1124 1261 .

35 1284 116 1349 cula,
148 1292 178 1334 ut
200 1283 297 1335 habuit
322 1284 486 1352 Tarquinius
510 1283 648 1352 Superbus
670 1285 700 1335 in
722 1298 823 1350 campo
846 1283 966 1348 Martio,
995 1280 1070 1352 quod

35 1352 158 1420 spatium
176 1351 210 1402 ab
228 1354 349 1404 Homero
365 1358 474 1420 τέμενος
490 1352 597 1404 dicitur.
629 1354 689 1404 Hoc
706 1368 774 1419 ergo
791 1352 865 1419 quod
881 1351 996 1403 Latinus
1015 1366 1068 1430 pro
1088 1368 1091 1379 ·

34 1419 146 1471 honore
165 1419 197 1473 de
214 1421 355 1490 republica
371 1423 476 1486 habuit,
493 1421 528 1491 ab
545 1421 660 1471 Ascanio
676 1420 859 1489 intelligamus
876 1437 934 1472 esse
952 1435 1078 1488 promte«.

36 1505 110 1539 sum.
127 1514 161 1525 -
195 1494 257 1546 276.
276 1489 386 1541 Pectore
403 1502 475 1556 toto;
501 1485 702 1539 omni'affectu.
736 1489 784 1561 [Et
800 1495 840 1538 est
863 1487 897 1542 de
912 1487 1068 1558 proverbio.
1157 1546 1161 1555 ,

35 1555 139 1607 Cicero
156 1555 190 1609 de
206 1557 313 1623 legibus
332 1562 375 1625 (1,
393 1559 456 1619 18.):
473 1556 542 1608 Nisi
560 1568 614 1607 toto
633 1569 740 1624 pectore
759 1567 888 1622 amatur„
906 1570 936 1608 us
953 1556 1067 1608 dicitur·

36 1624 114 1676 Cum
131 1626 206 1676 enim
223 1625 289 1677 dicit
306 1638 336 1676 ut
351 1627 463 1691 dicitur,
481 1624 599 1676 ostendit
614 1620 803 1693 prouerbialeJ
815 1650 862 1685 -,
883 1629 944 1682 279.
961 1624 1068 1675 Rerum

36 1694 242 1757 verborumque
260 1692 351 1761 fides,
373 1702 400 1748 et
423 1693 626 1761 rempublicam
649 1692 701 1744 tibi
717 1691 905 1758 committam,
929 1700 958 1745 et
972 1700 1068 1754 tecum

37 1775 125 1812 omne
150 1762 361 1816 communicabo
385 1764 537 1820 consilium.
561 1789 595 1799 -
637 1766 700 1818 280.
731 1761 853 1829 [Contra
885 1778 965 1828 quem
994 1761 1067 1811 tatia
1164 1766 1171 1773 ‘

28 1828 120 1899 fatur
138 1830 296 1896 Euryalus3
320 1847 370 1880 cur
396 1846 460 1881 cum
485 1830 590 1881 duobus
615 1830 651 1879 sit
670 1829 777 1880 locutus
793 1831 923 1881 Ascanius
948 1837 976 1889 et
996 1831 1067 1880 unus

32 1898 79 1949 illi
105 1897 259 1967 respondit,
280 1898 305 1978 i..
321 1917 346 1978 e.
363 1898 514 1979 'Euryalum
538 1899 551 1931 *
574 1905 602 1978 et
624 1898 770 2016 mitiorpie
793 1902 838 1966 (et
858 1892 971 1979 minor?
993 1896 1068 1964 quia)

33 1966 157 2032 Euryalo
181 1973 210 2018 et
237 1966 415 2018 lamrharius.
448 1974 476 2020 et
497 1974 631 2036 posterius
659 1973 701 2019 est
733 1975 843 2032 ocutus,
871 1966 970 2018 demde
993 1965 1068 2033 quod

33 2032 173 2102 Esuyalue
200 2042 320 2086 matrem
344 2024 542 2088 commendare
558 2031 676 2098 debeat]
692 2061 727 2072 -
760 2040 822 2092 281.
841 2031 888 2085 Me
908 2034 1085 2102 nulla-dies·

35 2109 106 2164 etc,
132 2101 237 2152 abhoc
255 2102 343 2153 officio
362 2112 390 2156 et
411 2103 448 2155 ab
470 2103 524 2155 hac
541 2102 656 2155 audacia
673 2118 784 2155 accessu
800 2104 934 2172 temporis
950 2102 1067 2154 inferior

34 2184 96 2221 non
113 2169 268 2239 probabas,
291 2171 485 2240 qualiscunque
507 2174 618 2224 fortuna
641 2169 797 2223 comitetur.
828 2171 867 2238 [t
884 2190 908 2224 e.
923 2187 1069 2239 nunquam

36 2244 87 2287 aut
103 2246 162 2290 tam
180 2238 298 2293 secunda
314 2241 426 2291 fortuna
443 2239 588 2304 acciderit,
603 2247 651 2291 aut
666 2248 727 2291 tam
744 2237 865 2304 adversa,
881 2247 913 2290 ut
928 2256 975 2292 me
992 2238 1068 2291 dissi·

35 2305 138 2359 milcm
162 2304 220 2357 mei
244 2307 342 2372 faciat,
370 2308 424 2359 hoc
448 2315 489 2359 est
511 2324 601 2375 neque
624 2307 749 2359 secundis
771 2307 952 2368 intumescam
975 2325 1086 2376 neqsss,

36 2372 157 2425 adversis
175 2373 307 2440 deiicien]
323 2403 357 2414 -
392 2373 888 2439 282.'Tantum;tant11mmodolsoc
905 2391 1016 2442 possum
1033 2377 1068 2428 de

36 2457 86 2493 sne
103 2442 280 2512 promittere,
298 2452 328 2493 ut
344 2461 453 2511 semper
469 2445 602 2510 audeam,
617 2461 726 2514 semper
742 2445 826 2499 velim
840 2445 949 2496 fortiter
965 2444 1067 2513 facere.v

35 2510 111 2561 Nam
127 2509 181 2560 hoc
198 2518 239 2561 est
255 2510 328 2578 quod
344 2512 423 2563 dicits
443 2511 512 2563 Tam
525 2512 656 2581 fortibus
673 2515 754 2565 ausis
772 2513 949 2565 Dissimilem
967 2529 1068 2579 argue·

38 2581 86 2629 rit.
120 2578 242 2647 Tantum
259 2594 326 2646 ergo
344 2595 447 2639 meum,
457 2589 498 2632 est
513 2580 572 2632 hoc'
583 2582 761 2651 promittere,
778 2581 832 2633 sive
849 2596 994 2650 prospera,
1010 2581 1066 2633 sive

36 2646 152 2698 adversa
167 2648 277 2697 fortuna
307 2649 468 2710 comitetur;
495 2665 563 2703 nam
594 2661 644 2698 cut
667 2649 828 2703 disiunctiva
854 2648 989 2717 particula
1019 2655 1068 2714 est,

37 2730 96 2765 non
119 2713 245 2780 negantis
261 2715 430 2767 adverbium.
463 2714 595 2783 [Quidam
617 2717 657 2767 sic
680 2717 851 2783 intelligunt,
874 2714 1066 2767 tantummodo

37 2783 298 2851 iortuna‘prospera
322 2799 378 2834 non
400 2783 430 2835 in
446 2783 619 2834 eontrarium
640 2785 761 2848 recidat,
782 2791 916 2850 tanquam
938 2800 1012 2850 nunc
1035 2784 1067 2836 in

38 2850 163 2904 secundis
180 2849 262 2900 rebus
279 2850 313 2899 sit
330 2867 393 2901 cum
411 2847 575 2902 obsideatur.
609 2851 662 2903 Alii
677 2851 717 2904 ita
733 2858 844 2921 putant:
861 2867 907 2903 me
921 2852 995 2903 nulla
1009 2853 1066 2905 dies

37 2916 200 2970 dissimilem
218 2918 400 2985 argpet‚'sive
417 2916 486 2984 meae
505 2925 545 2971 est
561 2918 643 2970 hodie
660 2921 772 2972 fortuna
788 2920 987 2988 permanserit,
1011 2921 1066 2973 sive

38 2985 124 3037 etiam
141 2985 213 3037 laeta
229 2984 327 3049 fuerit,
350 2985 367 3037 i.
385 3003 425 3050 e.,
448 3001 500 3036 nec
517 2985 540 3036 si
556 2985 674 3038 feliciter
691 2987 774 3052 mihi,
796 3004 848 3038 nec
870 2985 894 3038 si
917 2986 1066 3042 infeliciter

38 3053 166 3121 cesserit,
182 3053 317 3105 dissimilis
335 3069 383 3105 ero
399 3052 464 3104 huic
482 3052 606 3106 conatui:
629 3061 658 3106 et
673 3055 771 3106 melius
786 3054 903 3122 legitur,
919 3055 979 3109 siue
995 3054 1067 3129 aspi-

37 3121 162 3188 ratione,
184 3122 203 3172 i.
223 3139 264 3187 e.,
290 3133 338 3173 aut
356 3119 545 3186 adversa.]-
578 3129 641 3180 283.
657 3122 745 3189 Super
769 3125 972 3191 omnisciens,
995 3126 1067 3179 ultre

37 3189 133 3240 omnia
150 3189 249 3258 [magis
266 3207 351 3257 quam
369 3189 475 3252 omnia;
498 3192 611 3262 proprie
628 3191 702 3242 enim
720 3208 805 3256 super
821 3191 850 3244 ld
863 3192 1013 3261 significat,
1036 3200 1068 3244 ut

14 3259 72 3309 .sit
95 3273 146 3337 pro
171 3257 298 3310 omnibus
321 3257 416 3323 donis]
442 3283 476 3295 -
509 3265 572 3317 284.
596 3258 705 3310 Priami
727 3260 760 3327 de
781 3271 861 3326 gente
884 3273 1008 3322 vetusto;
1031 3261 1067 3315 de

10 3326 152 3379 'familia
193 3326 230 3377 Et
253 3326 324 3380 bene
349 3343 414 3379 eum
438 3326 523 3377 etiam
546 3343 579 3383 ex
594 3328 758 3394 cognatione
775 3329 958 3383 commendat.
991 3329 1067 3382 Nam

13 3388 166 3446 ''Ascanius
197 3410 282 3460 nepos
312 3402 352 3447 est
374 3394 479 3460 Briami
499 3411 560 3462 -per
585 3395 726 3449 Creusam.
750 3423 784 3434 -
825 3401 887 3454 285.
910 3395 1064 3463 Miserrime

14 3470 18 3479 “
35 3478 109 3529 quae
125 3461 163 3512 sic
179 3459 357 3530 impatienter
375 3462 466 3530 diligit
488 3461 584 3515 titium.
602 3489 636 3501 -·
670 3469 731 3522 286.
748 3463 859 3515 Mecum
877 3466 1065 3529 excedentem

33 3536 67 3579 ut
86 3533 128 3594 (6,
147 3529 232 3590 112.):
258 3530 310 3582 Ille
329 3548 418 3581 meum
438 3532 588 3583 comitetur
606 3533 666 3585 iter.
700 3531 762 3584 Vult
778 3532 854 3585 enim
870 3531 1001 3601 intelligi,
1024 3535 1066 3587 sui

32 3613 118 3648 causa
142 3605 261 3649 matrem
286 3607 416 3650 secutam.
433 3624 468 3636 -
508 3605 570 3655 287.
593 3601 753 3668 [Ignaramg
780 3600 826 3653 hio
850 3602 997 3668 ignaram,
1020 3603 1066 3654 oui

31 3681 92 3717 non
110 3663 227 3732 dixerit]
263 3665 455 3732 Quodcunque
478 3668 578 3733 pericli
600 3680 654 3728 est;
678 3667 804 3739 syllepsis.
842 3668 916 3721 Nam
938 3670 1066 3737 subaudis

10 3792 15 3801 Ι
53 3733 232 3786 ericium-
266 3741 326 3791 288.
345 3735 432 3800 inque
450 3738 603 3786 salutatam
622 3738 735 3801 linquo;
756 3736 939 3791 insalutatam.
972 3739 1066 3795 Etest

59 3803 161 3866 meeis,
187 3808 218 3851 ut
241 3805 300 3866 (10,
317 3800 405 3865 794.):
428 3803 546 3856 Inutilis
571 3807 655 3871 inque
672 3806 779 3871 ligatus
798 3806 916 3857 cedebat.
932 3832 967 3847 «ι
1002 3813 1064 3866 289,

30 3868 120 3937 Quod
138 3886 254 3934 nequam
274 3878 340 3931 etc.;
357 3879 480 3935 excusat,
496 3890 531 3925 ne
548 3873 672 3925 videatur
689 3872 814 3935 crudelis.
847 3871 924 3927 Unde
940 3876 1064 3943 sequitur

27 3937 131 3994 matris
150 3938 207 3988 eius
224 3939 342 4004 tragicus
359 3945 387 3988 et
405 3938 568 3991 miserabilis
583 3941 631 3997 ille
647 3947 809 4008 conquestus
825 3940 923 4005 (isaia
942 3941 1064 3997 Potuisti
1107 3936 1110 3945 ’

29 4009 161 4076 linquere
180 4006 270 4059 solam
291 4005 436 4076 Crudelis,
452 4015 480 4064 et
496 4008 558 4064 alia.
575 4034 609 4050 ···
644 4013 707 4072 290.
725 4007 853 4077 Inopem
869 4010 953 4065 modo
970 4011 1062 4065 arussii
1153 4046 1155 4051 «
