2454 4500
128 270 172 341 ss
327 348 331 359 1
383 265 527 333 saavu
550 234 902 338 somniaremus

129 452 285 505 Comitatus
301 446 420 514 Achate,-
443 450 571 520 diximus,
594 457 704 524 quaeri,
728 472 779 511 cur
794 457 912 513 Achates
928 460 1043 519 Aeneae
1069 464 1108 519 sit
1121 482 1153 521 eo

128 538 193 578 isses,
237 523 317 574 Varia
341 520 455 592 midam
478 523 621 591 dicamur,-
652 527 751 579 melius
774 535 868 582 tamen
891 528 945 581 hoc
970 533 1107 603 fingimur,
1134 544 1153 589 u

126 600 246 645 tractum
270 607 376 643 nomen
400 593 435 643 sit
464 609 481 643 a
506 591 613 645 Graeca
637 596 810 665 etymologia.
844 590 932 662 ''Ayos
955 604 1035 654 enim
1061 604 1153 659 dictem

125 660 294 727 sollicitudo,
315 674 385 728 qliae
407 676 507 728 regum
524 677 633 732 semper
650 673 691 716 est
706 681 807 718 comes.
823 692 858 705 -
893 676 954 727 313.
973 670 1070 740 Bina3
1088 661 1111 725 εἰ
1127 674 1153 727 ah

124 738 273 799 astrumque
290 733 410 793 reseras,
426 727 498 781 bene
515 727 580 781 dixit
597 729 673 797 hina.
709 731 737 784 si
754 735 789 786 ad
805 737 930 790 Aeneam
945 745 1083 807 tantum,
1093 742 1153 795 anti·

124 813 193 863 quus
212 808 270 850 mos
286 808 343 863 est,
366 805 493 867 utsupra
511 799 642 865 diximus,
666 803 733 852 bina
748 820 799 873 pro
817 806 922 857 duobus
939 811 1022 876 poni:
1045 812 1153 863 neutri

124 865 288 935 [interdum]
312 868 446 932 duplices.
480 866 551 918 Lato
569 869 667 938 ferra,·
685 871 703 921 i.
721 889 745 924 e.
761 871 810 925 lati
834 874 917 927 terri:
941 884 973 926 ut
990 876 1071 944 (75.)':
1096 877 1153 930 Pal·

125 935 191 985 chra
216 939 300 1003 prole.
337 937 374 1005 [Ι.
392 954 416 986 e.
439 936 571 1004 pulchrae
596 937 701 1006 prolis]
717 967 752 978 —
793 947 853 1000 314.
878 944 975 995 Media
1005 964 1068 997 sese
1094 949 1152 999 tulit

125 1006 207 1055 obvia
226 1003 317 1068 siloa,·
336 1019 421 1073 quam
438 1002 540 1056 Graeci
558 994 621 1070 idne
638 1012 748 1074 vocant,
765 1015 862 1076 poetae
878 1013 1028 1065 nominant
1046 1017 1152 1083 siloam,

122 1075 140 1127 i.
165 1089 189 1125 c.
219 1074 420 1127 elementorum
450 1074 625 1152 congeriem,
658 1077 731 1128 uride
761 1086 860 1130 cometa
887 1089 1083 1150 procreantur.
1120 1085 1152 1137 Et

123 1141 203 1192 multi
225 1145 333 1207 volunt,
364 1144 487 1194 Aeneam
513 1161 541 1193 m
566 1145 719 1214 horoscopo
744 1144 902 1215 Virginem,
930 1152 970 1218 [et
1002 1151 1046 1202 ibi
1070 1151 1152 1205 etiam

123 1211 278 1277 Venerem]
301 1209 436 1263 hahuisse.
470 1212 545 1263 Bene
570 1228 638 1280 ergo
662 1213 692 1264 in
716 1211 809 1267 media
831 1213 896 1269 silva
918 1218 1034 1288 virginis
1058 1218 1150 1274 habitu

122 1280 258 1333 Venerem
277 1278 302 1332 ei
319 1285 400 1350 poeta
416 1279 484 1330 facit
501 1294 659 1334 occurrere:
683 1282 762 1350 quia,
786 1293 818 1334 ut
839 1302 922 1357 supra
944 1289 1082 1356 diximus,
1104 1291 1149 1343 ve·

121 1364 188 1401 nere
218 1350 249 1400 iu
273 1343 386 1418 Virgine
408 1349 569 1414 coristituta,
599 1359 626 1403 et
649 1348 842 1405 misericordes
867 1367 1051 1425 procreantur
1075 1358 1150 1412 femi·

121 1436 189 1484 nae,
213 1425 243 1472 et
265 1416 317 1469 viri
340 1434 390 1489 per
415 1417 545 1468 mulieres
566 1419 662 1484 felices,
676 1417 760 1487 [seint]
776 1423 877 1487 flatui,
902 1428 931 1473 ut
953 1423 1108 1495 probamin
1122 1427 1149 1481 irs

119 1491 212 1542 Aenea
229 1487 374 1554 (quoniam
399 1483 590 1539 misericordia
607 1482 722 1539 Didonis
745 1491 888 1553 servatur).
904 1514 939 1529 ·-
973 1499 1037 1553 315.
1061 1493 1148 1564 Virgi-

121 1561 167 1609 nis
186 1574 218 1609 os
236 1551 416 1623 habitamque
433 1570 547 1621 gerens:
570 1551 677 1607 tultum
701 1562 729 1608 et
752 1559 893 1611 amictum.
928 1558 1057 1630 [Habitus
1080 1562 1148 1635 apud

118 1634 225 1679 veteres
241 1625 400 1688 dicebatur,
416 1631 476 1675 tam
494 1622 630 1692 corporis,
653 1638 738 1694 quam
754 1642 853 1680 eorum
870 1645 942 1710 ‹yuae
959 1641 1076 1702 propter
1092 1648 1146 1685 cor·

118 1710 169 1766 pus
185 1704 262 1747 seint:
281 1694 396 1757 etxbene
413 1708 511 1762 gerens
527 1708 585 1744 non
600 1690 714 1760 habens,
731 1695 805 1764 quod
822 1711 882 1764 gen
913 1704 1028 1752 utantur
1040 1698 1146 1766 ahena]

117 1790 153 1802 -
187 1771 248 1823 316.
271 1761 443 1830 Spartanaa;
467 1761 621 1819 Lacaenae.
655 1762 752 1833 Sparta
769 1765 845 1816 enirn
862 1767 888 1816 ci
907 1767 955 1819 'tas
973 1772 1017 1820 est
1032 1768 1145 1823 Laconi-

117 1849 182 1899 cae,
206 1830 254 1884 ubl
279 1841 343 1884 sunt
366 1831 474 1902 puellae
490 1831 648 1882 venatrices.
682 1828 819 1885 Redditur
836 1843 931 1887 autern
949 1853 1045 1903 caiisa,
1072 1836 1143 1919 virgo

116 1916 166 1952 our
191 1901 226 1954 sit
248 1901 278 1954 in
302 1899 387 1965 silvis,
410 1896 515 1950 scilicet
537 1907 652 1969 propter
675 1910 814 1954 venatum.
850 1903 1001 1969 Threi'ssa,·
1019 1907 1142 1959 'l'hratrts

116 1969 210 2023 Et·est
226 1967 338 2022 solutio:
355 1985 423 2020 nam
442 1964 563 2018 Thressa
581 1969 655 2020 lacit.
689 1969 764 2021 Sicut
791 1979 815 2033 5,
832 1975 920 2035 285·)=
939 1974 1039 2026 Crem
1057 1990 1141 2045 gent!

117 2036 226 2090 Pholoe·
262 2036 383 2090 Veniunt
399 2043 492 2088 autem
511 2034 545 2088 ab
564 2051 612 2103 eo,
637 2036 709 2106 quod
728 2044 768 2091 est
810 2037 874 2093 lires
891 2050 919 2094 et
936 2044 1012 2095 Cres.
1046 2045 1083 2096 Ut
1098 2060 1141 2097 au·

113 2115 172 2160 tem
188 2107 300 2158 Creissa
318 2121 375 2158 non
391 2105 483 2170 faciat,
498 2104 564 2156 illud
582 2109 629 2170 est,
647 2105 720 2172 qnod
739 2107 847 2171 Cressa,
863 2125 913 2180 per
930 2129 947 2176 η
964 2106 1141 2182 [simplicster]

114 2177 259 2240 scribitur,
282 2190 334 2226 nec
358 2180 448 2244 potest
469 2173 594 2243 recipere
612 2172 785 2228 solutionem.
821 2177 953 2229 Threissa
971 2197 1036 2232 vero
1054 2198 1103 2251 per
1117 2199 1139 2233 a

113 2240 319 2316 diphthongon,
349 2244 422 2294 unde
448 2248 476 2296 et
497 2242 648 2294 resolvitur.
689 2244 820 2312 Patigran·
850 2263 898 2296 suo
928 2247 1033 2300 scilieet
1054 2265 1137 2301 cursu

113 2313 195 2377 (Sane
213 2310 326 2382 quidam
339 2310 450 2380 fatigat
466 2325 516 2382 pro
528 2312 671 2379 fatigavit
688 2314 834 2381 accipiunt,
870 2332 979 2369 raesens
996 2331 1048 2386 pro
1065 2334 1137 2388 prac-

111 2385 208 2448 terito,
232 2384 302 2434 sicut
320 2390 348 2434 et
364 2383 549 2448 praevertitur
565 2395 616 2448 pro
634 2396 782 2447 praeversa
800 2333 914 2447 estil—
948 2392 1008 2443 317.
1032 2385 1136 2453 Harpa·

112 2452 182 2516 iice,·
206 2448 330 2521 [quidam
348 2467 364 2504 a
401 2459 460 2502 atre
477 2447 603 2518 Arpalico
621 2450 857 2517 (Romuliana),
885 2451 932 2520 qui
949 2467 997 2505 rex
1014 2456 1136 2522 Ainysno·

110 2520 221 2574 niorum
246 2520 351 2587 (Burni.
394 2532 574 2586 mymnaeor.)
592 2517 730 2572 Thraciae
753 2521 842 2588 gentis
866 2521 919 2571 suit
935 2523 990 2588 (ita
1007 2524 1135 2575 assultant

109 2590 219 2655 dicunt,
243 2596 275 2639 ut
298 2589 358 2656 ipse
376 2588 524 2640 Camillam
541 2605 557 2638 a
575 2586 689 2639 Metabo
707 2590 792 2650 lacit.)
825 2590 900 2640 Haeo
924 2600 1006 2659 patre
1027 2600 1134 2663 propter

107 2659 246 2712 feroc-‘am
271 2675 288 2709 a
312 2657 414 2707 civibus
439 2657 530 2726 pulso,
554 2671 586 2707 ac
610 2664 704 2725 postea
722 2658 827 2722 occiso,
849 2656 922 2724 frigit
944 2660 974 2710 in
996 2659 1088 2725 silvas,
1109 2666 1135 2713 et

108 2727 252 2779 venatibus
276 2723 481 2794 latrociniisque
498 2724 612 2777 vivendo
630 2722 668 2776 it'a
687 2727 802 2779 efferata
820 2725 870 2789 est]
888 2731 926 2792 (et
942 2726 1024 2779 huius
1042 2729 1134 2782 veloci·

106 2794 171 2847 tatis
196 2803 225 2848 et
248 2794 371 2847 exercitii
396 2796 469 2847 facta
494 2799 549 2857 est,
575 2799 607 2843 ut
629 2792 719 2844 subito
743 2795 779 2847 ad
803 2794 891 2844 vicina
915 2794 1021 2847 stabula
1044 2806 1134 2849 coacte

105 2863 200 2933 inopia
225 2864 400 2927 decurreret,
424 2869 465 2925 et,
487 2869 567 2932 rapto
591 2876 723 2931 pecorum
747 2866 821 2927 fetu,
853 2862 1029 2933 insequentes
1054 2864 1135 2918 etiam

106 2935 211 3002 equites
235 2932 265 2985 in
283 2932 424 2984 celeritate
441 2931 553 2991 vitaret;
578 2931 625 2982 sed
642 2932 763 2997 quodam
780 2941 908 3001 tempore
926 2932 1021 3001 positis
1038 2934 1072 2985 ad
1094 2935 1132 2986 in·

104 3002 185 3053 sidias
203 3014 350 3054 cervarum
368 2999 471 3068 plagis,
495 3007 578 3063 capta
596 3004 624 3050 et
642 3001 728 3051 occisa
747 3009 801 3053 est:
824 3002 901 3051 corius
919 3010 1048 3053 mortem.
1058 3004 1133 3055 nobi·

102 3071 190 3124 litavit
208 3085 306 3123 eorum
325 3067 425 3134 exitus,
442 3065 489 3147 qui
507 3084 570 3118 eam
589 3064 762 3121 occiderunt:
786 3071 878 3120 statim
897 3068 971 3121 enim
989 3071 1019 3124 iu
1037 3071 1134 3125 vicinia

104 3149 164 3192 orta
182 3146 323 3192 contentio
342 3146 396 3203 est,
414 3150 489 3188 cristis
506 3134 601 3189 suisset
618 3134 738 3201 haedus,
762 3154 846 3204 quem
863 3139 1017 3207 Harpalyce
1034 3155 1133 3206 rapue-

101 3216 161 3274 rat,
184 3207 223 3261 ita
241 3217 272 3259 ut
288 3205 365 3273 gravi
382 3205 550 3269 certamine,
572 3220 628 3259 non
646 3205 705 3256 sine
723 3205 848 3273 plurimis
866 3208 1002 3258 mortibus
1020 3208 1134 3262 dimica·

99 3285 185 3329 retur.
226 3279 323 3329 Postea
347 3274 514 3327 consuetudo
538 3279 644 3326 servata
668 3278 722 3337 est,
748 3279 778 3323 ut
800 3275 835 3327 ad
859 3275 998 3327 tumulum
1021 3279 1133 3347 virginis

100 3344 197 3412 populi
214 3344 409 3410 convenirent,
427 3351 454 3394 et
472 3350 600 3409 propter,
617 3339 803 3410 expiationem
821 3361 871 3412 per
891 3342 1048 3414 imaginem
1065 3362 1133 3417 pug-

99 3431 153 3467 nae
176 3412 393 3475 concurrerent.)
433 3409 508 3462 Haec
533 3417 587 3473 est,
611 3426 682 3481 qliae
708 3416 817 3476 patrem
847 3428 944 3464 senem
968 3424 1084 3478 saptiam
1114 3430 1133 3469 a

99 3481 192 3545 Getis,
222 3484 270 3550 [ut
294 3480 341 3534 alii
366 3478 474 3544 volunt,
498 3495 514 3530 a
539 3477 793 3546 Myrmidonibus,]
817 3482 930 3534 collecta
954 3481 1133 3538 inidtitudina

97 3545 226 3603 liberavit
236 3547 359 3615 celerius,
376 3545 508 3616 quamde
524 3547 630 3601 semina
647 3548 723 3600 credi
742 3555 839 3615 potest.
873 3549 951 3603 Unde
969 3556 997 3601 et
1012 3552 1132 3609 flumina

96 3619 198 3671 dieitur
216 3614 355 3670 celeritate
379 3615 504 3668 transire.
544 3614 687 3669 Volucrem
706 3612 829 3668 Hebrum
833 3639 847 3683 ,-
872 3618 994 3669 multum
1016 3622 1132 3688 quidem

95 3686 183 3743 laisdis
207 3684 318 3738 flumini
342 3682 464 3750 epitheto
490 3679 596 3735 addidit
619 3686 711 3751 (codd.
737 3689 854 3738 muitum
880 3698 973 3737 autem
991 3689 1131 3755 epitheton

89 3756 229 3828 flaminis
255 3755 316 3805 eius
342 3753 452 3807 addidit
476 3752 578 3813 laudi.)
613 3752 676 3821 [Sed
697 3755 798 3807 falsum
825 3760 878 3820 est,
901 3771 971 3806 nam
995 3759 1132 3828 estquis·

94 3824 216 3877 tissimus
234 3820 321 3876 etiam
338 3836 402 3875 cum
421 3838 472 3891 per
489 3820 612 3873 hiemem
631 3822 736 3875 crescit
770 3825 819 3875 Est
841 3831 936 3876 autem
958 3823 990 3878 in
1006 3822 1131 3883 Thracia

94 3901 159 3947 ante
179 3904 274 3943 muros
292 3890 425 3960 Cypselae
443 3887 571 3951 civitatis,
589 3887 623 3943 de
642 3890 707 3942 locis
724 3892 830 3959 superis
848 3892 986 3947 Thraciae
1002 3896 1131 3959 venenu

92 3964 180 4015 dicttss
205 3966 300 4012 autem
325 3958 360 4011 ab
378 3957 472 4012 Hebro
489 3955 571 4010 Hemi
596 3967 624 4010 et
640 3956 788 4027 Rhodopes
811 3960 887 4027 silio]
923 3960 1128 4037 Praesertitory

91 4032 110 4086 i.
128 4048 152 4084 e.
174 4028 281 4082 amit.
315 4025 440 4081 Dicimus
465 4034 560 4081 autem
577 4035 606 4081 et
621 4031 773 4097 praevertit
789 4036 817 4082 et
832 4035 1038 4101 praevertitur,
1059 4048 1130 4089 nova
