2454 4500
142 299 179 343 n
203 279 361 344 uncis.
383 280 560 347 launo.
581 283 663 348 ns.
680 244 774 364 ssv111,
793 230 990 359 ass-297.
1032 231 1097 362 iss
1147 260 1161 351 .'

52 473 103 519 est„
136 464 203 533 [Alii
225 467 314 534 magis
330 467 384 518 hoc
407 468 437 519 in
461 467 590 522 solatium
606 471 715 524 Aeneae
737 479 879 524 cantatum
902 489 980 544 posse
1002 472 1091 544 accipi

51 535 184 598 uadunt,
208 552 274 585 nam
301 537 383 603 quod,
391 537 505 591 Herculi
527 539 622 604 datur,
647 540 762 591 Graecis
784 543 923 604 aufertur,
949 550 979 594 et
1000 549 1091 611 potest

51 604 217 654 obliteratus
239 604 318 654 dolor
342 605 429 657 videri
454 608 634 672 praeteritus,
657 608 772 677 mundo
791 609 827 662 ad
849 609 961 662 fatalem
977 618 1087 677 terram

8 712 28 725 .
50 678 217 740 perventam
235 680 289 737 est,
312 673 383 741 sicut
398 673 466 725 alibi
483 675 522 727 ait
538 677 643 728 Aeneas
668 680 711 742 (l,
728 677 817 740 mm:
841 676 905 728 lllic
924 678 976 747 fas
1001 695 1087 745 regns

51 758 199 807 resurgere
219 740 341 817 Troiae,
355 749 385 791 ut
401 742 440 794 ibi
457 743 515 794 iarn
533 744 638 796 dixerat
654 750 695 812 (7,
714 746 799 808 120.l:
822 744 904 796 Salve
921 746 999 814 fatis
1015 745 1088 799 mihi

50 811 147 861 delita
166 810 263 860 tellus:
283 810 349 878 quia
366 820 523 879 expectatus
539 805 651 864 veneiat
666 813 724 865 solo
741 812 874 865 Laurenti
890 815 1021 882 arvisque¹
1031 814 1085 867 La·

47 877 136 943 tinia]
173 879 410 945 Oechaliamqne3
434 881 584 1002 {Oechalia
608 881 702 933 civitas
723 881 754 931 in
777 881 892 935 Euboea
915 881 1004 935 insula
1026 883 1088 948 tuit,

47 945 141 1011 cuim]
162 947 281 1016 Enrytus
304 947 411 1013 (Gueli.
450 987 457 1002 .
480 953 635 1015 euristeus,
657 951 689 1000 ΙΙ.
715 948 841 1013 elichus)
864 967 913 1004 rex
936 951 1086 1004 Oechaliae

46 1015 140 1068 lolem
157 1015 209 1083 (R.·
219 1016 281 1068 vos.
297 1014 340 1066 bia
357 1015 465 1082 Ionem)
487 1019 577 1071 filiam
593 1019 663 1071 dene
684 1018 738 1070 avit
753 1019 880 1083 Herculi,
902 1019 1010 1087 [victori
1027 1036 1087 1073 cer-

39 1082 348 1153 'tarnine'sagittarumJ
364 1095 428 1140 ante
446 1087 634 1156 promissam,
649 1035 713 1140 ileo
729 1087 804 1155 quod
819 1103 886 1144 eum
908 1088 1000 1140 fuerat
1015 1087 1086 1139 filius

33 1154 228 1219 dehortatus,
252 1153 345 1206 dicens
369 1156 405 1207 ab
423 1156 542 1210 Hercule
567 1165 595 1208 et
610 1157 776 1225 Megaeram
799 1170 929 1221 uxorem,
953 1163 980 1208 et
1002 1172 1087 1209 exea

46 1221 121 1273 filios
142 1221 340 1289 interemptos,
358 1225 440 1293 'quod
463 1225 570 1277 factum
591 1227 684 1277 tuerat
698 1223 809 1277 lunonis
831 1224 971 1277 instinctu.
1007 1225 1086 1279 Unde
1173 1218 1176 1229 ¹

48 1295 138 1342 iratus
159 1291 291 1343 Hercules
315 1300 431 1362 propter
462 1295 571 1346 nutias
594 1293 647 1345 sihi
669 1294 739 1346 dene
775 1299 831 1356 tes,
861 1309 954 1346 eversa
976 1291 1085 1346 civitate

13 1376 15 1380 ’
46 1360 195 1412 interemit
216 1360 354 1427 Eurytum
375 1312 521 1427 (Gustal
545 1364 713 1428 euristeum,
782 1360 924 1423 echilum)
947 1369 977 1414 et
998 1360 1086 1413 lolem

14 1427 166 1480 -sustulit.
206 1427 323 1497 [Mille,·
355 1446 406 1498 pro
428 1414 546 1498 multia]
569 1456 603 1469 -
650 1437 713 1490 292.
736 1429 810 1500 Rege
834 1431 885 1482 snb
911 1428 1088 1495 Eurystheo,-

47 1497 128 1617 Rsins
148 1497 304 1618 {asperrima
327 1498 455 1620 iraspgriat
470 1501 639 1617 'fftiluffm
654 1499 784 1581 Hercules
804 1497 1086 1634 volufmtgtelmfsssi

79 1581 127 1618 am
186 1583 202 1617 c
225 1582 271 1618 esv
310 1582 344 1617 ιιο
407 1585 443 1619 ror
502 1581 558 1619 ates
600 1586 705 1619 anonas
742 1585 760 1618 1.
785 1585 808 1621 e.
833 1583 915 1619 saun
973 1604 980 1618 .
1061 1584 1076 1617 e

28 1624 129 1686 'certe
145 1635 283 1703 responsis
290 1584 372 1704 qquae
388 1634 541 1705 Eurystheo
565 1636 596 1690 in
613 1604 761 1689 Herculem
779 1635 907 1688 dederat:
930 1642 958 1689 et
974 1634 1088 1702 quidm

46 1701 124 1754 bono
147 1703 292 1774 suspicio,
308 1704 386 1772 satis
411 1705 549 1770 lunonis,
578 1706 699 1772 positum
723 1705 830 1769 volunt,
854 1705 908 1755 hoc
932 1709 974 1755 est
999 1717 1085 1770 quam

46 1772 279 1827 etiam'Troiani
301 1788 416 1854 manem
438 1775 588 1839 sustinent,
614 1781 646 1826 ut
667 1773 712 1826 dei
735 1772 866 1835 intentur
890 1770 1014 1837 exemplo
1037 1769 1087 1838 qui

45 1847 108 1891 tam
124 1840 217 1892 midde
234 1841 290 1894 eius
306 1844 438 1894 instinctu
453 1842 623 1896 subiaouerit
644 1841 799 1895 aerumnis:
821 1839 921 1892 virtute
936 1847 1031 1891 tamen
1048 1838 1084 1892 ad

45 1909 222 1961 divinitatem
275 1909 418 1977 evenerit-J
432 1939 468 1952 -
502 1916 564 1969 293.
582 1911 750 1979 Nubigenae
757 1933 767 1976 ς
790 1909 826 1962 de
840 1909 933 1960 Ixione
958 1915 988 1960 et
1002 1906 1084 1959 Nube

46 1985 212 2047 procreatos
254 1985 398 2045 entauros,
420 1988 451 2031 ut
473 1980 597 2050 superins
620 1983 670 2047 (6,
686 1979 760 2041 286.)
783 1977 907 2030 diximus.
941 1974 1085 2044 [Pindarus
1165 1996 1170 2005 ·

46 2048 94 2114 (ct
112 2046 190 2114 l'yth.
207 2055 240 2112 2,
256 2053 301 2104 78
318 2049 379 2109 82.)
404 2047 494 2119 ipsum
519 2064 583 2099 cum
607 2063 691 2116 equas
714 2036 840 2117 paschret
861 2046 1008 2099 incestasse
1031 2059 1086 2109 eas,

44 2115 115 2167 inde
138 2115 291 2168 Centauros
315 2125 395 2168 natos
418 2115 506 2182 dicit]
522 2144 556 2155 —
590 2122 651 2175 294.
676 2103 871 2183 Hylaeumque
896 2112 1084 2177 Pholumque3

44 2183 182 2255 Hylaeum
199 2185 322 2238 lheseus
338 2185 490 2239 interemit
531 2185 632 2238 Pholus
649 2200 716 2238 vero
733 2184 883 2242 Herculem
899 2180 1018 2251 suscepit
1033 2178 1084 2231 ho·
1110 2180 1116 2191 “

41 2252 178 2375 titt
194 2259 338 2388 ilml'lllf
381 2270 416 2375 ¹0¹3
435 2253 858 2374 tltttttltftltttt
873 2251 1126 2384 ‘'hill‘Ylii‘

46 2399 108 2453 ret,
150 2408 180 2442 er
203 2358 341 2461 plisticam
355 2343 506 2445 ‘licelrtiam
523 2391 640 2444 nomina
663 2340 723 2445 essi
737 2405 790 2461 pro
807 2359 969 2464 nominibus
1005 2336 1084 2437 ohta.

45 2459 113 2530 [Alii
129 2409 254 2511 pPholum
278 2474 336 2511 non
362 2460 515 2513 abhorrere
540 2478 557 2513 a
579 2475 646 2512 vera
669 2459 785 2512 historia
808 2458 930 2510 tradam.
978 2403 1083 2534 Hastae
1149 2482 1151 2489 ·

45 2529 124 2582 enim
141 2527 209 2579 dum
232 2529 352 2580 miratur
376 2531 488 2598 sagittas
505 2527 630 2591 Herculis
647 2528 746 2596 quibus
766 2534 809 2578 tot
826 2527 978 2577 Centauros
1000 2530 1085 2574 mter
1188 2586 1195 2599 „

47 2600 170 2662 fecerat,
192 2612 249 2650 una
265 2615 298 2650 er
314 2597 367 2651 illis
392 2600 423 2650 in
439 2599 540 2666 perlem
557 2597 614 2648 eius
630 2596 749 2660 decidit,
770 2595 847 2646 cuius
864 2593 977 2643 vsdnere
991 2589 1084 2642 sanari

45 2682 104 2720 non
122 2664 232 2733 potuit]
267 2666 379 2718 Cressia
399 2679 506 2717 massas
524 2664 676 2731 Prodigia,
693 2670 811 2727 mactae,
828 2662 901 2713 hene
919 2659 955 2710 ad
971 2659 1083 2737 leonem

44 2734 292 2805 queminteremit
303 2735 432 2786 refertur.
466 2736 539 2787 Nam
557 2734 720 2785 Cretensem
736 2737 848 2782 tarnum
865 2744 922 2779 non
939 2734 1085 2778 mactavit:

42 2805 95 2858 sed
119 2805 196 2872 [curn
220 2801 296 2868 eum]
325 2802 496 2855 incolumem
520 2801 556 2854 ad
579 2800 765 2867 Eurystheum
788 2796 1009 2867 perduxi[sse]t,;
1023 2793 1085 2873 [ille

47 2871 197 2927 essm'licet
212 2871 342 2931 flammas
358 2872 493 2924 vomuisse
510 2871 599 2922 dictus
615 2868 665 2932 sit,
687 2867 803 2920 inlectus
820 2862 1037 2933 pulchritudine,
1053 2879 1083 2914 m

45 2943 168 2996 Atticam
182 2940 345 3008 =regionem
374 2939 501 3007 reliquit3
535 2938 583 3005 qui
614 2951 680 2986 cum
703 2933 899 2987 Marathonem
922 2939 1041 2984 vastaret
1067 2947 1086 2982 a

46 3011 156 3063 Theseo
179 3017 276 3077 postea
301 3004 406 3059 occidus
429 3005 489 3072 est]
523 3007 584 3058 Uno
608 3012 705 3056 tamen
722 3003 808 3056 verbo
833 3009 983 3069 utrumque
1001 3016 1084 3066 saepe

45 3077 234 3142 concluditur,
251 3075 415 3145 aliquotiens
432 3093 488 3128 una
504 3088 581 3145 pars:
600 3081 630 3124 ut
646 3078 707 3140 (12,
723 3073 810 3135 435.):
834 3069 921 3120 Disce
939 3086 1008 3134 puer
1025 3069 1084 3148 νίν...

47 3161 136 3200 entem
159 3165 194 3201 ea
221 3163 277 3208 me,
307 3162 457 3213 aerumque
488 3145 629 3208 laborem,
657 3141 815 3192 Fortunam
838 3156 871 3189 er
896 3139 976 3189 aliis,
1015 3135 1086 3204 [aar

49 3228 174 3282 mactas,
197 3215 232 3266 ad
251 3215 402 3266 Centauros
419 3212 492 3265 sicut'
506 3212 542 3265 ad
557 3211 684 3264 Leonem
706 3209 808 3262 referri
824 3202 937 3285 tollant]
954 3231 986 3242 ·-
1023 3208 1086 3262 295·

48 3286 171 3340 Nemeae
188 3285 240 3334 sula
261 3300 345 3348 rupe,-
363 3283 469 3335 Nemea
487 3283 552 3334 silva
569 3289 611 3334 est
626 3279 716 3330 vicina
733 3277 846 3338 Thebis,
862 3293 893 3326 m
910 3291 965 3352 que
981 3273 1086 3323 Hercu·

46 3357 88 3409 les
112 3352 256 3406 interemit
279 3352 413 3416 leonem,
427 3351 487 3420 [qui
511 3351 609 3402 Lunae
631 3347 702 3399 filius
725 3352 753 3401 ct
775 3341 980 3398 invulnerabihs
997 3340 1085 3393 dicttu

49 3432 100 3479 est
134 3421 280 3474 interemit
302 3428 331 3473 et
354 3422 472 3472 alterum
495 3420 606 3473 leonem
630 3416 703 3487 apud
728 3412 846 3467 Cleonas
869 3410 985 3474 urbem,
1008 3421 1086 3458 cutus

47 3493 153 3567 pellem
175 3490 301 3559 gestabat
316 3489 496 3555 xintutam,
517 3488 591 3539 unde
614 3485 742 3537 Lucanus
768 3479 913 3550 (t,·612.):
936 3479 987 3530 llll
1006 3477 1084 3558 lev·

48 3563 119 3615 naei
135 3561 253 3626 proiecit
270 3570 348 3626 terga
367 3556 478 3623 leonis]
512 3556 743 3608 Nemeae'autem
755 3555 915 3620 anapaestus
928 3556 977 3599 est.
1009 3545 1085 3623 Nam
1123 3562 1126 3569 ·
1166 3618 1170 3625 Ι

50 3640 82 3686 et
100 3647 149 3694 ne,
166 3636 194 3681 et
213 3645 253 3678 me
271 3627 367 3679 breves
384 3635 461 3690 sunt;
479 3627 523 3692 [ae
540 3633 635 3676 autem
651 3622 734 3689 longa
749 3615 941 3689 diphthongo-J
952 3641 985 3696 '.‘
1019 3616 1084 3670 296·
1143 3620 1148 3629 ”

50 3701 162 3768 Stygii3
191 3696 274 3761 i..e.,
303 3693 422 3759 inferni,
451 3709 506 3762 quo
538 3700 665 3760 tempore
688 3687 829 3742 descendit
856 3686 892 3737 ad
915 3682 1084 3752 rapiendum

49 3769 219 3822 Cerberum.
242 3792 277 3802 ·-
323 3769 385 3821 297.
411 3764 486 3817 ossa
518 3780 602 3830 super
625 3761 779 3822 recubam,-
812 3763 861 3808 ain
882 3753 919 3807 ad
944 3761 1085 3832 terrorem
1118 3808 1122 3827 .
1154 3774 1157 3781 ¹

49 3839 158 3890 dictum
181 3841 235 3885 est:
258 3840 306 3884 aut
329 3840 405 3885 certe
428 3832 495 3884 illud
519 3839 574 3896 est,
606 3829 678 3897 quod
701 3843 784 3894 supra
808 3829 855 3892 (6,
872 3820 947 3900 aas.)
967 3821 1085 3874 dmm
1113 3840 1119 3863 -’

50 3905 213 3957 Cerberum
236 3918 295 3954 esse
321 3908 440 3964 terram,
463 3916 534 3969 quae
556 3914 673 3968 corpora
696 3895 802 3965 sepulta
824 3897 969 3944 consumti*
1010 3887 1084 3939 Nam

49 3975 118 4031 inde
136 3971 274 4022 Cerberus
298 3969 386 4020 dictus
410 3978 451 4021 est
467 3968 546 4036 qstasi
568 3961 722 4038 κρεοβόροέ.
738 3966 741 3971 '
756 3962 810 4014 Alii
832 3960 976 4032 pueriliter
992 3955 1087 4006 uoltmt

51 4061 71 4098 a
89 4041 217 4097 Cerbero
235 4037 401 4108 Amphiarai
416 4052 479 4092 ossa
492 4039 634 4104 consumi,
657 4036 705 4106 qui
726 4033 806 4088 hiatu
827 4023 1088 4085 terraemotum
