2454 4500
117 289 125 301 =
147 224 183 341 m'
205 255 365 341 mom
386 272 556 340 333333.
579 271 659 336 uo.
681 271 770 348 vm,
789 228 986 345 3334333.
1026 273 1094 344 ur
1120 244 1136 329 s

52 463 195 520 subtiliter
212 473 259 518 3333
282 481 343 530 333,
368 461 483 516 domurn
507 462 583 516 enim
605 463 635 518 in
653 478 707 534 que
723 461 849 518 Pontifex
870 459 992 528 babitrt,
1014 460 1094 529 regia

54 537 174 600 dicitur,
204 478 281 603 quod
293 533 330 599 Δ133
355 551 388 587 33
409 541 467 588 rer.
480 532 646 584 sacrificulus
675 533 803 586 habitare
825 540 993 594 3333333333,
1023 531 1096 581 sicut

33 614 37 620 '
46 605 205 674 flaminio*
221 605 336 668 domus,
358 603 389 655 in
416 619 470 672 qua
494 603 599 654 flamen
623 601 733 655 habitat
748 603 917 669 dicebatur,
949 598 1024 669 quod
1046 599 1093 651 hio

55 672 180 725 ostendit
204 689 236 724 ex
259 687 377 743 persona
400 669 537 735 Euandri,
567 685 651 741 quem
675 671 742 723 fauit
764 679 904 734 orantem,
934 675 965 718 ut
988 670 1116 721 Aeneas'

54 757 137 792 suam
155 739 347 808 ingrederetur
364 740 494 805 domurn,
512 754 568 791 non
585 740 681 808 utique
716 741 860 805 roseriam,
876 736 924 790 sed
940 745 1093 799 3333333313

54 810 162 862 scilicet
179 825 250 878 quae
266 809 354 862 fuerit
369 809 520 879 hospitium
537 807 670 878 Herculis,
684 757 738 860 11113
751 808 886 861 versibus:
903 802 980 856 Haeo
994 809 1094 876 inquis

55 879 162 930 limina
187 880 277 930 victor
301 877 412 930 Alcides
437 878 540 940 subiit,
563 876 630 926 haec
655 878 739 929 illum
768 881 845 959 repis
871 877 976 943 coepit)
1008 891 1094 944 quem
1180 900 1183 905 ·

55 947 145 999 etiam
161 947 268 1000 honore
286 945 393 1000 divinae
410 945 575 1016 dignationis
599 944 699 1011 333113,
722 945 866 1021 adiiciens:
891 945 969 994 elude
993 943 1093 1011 bospes

57 1029 231 1067 contemnere
250 1033 330 1085 opes,
356 1027 381 1066 et
404 1027 556 1083 u-quoque
581 1015 700 1082 dignum
717 1014 806 1084 Finge
832 1015 898 1065 deor
922 1014 991 1066 haec
1017 1014 1093 1065 enim
1141 1026 1148 1039 ⁸

55 1084 176 1137 dicendo
201 1086 267 1152 quid
290 1083 461 1164 eliuttegtt,
485 1099 577 1152 quam‘
594 1091 625 1134 ut
647 1091 770 1136 sacratae
787 1083 928 1151 religionis
946 1098 1027 1134 usum
1044 1083 1094 1134 tri-

54 1152 126 1206 buat
142 1153 264 1207 antisti*
298 1154 424 1221 (antistiti
441 1155 478 1214 et)
494 1152 585 1215 divina
602 1153 778 1221 communia,
794 1159 889 1223 utpote
906 1167 990 1220 quem
1007 1152 1093 1204 etiam

54 1222 212 1275 Pontificali
227 1222 334 1275 honore
352 1229 577 1291 nuncupaverat,
594 1220 688 1274 dicem
704 1219 814 1290 (47013
826 1221 952 1274 Maxime
971 1219 1093 1274 Teucro-

46 1309 121 1342 rum
141 1293 252 1359 ¹ductor.
285 1292 382 1372 Neque
406 1291 483 1343 euim
499 1290 566 1358 quia
589 1290 702 1356 ductor,
727 1307 761 1344 eo
784 1292 934 1356 maximus,
949 1287 1112 1358 ,sed-quia.
1183 1322 1187 1327 ·

55 1360 193 1412 matrimus
210 1375 243 1413 eo
268 1376 363 1412 333333
379 1362 473 1426 *(333
492 1358 593 1426 regit);
616 1377 647 1411 re
670 1360 711 1412 ’3
734 1368 833 1413 autem
851 1359 941 1412 verius
964 1360 1094 1420 meminit

55 1429 194 1485 dicendo?
216 1427 299 1480 Tecta
324 1430 459 1481 subibant
475 1427 612 1507 Pauperi}
662 1429 781 1496 uandri,
803 1430 986 1499 llnmcnoque
1004 1427 1093 1510 soro,

57 1499 119 1566 quis
144 1498 366 1568 enimjgnorat,
394 1498 503 1566 regiam
526 1496 575 1547 ubi
597 1497 690 1553 Numa
713 1497 880 1552 hubitn‘rerit
901 1497 931 1549 13
954 1497 1094 1549 radicibus

55 1567 162 1648 pulani,
179 1567 333 1648 finibusque
347 1566 468 1618 Romani
484 1565 539 1618 fori
555 1565 632 1616 esse?
651 1567 743 1617 Victor
756 1577 850 1621 autem
864 1565 969 1617 Alcides
986 1566 1095 1634 subiir],
1177 1580 1206 1625 J

56 1629 243 1705 ευσυμβόλως,
266 1654 286 1689 r.
304 1655 328 1688 e.
347 1636 453 1688 bonum
470 1637 578 1687 Aeneae
596 1650 678 1686 omen
697 1636 855 1688 ostenditur.
893 1636 992 1704 [Varro
1015 1636 1093 1690 enim

61 1705 226 1756 Divinarum
243 1702 356 1757 Liutv.
375 1707 505 1757 victorem
524 1702 673 1753 Herculem
711 1711 770 1756 utet
786 1705 900 1768 dictum,
917 1703 990 1786 quod
1008 1719 1092 1758 omne
1131 1705 1133 1709 ’
1175 1738 1177 1743 -

58 1790 146 1843 genus
170 1774 332 1825 animalium
356 1773 445 1826 decies
473 1772 594 1848 vicerit:x
613 1771 665 1824 Sed
717 1789 813 1840 omae,
836 1773 944 1824 victoris
967 1773 1094 1834 Herculis

57 1842 140 1895 333133
158 1843 228 1896 duee
245 1850 322 1909 sunt,
345 1859 400 1894 una
424 1842 460 1894 ad
484 1849 596 1910 portam
621 1841 818 1908 trigeminum,
841 1842 929 1894 alteru
946 1838 1093 1912 alliorum

56 1911 201 1976 boarium,
224 1911 300 1978 cuius
324 1913 474 1962 commenti
497 1919 579 1963 ’33333
602 1909 671 1961 baec
696 1912 854 1982 exponitur:
881 1911 993 1962 Marcus
1011 1911 1093 1966 oeta-

27 1982 30 1991 '
56 1980 116 2031 vius
133 1980 290 2032 Hersennus
313 1978 482 2046 (Esominus)
506 1980 536 2041 13
560 1979 653 2049 prima
672 1980 855 2033 odolescentia
877 1979 998 2044 tibicen,
1020 1991 1094 2050 post·

78 2060 145 2100 usm
161 2049 214 2100 enti
230 2064 296 2101 suae
313 2049 415 2100 diffisus
433 2057 487 2115 est,
510 2055 698 2101 mercaturam
714 2048 850 2114 instituit,
870 2048 942 2102 bene
965 2066 997 2102 re
1014 2059 1093 2116 geste

57 2066 199 2177 decimam
215 2117 328 2170 Herculi
352 2117 465 2179 dicavit;
492 2126 587 2189 postea
604 2133 669 2167 curn
686 2121 816 2187 navigans
833 2118 888 2174 hoc
904 2118 979 2171 idem
989 2118 1095 2185 egeret*

58 2203 76 2239 3
93 2186 278 2255 praedonibus
295 2183 497 2241 ciicumventus
514 2185 663 2239 fortissime
679 2189 810 2257 pugnavit
826 2195 855 2239 et
871 2188 956 2241 victor
972 2191 1093 2255 recessit,
1149 2240 1151 2245 ,

59 2272 144 2324 quem
160 2261 190 2306 in
208 2255 310 2306 somnis
317 2255 447 2306 Hercules
464 2255 558 2306 docuit
573 2270 623 2307 sua
640 2271 726 2323 opera
742 2264 892 2322 3333333333,
906 2257 951 2307 cui
964 2255 1092 2310 Octavius

17 2355 19 2358 >
57 2324 209 2394 impetrato
232 2340 249 2379 a
272 2323 479 2391 magistratibus
503 2324 579 2388 loco,
605 2325 706 2379 oedem
728 2343 793 2378 cum
817 2327 895 2395 signo
912 2326 1041 2392 sacravit,
1064 2335 1094 2383 et

58 2395 192 2467 victorem
217 2391 308 2443 incisis
333 2391 418 2444 literis
442 2393 596 2461 appellavit
631 2394 707 2460 Ergo
731 2392 878 2464 Virgilium
902 2411 959 2446 333
981 2403 1093 2448 tentum

57 2461 94 2512 ad
110 2460 256 2513 victoriam
278 2468 454 2528 praesentem
477 2463 608 2513 victorem
627 2462 737 2530 dixisse,
760 2464 807 2516 sed
831 2464 936 2515 occulte
958 2473 1092 2534 perpetuo

57 2529 118 2583 eius
134 2529 256 2598 epitheto
279 2545 360 2580 usum
377 2529 508 2582 debemus
531 2531 671 2599 accipere,
695 2533 796 2604 quippe
814 2548 898 2601 quem
915 2532 1023 2585 Romae
1040 2535 1091 2587 sub

58 2599 113 2651 hoc
131 2597 245 2650 3333133
261 2607 400 2651 sacratum
417 2600 471 2651 coli
487 2596 612 2663 videbat,
634 2617 702 2652 nam
725 2617 807 2672 supro
832 2601 872 2669 ait
893 2600 989 2664 (20313
1014 2594 1110 2653 Tau.'

58 2685 161 2735 rosque
180 2666 232 2716 1333
249 2671 338 2718 vietor
362 2669 480 2734 agebat,
496 2683 564 2718 oum
586 2669 622 2720 de
644 2684 739 2736 pugna
766 2670 823 2721 eius
846 2669 899 2720 alia
923 2668 1092 2736 loqueretur.

56 2736 130 2788 Sane
154 2736 201 2787 hie
227 2738 321 2789 subiit.
338 2736 414 2788 133333
437 2751 517 2787 usum
540 2744 716 2804 praesentem
733 2738 885 2789 accusativo
903 2736 1004 2801 iunxit,
1026 2755 1092 2792 cum
1185 2782 1191 2789 .

56 2804 173 2873 antiquo
191 2821 271 2858 more
282 2804 360 2864 ,alibi
377 2803 467 2856 dativo
491 2804 625 2870 iunxerit3
644 2813 675 2855 ut
692 2811 733 2871 (8,
752 2804 837 2866 12513
863 2804 1008 2872 Progressi
1025 2811 1091 2860 sub.

57 2886 128 2927 eunt
144 2874 216 2925 luco.
253 2874 344 2942 Cepit;
370 2872 441 2925 mire
459 2871 538 2937 dixit,
560 2879 592 2922 ut
613 2872 679 2924 alibi
702 2878 750 2940 (9,
766 2873 853 2936 644·)=
877 2873 935 2924 Nec
959 2886 984 2925 te
1003 2875 1091 2929 Troia
1186 2912 1188 2918 .

58 2939 156 3008 capii]
172 2971 207 2980 -
243 2948 303 3000 364.
322 2943 398 2992 Ande
416 2941 514 3006 hospes
533 2951 705 2992 contemnere
723 2959 803 3010 opes;
821 2943 892 2996 bene
910 2945 997 3006 aude,
1014 2949 1093 3015 quusi

56 3029 121 3066 rem
137 3012 254 3063 arduum
271 3018 299 3062 et
314 3009 468 3070 difficilem
492 3010 636 3078 [tanquam
652 3011 752 3064 virtute
769 3027 836 3080 opus
857 3011 892 3063 sit
908 3013 994 3064 enimi
1012 3017 1092 3077 etad

55 3079 252 3149 expellendum
269 3096 395 3131 amorem
411 3075 589 3143 divitiarum]
623 3079 753 3148 Dignum
764 3081 848 3150 finge
865 3082 931 3146 31333
954 3097 1091 3154 compone

55 3159 87 3204 te
104 3151 145 3219 [et
160 3147 310 3214 1333333113
326 3146 536 3200 similitudinem
552 3149 688 3200 numinis:
705 3150 789 3218 [quod
805 3151 878 3202 iurts
896 3158 1000 3203 sectam
1017 3155 1091 3222 cyni-
1108 3152 1110 3157 ’
1137 3146 1141 3167 “

55 3236 123 3272 cam
140 3217 238 3289 hospes
255 3218 377 3270 Herculis
393 3215 496 3267 suadet.
527 3214 597 3268 Sane
613 3216 730 3287 quidam·
746 3219 795 3271 deo
814 3235 865 3286 pro
882 3219 1114 3276 immortalitate·

56 3280 168 3340 dictum
180 3285 295 3351 volunt]
311 3313 345 3324 —
379 3291 440 3344 365.
458 3282 524 3334 Ν33
542 3303 639 3354 osper3
657 3303 713 3339 non
731 3295 899 3355 aspernator,
914 3287 931 3340 i.
946 3307 971 3340 e.
987 3290 1093 3343 fastidi-

58 3371 131 3408 osus.
140 3381 174 3394 -
199 3361 258 3414 366.
273 3356 395 3423 Angustt'
410 3362 476 3412 etc.;
493 3360 521 3404 et
534 3353 589 3421 (33)
603 3355 799 3408 contrarietate
812 3356 948 3426 quaesitus
961 3367 1091 3426 ornatusg

57 3425 100 3478 rsit
117 3425 206 3488 enim,
231 3426 353 3493 Angusti
370 3424 434 3474 tecti
452 3422 546 3474 subter
562 3422 606 3490 (R.
622 3425 682 3476 Vos.
700 3423 791 3477 Guelf.
807 3427 827 3476 1.
843 3425 877 3476 Il.
895 3430 989 3491 super)
1002 3427 1097 3498 fasti.

56 3495 110 3563 gio
135 3495 274 3559 ingentem
300 3488 421 3544 Aeneam
446 3492 536 3542 dunis.
558 3518 593 3528 -
634 3499 695 3551 368.
720 3493 890 3564 [Effultum3
915 3495 985 3546 sicut
1008 3514 1091 3569 supra

57 3562 103 3630 (E.
120 3565 152 3626 6,
168 3561 222 3625 73.)
239 3562 343 3614 dictum
360 3569 414 3626 est,
437 3558 511 3627 opud
533 3568 636 3613 veteres
652 3561 796 3614 dicebatur
819 3579 902 3630 super
913 3565 993 3632 ,quod
1009 3582 1091 3618 unus·

80 3629 175 3698 uisque
198 3629 345 3695 iacuisset]
379 3629 450 3680 Pelle
467 3626 628 3695 Libystidis
653 3647 751 3695 33333,
775 3631 881 3698 species
903 3634 955 3701 pr'o
979 3648 1090 3702 genere.
1179 3630 1183 3640 ’

56 3648 133 3752 bem
150 3698 296 3752 cuiuslibet
316 3700 393 3750 ferae
403 3708 558 3768 'possumus
575 3697 714 3767 'accipere
736 3699 822 3823 imm
839 3699 907 3753 dicit
922 3698 1108 3784 Libystidis,

58 3776 92 3819 ut
116 3784 148 3819 ex
169 3767 265 3836 pretio
285 3767 389 3820 bestiae
412 3765 516 3836 aliquid
539 3767 646 3835 gratim
669 3773 735 3837 potu
747 3774 800 3820 sset
821 3767 888 3839 ipsis
904 3775 995 3822 stratu
1012 3789 1091 3828 accc·

58 3833 147 3899 dere]
171 3861 206 3873 ·-
247 3843 307 3894 370.
331 3837 472 3886 Exterrita
496 3846 598 3900 moter;
623 3835 687 3893 ideo
710 3836 822 3903 terbitu,
845 3836 909 3900 ertia
932 3847 1030 3893 meter.
1053 3866 1090 3882 -·

58 3909 123 3964 371.
138 3903 303 3972 [Tumultu;
323 3904 374 3970 (ut)
391 3903 511 3956 Gallicus
525 3902 679 3968 tumultus]
697 3929 731 3940 -
766 3903 939 3971 373TDictis
958 3910 1089 3961 diuinum

60 3975 187 4042 inspirat
204 3989 345 4039 amorem3
363 3972 391 4041 [i.
407 3970 432 4024 'e.
451 3972 527 4024 dictis
545 3973 600 4023 suis
616 3972 693 4024 addit
708 3981 890 4040 venustatem,
915 3983 947 4026 ut
963 3976 1110 4032 amabili'

56 4050 103 4095 ter
119 4042 178 4096 eitu
195 4041 323 4099 audiatur
342 4042 439 4096 oratio.
472 4039 543 4096 8333
560 4038 662 4107 tento]
684 4041 804 4114 petitura
819 4057 871 4117 pro
888 4043 945 4097 lilio
961 4047 997 4100 de
1013 4046 1099 4101 adut·
