2454 4500
114 345 123 381 „
153 318 200 411 ¹m
221 296 383 401 nacta.
409 286 988 372 sannio.1.1a·vr.1at-1‘to
1038 304 1106 371 sos
1163 374 1166 379 ,

48 482 177 554 legimus
202 482 319 549 (324.).·
342 481 399 534 Dii
424 485 510 536 cuius
535 484 634 538 iurare
659 487 784 550 timent,
806 495 831 536 et
854 483 962 557 follere
992 500 1107 537 numen.

53 551 141 620 Quod
163 552 318 605 secundum
341 552 450 604 fabulas
479 553 544 605 ideo
571 561 627 620 est,
657 554 724 624 quia
747 553 849 604 dicitur
874 554 995 607 Victoria
1019 553 1108 624 Stygis

52 621 114 674 filia
139 619 214 672 bello
239 620 393 690 Gigantum
416 622 473 672 Iovi
496 623 606 675 favisse:
632 639 684 694 pro
709 622 787 674 cuius
810 623 852 674 rei
877 631 1107 677 remtmerattone

54 690 184 761 Iuppiter
206 689 318 756 tribuit,
342 699 373 740 ut
389 691 429 743 dii
450 690 573 747 iurantes
597 707 649 758 per
666 692 725 744 eins
742 699 884 758 matrem,
907 708 965 745 non
987 694 1109 747 audeant

54 760 164 814 sunere.
198 756 282 809 Ratio
300 767 401 819 atatem¹
417 759 488 811 haec
508 768 562 824 est,
586 762 648 828 Styx
671 749 834 813 moeroreni
857 761 1009 827 significat:
1032 761 1109 824 unde

54 822 114 884 dmi
133 821 186 881 τοῦ
202 823 345 898 στυγεροῦ,
364 829 382 880 i.
401 846 425 879 e.
443 845 459 879 a
476 829 588 882 tristitia
606 830 668 897 Stpr
685 830 758 882 dicta
776 841 825 882 est.
861 829 909 881 Dii
926 839 1023 897 autem
1039 829 1108 883 laeti

56 901 123 951 sunt
139 914 267 969 semper,
284 898 357 949 unde
375 897 462 949 etiam
479 898 661 951 immortales.
696 899 768 966 Quia
786 893 932 969 ἄφθαρτοι
949 907 995 954 καὶ
1012 895 1114 970 pon&

52 979 114 1038 ’ριοι
133 967 168 1036 [i.
186 985 209 1018 e.
228 966 288 1018 sine
304 974 397 1018 morte
423 967 506 1029 lteat'i.
543 967 596 1033 Hi]
614 982 683 1036 ergo
701 969 766 1036 quia
791 976 952 1021 moerorem
968 986 1026 1037 non
1044 985 1107 1022 sen·

52 1038 147 1102 ¹tiunt,
170 1035 266 1087 iurant
288 1053 339 1106 per
360 1052 423 1087 rem
447 1053 512 1088 suae
529 1045 646 1088 naturae
668 1036 896 1107 contrariam,¹i.
914 1057 939 1091 e.
955 1039 1107 1102 tristitiam,

26 1154 29 1161 ,
57 1122 133 1175 quae
160 1112 201 1156 est
224 1104 383 1158 aeternitati
407 1105 556 1158 contraria.
590 1105 656 1158 Ideo
680 1105 873 1161 iusiurandum
889 1125 940 1184 per
957 1108 1108 1160 execratio-

56 1192 126 1229 nem
149 1173 262 1226 habent.
279 1200 314 1210 —
350 1180 412 1232 135.
433 1173 574 1238 Tartaro,·
601 1175 677 1227 loous
701 1175 858 1228 inferorum
882 1177 1049 1247 proftmdus:
1072 1176 1108 1231 de

98 1243 263 1294 cLucanus
288 1247 332 1308 (6,
349 1243 422 1303 716.)
446 1243 483 1295 td
507 1244 612 1295 inferos
629 1243 711 1296 dicit:
737 1244 829 1296 Cuius
847 1263 897 1296 vos
915 1249 983 1297 estis
1001 1246 1108 1326 superi.

54 1321 188 1378 'nson0,·
213 1327 325 1377 magno.
342 1337 377 1348 -
412 1319 474 1370 136.
492 1313 592 1379 Accipe
616 1330 688 1380 quae
711 1315 995 1382 peragenda.prius;
1020 1332 1043 1368 ar
1061 1314 1109 1381 vis,
1129 1340 1147 1384 χ

56 1381 167 1450 inquit,
189 1382 306 1446 reverti,
335 1380 401 1450 audi
424 1382 623 1435 observationis
648 1391 807 1452 praecepta.
848 1383 959 1437 Et'aub
984 1383 1108 1455 imagine
1183 1392 1196 1427 ι’

19 1515 22 1519 ,
56 1450 221 1506 fabularum
251 1449 333 1521 docet
355 1451 541 1502 rectissimam
563 1453 665 1518 vitam,
697 1467 748 1520 per
779 1467 865 1523 quem
895 1454 1041 1508 animabus
1072 1451 1109 1506 ad

57 1535 175 1591 superos
199 1519 281 1570 datur
304 1535 455 1588 regressus.
491 1518 579 1588 Latet¹
598 1523 697 1572 arbore
722 1538 811 1588 opaca
837 1539 960 1588 aureus,-
985 1523 1051 1577 licet
1073 1521 1109 1589 (lc

56 1589 114 1643 hoc
131 1605 228 1654 ramo,
244 1587 276 1640 bi
289 1590 341 1655 qui
358 1589 393 1640 de
410 1587 496 1639 sacris
512 1589 696 1659 Proserpinae
713 1591 854 1660 scripsisse
866 1592 1012 1658 dicuntur,
1029 1589 1109 1662 quid-

57 1658 127 1712 dam
145 1674 204 1710 esse
220 1658 367 1728 mysticum
384 1657 540 1724 ailirment,
564 1659 674 1728 publica
699 1667 795 1712 tamen
813 1660 907 1728 opinio
930 1661 984 1713 hoc
1009 1660 1111 1713 habet:

55 1727 176 1783 'Orestes
197 1735 260 1796 'post
284 1727 408 1778 occisum
425 1743 526 1795 regem
544 1728 703 1782 Thoantem
726 1730 756 1780 in
772 1726 888 1799 regione
906 1729 1027 1782 Taurica
1043 1743 1110 1785 snm

58 1798 159 1851 acrore
175 1794 335 1866 Iphigenia,
363 1805 394 1846 nt
417 1813 500 1865 supra
525 1801 576 1862 (2,
593 1800 673 1861 116.)
690 1797 823 1862 diximus,
846 1798 932 1868 sugit,
957 1807 985 1850 et
1000 1798 1114 1853 Dianae¹

57 1865 243 1925 simulacrum
260 1864 325 1916 inde
342 1865 498 1931 sublatum,
520 1865 596 1918 haud
618 1867 701 1933 longe
726 1865 867 1918 abAritia
890 1867 1051 1926 collocavit.¹
1077 1866 1111 1920 In

57 1934 142 1990 huius
161 1933 272 2003 ¹templo
289 1941 352 2014 post
367 1942 507 1986 mutatum
529 1935 618 1987 ritum
634 1935 839 1987 sacrificiorum
854 1936 908 1987 suit
923 1936 1008 1988 arbor
1026 1952 1110 2007 quae·

59 2005 145 2068 dam,
169 2003 203 2055 de
221 2018 276 2071 qua
293 2003 410 2075 rniringi
427 2019 541 2054 ramum
558 2020 614 2055 non
637 2004 749 2057 licebat.
782 2003 910 2059 Debetur
927 2013 1022 2067 autem
1037 2007 1110 2074 fugi·

58 2072 126 2127 tivis.
139 2079 270 2144 potestas,
286 2080 318 2123 ut
333 2073 357 2125 si
370 2073 430 2141 quis
446 2073 543 2125 exinde
556 2089 670 2125 ramum
683 2073 817 2143 potuisset
829 2075 950 2140 anferre,
966 2090 1112 2127 monoma-

59 2141 126 2195 chia
142 2142 208 2193 cum
225 2141 341 2210 fugitivo
357 2143 458 2212 templi
471 2141 614 2201 sacerdote
629 2143 784 2196 dimicaret.
817 2144 892 2194 Nam
907 2142 1037 2212 fugitivus
1054 2143 1124 2195 illicr

60 2218 124 2266 erat
138 2210 281 2287 sacerdps,
309 2210 345 2263 ad
368 2211 503 2279 pristinae
525 2211 681 2280 imaginem
702 2214 794 2280 fugae.
828 2211 989 2264 Dimicandi
1012 2221 1111 2266 autem

53 2281 181 2339 ‘dabatur
197 2279 330 2344 facultas,
357 2281 436 2348 qnasi
453 2281 489 2332 ad
506 2281 617 2348 pristini
634 2281 765 2333 sacrificii
780 2281 997 2348 reparationem.
1027 2281 1113 2334 'Nunc

61 2368 93 2406 er
114 2365 131 2400 ο
156 2350 241 2400 istum
265 2349 330 2401 inde
354 2350 471 2420 sumpsit
487 2351 619 2402 colorem.
653 2350 760 2402 Remus
779 2352 857 2402 enim
874 2367 985 2403 necesse
1003 2358 1064 2403 erat
1080 2357 1113 2401 ut

60 2366 113 2542 ᾗῇ
129 2419 212 2471 unius
229 2434 312 2470 causa
329 2426 400 2470 esset
416 2419 560 2484 interitus,
583 2419 657 2472 tmde
674 2428 703 2472 et
719 2419 813 2470 statim
831 2428 953 2471 mortem
969 2419 1112 2488 subiungit
1160 2420 1162 2427 '

97 2488 182 2553 'seni‚
207 2493 234 2538 et
259 2489 294 2540 ad
319 2503 398 2539 saera
421 2488 606 2559 Proserpinae
630 2489 779 2552 accedere,
809 2488 864 2539 nisi
888 2489 997 2541 sublato
1021 2503 1112 2553 ramo,
1157 2534 1159 2539 ,

61 2575 120 2613 non
144 2562 262 2628 poterat
297 2557 404 2608 Inferos
427 2565 523 2609 autem
547 2556 655 2622 subire,
677 2558 732 2611 hoc
757 2558 841 2624 dicit,
864 2574 943 2610 secra
967 2558 1112 2611 celebrare

61 2618 257 2693 Proserpinae.
292 2625 334 2678 De
351 2626 444 2678 reditu
461 2635 557 2679 antem
574 2627 685 2680 animae
702 2614 756 2678 boc
775 2634 830 2679 est:
848 2627 996 2693 Novimus,
1012 2627 1114 2695 Pytha·

61 2711 165 2767 goram
182 2693 308 2765 Samium
331 2693 417 2746 vitam
440 2695 597 2748 humanam
622 2696 750 2748 divisisse.
766 2696 796 2748 in
821 2696 973 2764 modumy
995 2696 1111 2757 literae3

24 2802 28 2819 .
59 2766 169 2819 scilicet
186 2763 260 2835 quod
284 2763 378 2832 prima
395 2771 471 2816 aetas
488 2765 595 2818 incerta
612 2765 661 2831 sit,
687 2765 790 2834 quippe
807 2778 879 2832 quae
896 2765 987 2816 adhuc
1011 2781 1041 2817 se
1058 2779 1112 2817 nec

61 2833 136 2887 vitiis
159 2850 212 2887 nec
229 2832 374 2884 virtutibus
399 2832 483 2885 dedit.
518 2833 628 2884 Bivium
651 2841 746 2884 antem
770 2850 788 2901 y
809 2833 908 2886 literae
931 2851 948 2886 a
970 2833 1112 2886 iuventute

62 2904 206 2976 incipere,
223 2917 279 2971 quo
296 2910 424 2973 tempore
440 2902 570 2955 homines
587 2909 636 2953 aut
651 2900 733 2966 vitia,
749 2901 767 2953 i.
785 2920 809 2954 e.
827 2909 940 2971 partem
956 2902 1114 2955 sinistram:
1157 2930 1163 2965 ·,

64 2980 125 3039 aut,
138 2972 265 3038 virtutes,
281 2971 299 3022 i.
321 2989 346 3024 e.
370 2971 497 3024 dextram
521 2978 631 3042 partem
648 2974 809 3038 sequuntur.
844 2972 923 3024 Unde
948 2972 988 3023 ait
1003 2973 1113 3025 Persius
1134 2964 1138 2995 ¹
1162 2974 1166 3001 ³

64 3028 195 3112 (5,‘35.):
213 3040 367 3111 ⁸‘Producit
392 3042 516 3108 trepidas
542 3057 655 3092 ramosa
681 3042 713 3090 in
738 3043 860 3109 compita
887 3054 999 3093 mentes.
1036 3041 1113 3110 Ergo

62 3129 117 3184 per
134 3126 247 3163 ramum
264 3110 376 3162 virtutes
393 3109 460 3160 dicit
484 3126 541 3162 esse
559 3108 717 3174 sectandas,
740 3109 789 3176 qui
807 3116 849 3162 est
861 3129 885 3178 y
905 3111 1005 3179 literae
1020 3109 1113 3162 imita·

62 3182 121 3247 tio,
145 3195 231 3248 quem
247 3179 310 3231 ideo
327 3178 356 3229 in
374 3178 447 3229 silvis
464 3178 533 3229 dicit
547 3178 651 3242 latere,
674 3178 741 3246 quia
757 3176 872 3234 revera
895 3179 925 3232 in
941 3179 1024 3231 huius
1040 3179 1113 3232 vitae
1131 3192 1135 3199 ’

61 3247 241 3314 confusione,
266 3255 294 3300 et
317 3247 424 3300 maiore
447 3254 528 3317 parte
545 3247 676 3298 vitiorum
692 3247 800 3299 virtutis
817 3247 964 3316 integritas
979 3248 1049 3301 latet
1066 3247 1113 3317 (al.

64 3321 160 3372 virtus
179 3317 373 3384 etintegritas
391 3317 498 3376 latent.)
533 3316 587 3373 Alii
604 3316 708 3381 dicunt,
724 3316 788 3367 ideo
805 3332 886 3367 ramo
905 3332 991 3370 aureo
1008 3318 1124 3372 inferos*

63 3387 139 3460 peti,
155 3387 230 3455 quod
247 3385 347 3438 divitiis
364 3386 446 3438 facile
464 3385 595 3437 mortales
612 3385 760 3438 intereunt.
796 3384 977 3438 Tiberianus:
1003 3387 1113 3439 Aurum

86 3452 238 3522 aspretis
272 3466 434 3506 reserantur
466 3456 569 3508 limina
595 3453 682 3504 Ditis.
709 3481 745 3493 -—
787 3461 849 3512 137.
874 3453 963 3508 Lento
991 3457 1115 3523 vimina

63 3475 168 3590 ilenti,
190 3532 223 3575 ut
247 3525 342 3592 (Ε..3,
359 3523 429 3582 38.)ε
452 3522 543 3575 Lenta
569 3524 674 3588 quibus
691 3535 773 3576 torno
793 3523 887 3594 facili
902 3526 948 3589 (Vt
968 3524 1062 3581 Guelf.
1079 3527 1115 3578 11.

59 3596 185 3666 facilis3
216 3593 250 3644 R.
271 3593 406 3661 faciles.)
440 3594 624 3660 superaddito
649 3595 725 3645 vitis.
757 3589 841 3646 'Alias
865 3592 952 3661 gravi.
971 3621 1008 3633 ·-
1050 3601 1113 3656 138·
1169 3582 1172 3601 Ι

64 3664 178 3715 lunoni
202 3662 350 3742 infernam
377 3661 573 3728 Proserpinae:
596 3669 628 3711 ut
646 3666 689 3727 (lt,
706 3663 798 3731 638.):
820 3662 908 3714 Sacra
926 3663 991 3718 Iovi
1007 3662 1116 3734 Stygio.

66 3734 190 3798 Dictus3
209 3732 322 3786 dicatus.
341 3757 377 3768 —-
412 3735 473 3787 139.
491 3730 526 3780 Ει
544 3732 674 3782 obscuris
693 3739 760 3793 etc.;
782 3749 815 3784 re
831 3747 898 3786 vera
921 3733 1001 3786 enim
1016 3750 1117 3801 nemus

64 3802 212 3856 Aricinum
235 3800 354 3852 densum
378 3806 478 3849 est-
516 3798 576 3856 140.
593 3799 647 3850 Sed
666 3817 723 3851 non
742 3813 807 3853 ante
825 3803 927 3867 dotum·
952 3803 1008 3856 sive
1030 3803 1118 3874 iustis,

65 3872 123 3924 sive
141 3870 266 3933 iniustis,
282 3876 310 3919 et
327 3868 366 3918 sic
383 3868 570 3937 intelligentes
586 3870 792 3920 removebimus
809 3871 1010 3940 quaestionem.
1046 3873 1119 3926 Hinc
1194 3890 1198 3897 “

66 3941 145 3994 enim
163 3938 231 3990 dicit
247 3937 344 4004 (loun
362 3935 461 4004 Longo
481 3949 543 4004 post
560 3950 681 4004 tempore
700 3941 803 3991 visum.
839 3940 880 3992 Ex
897 3956 931 3994 eo
949 3942 1026 3994 enim
1043 3941 1120 4011 meod

66 4011 150 4075 dicit,
173 4002 345 4060 descendisse
362 4006 482 4073 aliquos,
507 4024 619 4058 ramum
637 4022 748 4075 quoque
766 4009 924 4078 depositum
941 4027 1000 4062 esse
1015 4008 1121 4079 signifi-
1187 4002 1206 4021 “’

68 4085 121 4131 cat.
159 4077 287 4128 Telluris
307 4087 420 4142 operto;
440 4077 592 4127 secundum
611 4092 659 4128 eos
675 4077 724 4145 qni
741 4076 838 4130 dicunt
854 4078 961 4130 inferos
977 4080 1008 4130 in
1025 4079 1136 4132 medio·
1203 4142 1210 4153 .
