<?xml version="1.0" encoding="UTF-8"?>
<!DOCTYPE html PUBLIC "-//W3C//DTD XHTML 1.0 Transitional//EN"
    "http://www.w3.org/TR/xhtml1/DTD/xhtml1-transitional.dtd">
<html xmlns="http://www.w3.org/1999/xhtml" xml:lang="en" lang="en">
 <head>
  <title>
</title>
<meta http-equiv="Content-Type" content="text/html;charset=utf-8" />
  <meta name='ocr-system' content='tesseract 3.04.00' />
  <meta name='ocr-capabilities' content='ocr_page ocr_carea ocr_par ocr_line ocrx_word'/>
</head>
<body>
  <div class='ocr_page' id='page_1' title='image "./commentariiinvi00liongoog_0469.png"; bbox 0 0 2454 4500; ppageno 0'>
   <div class='ocr_carea' id='block_1_1' title="bbox 210 213 1123 329">
    <p class='ocr_par' dir='ltr' id='par_1_1' title="bbox 210 213 1123 329">
     <span class='ocr_line' id='line_1_1' title="bbox 210 213 1123 329; baseline 0.016 -17"><span class='ocrx_word' id='word_1_1' title='bbox 210 272 245 312; x_wconf 69' lang='lat' dir='ltr'><strong><em>a</em></strong></span> <span class='ocrx_word' id='word_1_2' title='bbox 269 249 428 312; x_wconf 78' lang='lat' dir='ltr'><strong><em>vmcu.</em></strong></span> <span class='ocrx_word' id='word_1_3' title='bbox 453 251 625 321; x_wconf 75' lang='lat' dir='ltr'><strong><em>aeuum</em></strong></span> <span class='ocrx_word' id='word_1_4' title='bbox 647 251 729 329; x_wconf 75' lang='lat' dir='ltr'><strong><em>uu.</em></strong></span> <span class='ocrx_word' id='word_1_5' title='bbox 752 254 837 328; x_wconf 78' lang='lat' dir='ltr'><strong><em>vui,</em></strong></span> <span class='ocrx_word' id='word_1_6' title='bbox 860 213 990 324; x_wconf 71' lang='lat' dir='ltr'><strong><em>o-io.</em></strong></span> <span class='ocrx_word' id='word_1_7' title='bbox 1056 261 1123 327; x_wconf 76' lang='lat' dir='ltr'><strong><em>teo</em></strong></span> 
     </span>
    </p>
   </div>
   <div class='ocr_carea' id='block_1_2' title="bbox 84 435 1119 713">
    <p class='ocr_par' dir='ltr' id='par_1_2' title="bbox 84 435 1119 713">
     <span class='ocr_line' id='line_1_2' title="bbox 85 435 1119 507; baseline 0.008 -21"><span class='ocrx_word' id='word_1_8' title='bbox 85 444 180 506; x_wconf 87' lang='lat' dir='ltr'><strong><em>posset</em></strong></span> <span class='ocrx_word' id='word_1_9' title='bbox 201 451 321 488; x_wconf 83' lang='lat' dir='ltr'><strong><em>movere.</em></strong></span> <span class='ocrx_word' id='word_1_10' title='bbox 368 435 493 489; x_wconf 82' lang='lat' dir='ltr'><strong><em>Venulus</em></strong></span> <span class='ocrx_word' id='word_1_11' title='bbox 500 459 509 499; x_wconf 93' lang='lat'><strong><em>,·</em></strong></span> <span class='ocrx_word' id='word_1_12' title='bbox 533 435 607 487; x_wconf 86' lang='lat' dir='ltr'><strong><em>huno</em></strong></span> <span class='ocrx_word' id='word_1_13' title='bbox 629 437 713 490; x_wconf 81' lang='lat' dir='ltr'><strong><em>fuisse</em></strong></span> <span class='ocrx_word' id='word_1_14' title='bbox 736 445 843 489; x_wconf 82' lang='lat' dir='ltr'><strong><em>constat</em></strong></span> <span class='ocrx_word' id='word_1_15' title='bbox 864 437 1002 507; x_wconf 81' lang='lat' dir='ltr'><strong><em>Argivum.</em></strong></span> <span class='ocrx_word' id='word_1_16' title='bbox 1045 440 1119 495; x_wconf 78' lang='lat' dir='ltr'><strong><em>Num</em></strong></span> 
     </span>
     <span class='ocr_line' id='line_1_3' title="bbox 86 503 1119 581; baseline 0.006 -25"><span class='ocrx_word' id='word_1_17' title='bbox 86 505 188 556; x_wconf 81' lang='lat' dir='ltr'><strong>Tiburs</strong></span> <span class='ocrx_word' id='word_1_18' title='bbox 206 512 266 569; x_wconf 85' lang='lat' dir='ltr'><strong><em>est,</em></strong></span> <span class='ocrx_word' id='word_1_19' title='bbox 296 512 328 554; x_wconf 91' lang='lat' dir='ltr'><strong><em>ut</em></strong></span> <span class='ocrx_word' id='word_1_20' title='bbox 349 503 395 557; x_wconf 89' lang='lat' dir='ltr'><strong><em>ille</em></strong></span> <span class='ocrx_word' id='word_1_21' title='bbox 418 504 522 557; x_wconf 83' lang='lat' dir='ltr'><strong><em>indicat</em></strong></span> <span class='ocrx_word' id='word_1_22' title='bbox 543 503 618 555; x_wconf 86' lang='lat' dir='ltr'><strong><em>locus</em></strong></span> <span class='ocrx_word' id='word_1_23' title='bbox 642 509 709 571; x_wconf 90' lang='lat'><strong><em>(11,</em></strong></span> <span class='ocrx_word' id='word_1_24' title='bbox 731 506 820 581; x_wconf 75' lang='lat'><strong><em>757.);</em></strong></span> <span class='ocrx_word' id='word_1_25' title='bbox 844 505 978 559; x_wconf 80' lang='lat' dir='ltr'><strong><em>Praedam</em></strong></span> <span class='ocrx_word' id='word_1_26' title='bbox 1004 508 1119 577; x_wconf 74' lang='lat' dir='ltr'><strong><em>Tiburti</em></strong></span> 
     </span>
     <span class='ocr_line' id='line_1_4' title="bbox 84 572 1118 642; baseline 0.01 -20"><span class='ocrx_word' id='word_1_27' title='bbox 84 573 172 640; x_wconf 82' lang='lat' dir='ltr'><strong>(codd.</strong></span> <span class='ocrx_word' id='word_1_28' title='bbox 193 573 359 639; x_wconf 79' lang='lat' dir='ltr'><strong><em>Tiburtum,</em></strong></span> <span class='ocrx_word' id='word_1_29' title='bbox 385 589 406 624; x_wconf 86' lang='lat' dir='ltr'><strong><em>s.</em></strong></span> <span class='ocrx_word' id='word_1_30' title='bbox 424 572 563 633; x_wconf 79' lang='lat' dir='ltr'><strong><em>tiburtem)</em></strong></span> <span class='ocrx_word' id='word_1_31' title='bbox 590 591 623 623; x_wconf 77' lang='lat' dir='ltr'><strong><em>erc</em></strong></span> <span class='ocrx_word' id='word_1_32' title='bbox 641 576 755 641; x_wconf 79' lang='lat' dir='ltr'><strong><em>agmine</em></strong></span> <span class='ocrx_word' id='word_1_33' title='bbox 781 587 889 642; x_wconf 83' lang='lat' dir='ltr'><strong><em>raptam</em></strong></span> <span class='ocrx_word' id='word_1_34' title='bbox 907 575 1003 629; x_wconf 80' lang='lat' dir='ltr'><strong><em>Ponat</em></strong></span> <span class='ocrx_word' id='word_1_35' title='bbox 1021 596 1118 632; x_wconf 83' lang='lat' dir='ltr'><strong><em>ouans.</em></strong></span> 
     </span>
     <span class='ocr_line' id='line_1_5' title="bbox 84 641 1118 713; baseline 0.007 -22"><span class='ocrx_word' id='word_1_36' title='bbox 84 642 175 708; x_wconf 89' lang='lat' dir='ltr'><strong><em>[Hunc</em></strong></span> <span class='ocrx_word' id='word_1_37' title='bbox 200 642 248 693; x_wconf 82' lang='lat' dir='ltr'><strong><em>alii</em></strong></span> <span class='ocrx_word' id='word_1_38' title='bbox 270 641 368 693; x_wconf 86' lang='lat' dir='ltr'><strong><em>Lavini</em></strong></span> <span class='ocrx_word' id='word_1_39' title='bbox 391 641 634 711; x_wconf 84' lang='lat' dir='ltr'><strong><em>imperassaolim</em></strong></span> <span class='ocrx_word' id='word_1_40' title='bbox 657 642 789 708; x_wconf 79' lang='lat' dir='ltr'><strong><em>tradunt]</em></strong></span> <span class='ocrx_word' id='word_1_41' title='bbox 806 668 840 680; x_wconf 84' lang='lat'><strong><em>—-</em></strong></span> <span class='ocrx_word' id='word_1_42' title='bbox 875 649 918 701; x_wconf 90' lang='lat'><strong><em>10.</em></strong></span> <span class='ocrx_word' id='word_1_43' title='bbox 945 644 1118 713; x_wconf 76' lang='lat' dir='ltr'><strong><em>consistere,-</em></strong></span> 
     </span>
    </p>
   </div>
   <div class='ocr_carea' id='block_1_3' title="bbox 82 709 1193 780">
    <p class='ocr_par' dir='ltr' id='par_1_3' title="bbox 82 709 1193 780">
     <span class='ocr_line' id='line_1_6' title="bbox 82 709 1193 780; baseline 0.006 -19"><span class='ocrx_word' id='word_1_44' title='bbox 82 709 144 761; x_wconf 87' lang='lat' dir='ltr'><strong><em>iam</em></strong></span> <span class='ocrx_word' id='word_1_45' title='bbox 166 725 223 761; x_wconf 85' lang='lat' dir='ltr'><strong><em>esse</em></strong></span> <span class='ocrx_word' id='word_1_46' title='bbox 240 710 379 774; x_wconf 86' lang='lat' dir='ltr'><strong><em>conditos,</em></strong></span> <span class='ocrx_word' id='word_1_47' title='bbox 403 711 422 760; x_wconf 92' lang='lat' dir='ltr'><strong><em>i.</em></strong></span> <span class='ocrx_word' id='word_1_48' title='bbox 440 728 463 761; x_wconf 91' lang='lat' dir='ltr'><strong><em>e.</em></strong></span> <span class='ocrx_word' id='word_1_49' title='bbox 480 709 612 762; x_wconf 78' lang='lat' dir='ltr'><strong><em>fundasse¹</em></strong></span> <span class='ocrx_word' id='word_1_50' title='bbox 624 711 771 763; x_wconf 85' lang='lat' dir='ltr'><strong><em>civitatem.</em></strong></span> <span class='ocrx_word' id='word_1_51' title='bbox 804 711 884 780; x_wconf 90' lang='lat' dir='ltr'><strong><em>[Plus</em></strong></span> <span class='ocrx_word' id='word_1_52' title='bbox 901 721 942 764; x_wconf 85' lang='lat' dir='ltr'><strong><em>est</em></strong></span> <span class='ocrx_word' id='word_1_53' title='bbox 958 715 1035 767; x_wconf 89' lang='lat' dir='ltr'><strong><em>enim</em></strong></span> <span class='ocrx_word' id='word_1_54' title='bbox 1053 732 1118 768; x_wconf 91' lang='lat' dir='ltr'><strong><em>con·</em></strong></span> <span class='ocrx_word' id='word_1_55' title='bbox 1189 760 1193 773; x_wconf 88' lang='lat'><strong><em>.</em></strong></span> 
     </span>
    </p>
   </div>
   <div class='ocr_carea' id='block_1_4' title="bbox 79 777 1158 987">
    <p class='ocr_par' dir='ltr' id='par_1_4' title="bbox 79 777 1158 987">
     <span class='ocr_line' id='line_1_7' title="bbox 83 777 1158 850; baseline 0.006 -22"><span class='ocrx_word' id='word_1_56' title='bbox 83 777 179 830; x_wconf 86' lang='lat' dir='ltr'><strong><em>sistere</em></strong></span> <span class='ocrx_word' id='word_1_57' title='bbox 203 795 289 846; x_wconf 82' lang='lat' dir='ltr'><strong><em>quom</em></strong></span> <span class='ocrx_word' id='word_1_58' title='bbox 312 778 422 831; x_wconf 84' lang='lat' dir='ltr'><strong><em>venisse.</em></strong></span> <span class='ocrx_word' id='word_1_59' title='bbox 447 804 483 815; x_wconf 90' lang='lat'><strong><em>—-</em></strong></span> <span class='ocrx_word' id='word_1_60' title='bbox 525 785 568 835; x_wconf 86' lang='lat'><strong><em>12.</em></strong></span> <span class='ocrx_word' id='word_1_61' title='bbox 593 779 721 847; x_wconf 74' lang='lat' dir='ltr'><strong><em>Inferre5</em></strong></span> <span class='ocrx_word' id='word_1_62' title='bbox 750 779 795 832; x_wconf 87' lang='lat' dir='ltr'><strong><em>bic</em></strong></span> <span class='ocrx_word' id='word_1_63' title='bbox 818 781 950 832; x_wconf 85' lang='lat' dir='ltr'><strong><em>invidiam</em></strong></span> <span class='ocrx_word' id='word_1_64' title='bbox 975 781 1055 834; x_wconf 85' lang='lat' dir='ltr'><strong><em>facit:</em></strong></span> <span class='ocrx_word' id='word_1_65' title='bbox 1087 791 1119 850; x_wconf 84' lang='lat' dir='ltr'><strong><em>ut</em></strong></span> <span class='ocrx_word' id='word_1_66' title='bbox 1152 804 1158 820; x_wconf 86' lang='lat'>·</span> 
     </span>
     <span class='ocr_line' id='line_1_8' title="bbox 82 844 1119 921; baseline 0.012 -28"><span class='ocrx_word' id='word_1_67' title='bbox 82 849 126 911; x_wconf 82' lang='lat'><strong><em>(1,</em></strong></span> <span class='ocrx_word' id='word_1_68' title='bbox 142 845 196 906; x_wconf 60' lang='lat' dir='ltr'><strong><em>fil:</em></strong></span> <span class='ocrx_word' id='word_1_69' title='bbox 220 847 394 914; x_wconf 78' lang='lat' dir='ltr'><strong><em>inferretque</em></strong></span> <span class='ocrx_word' id='word_1_70' title='bbox 412 849 478 898; x_wconf 81' lang='lat' dir='ltr'><strong><em>deas</em></strong></span> <span class='ocrx_word' id='word_1_71' title='bbox 495 844 597 912; x_wconf 65' lang='lat' dir='ltr'><strong><em>Leno,-</em></strong></span> <span class='ocrx_word' id='word_1_72' title='bbox 621 851 735 917; x_wconf 76' lang='lat' dir='ltr'><strong>proprie</strong></span> <span class='ocrx_word' id='word_1_73' title='bbox 760 847 835 900; x_wconf 87' lang='lat' dir='ltr'><strong><em>enim</em></strong></span> <span class='ocrx_word' id='word_1_74' title='bbox 860 849 1017 918; x_wconf 77' lang='lat' dir='ltr'><strong><em>inferuntur</em></strong></span> <span class='ocrx_word' id='word_1_75' title='bbox 1033 870 1119 921; x_wconf 84' lang='lat' dir='ltr'><strong><em>pana-</em></strong></span> 
     </span>
     <span class='ocr_line' id='line_1_9' title="bbox 79 913 1117 987; baseline 0.008 -23"><span class='ocrx_word' id='word_1_76' title='bbox 79 913 141 978; x_wconf 83' lang='lat' dir='ltr'><strong><em>tes.]</em></strong></span> <span class='ocrx_word' id='word_1_77' title='bbox 175 913 278 981; x_wconf 82' lang='lat' dir='ltr'><strong><em>Regem</em></strong></span> <span class='ocrx_word' id='word_1_78' title='bbox 302 934 331 965; x_wconf 86' lang='lat' dir='ltr'><strong><em>se</em></strong></span> <span class='ocrx_word' id='word_1_79' title='bbox 356 917 447 967; x_wconf 82' lang='lat' dir='ltr'><strong><em>dicere</em></strong></span> <span class='ocrx_word' id='word_1_80' title='bbox 471 917 565 981; x_wconf 79' lang='lat' dir='ltr'><strong><em>posti3</em></strong></span> <span class='ocrx_word' id='word_1_81' title='bbox 590 916 663 968; x_wconf 86' lang='lat' dir='ltr'><strong><em>unda</em></strong></span> <span class='ocrx_word' id='word_1_82' title='bbox 686 916 753 975; x_wconf 84' lang='lat' dir='ltr'><strong><em>illud</em></strong></span> <span class='ocrx_word' id='word_1_83' title='bbox 778 925 820 968; x_wconf 91' lang='lat' dir='ltr'><strong><em>est</em></strong></span> <span class='ocrx_word' id='word_1_84' title='bbox 845 919 937 983; x_wconf 81' lang='lat'><strong><em>(38.):</em></strong></span> <span class='ocrx_word' id='word_1_85' title='bbox 964 919 1117 987; x_wconf 72' lang='lat' dir='ltr'><strong><em>Expectare</em></strong></span> 
     </span>
    </p>
   </div>
   <div class='ocr_carea' id='block_1_5' title="bbox 82 982 1196 1052">
    <p class='ocr_par' dir='ltr' id='par_1_5' title="bbox 82 982 1196 1052">
     <span class='ocr_line' id='line_1_10' title="bbox 82 982 1196 1052; baseline 0.01 -20"><span class='ocrx_word' id='word_1_86' title='bbox 82 983 143 1033; x_wconf 83' lang='lat' dir='ltr'><strong><em>solo</em></strong></span> <span class='ocrx_word' id='word_1_87' title='bbox 161 982 344 1035; x_wconf 78' lang='lat' dir='ltr'><strong><em>Laurentum.</em></strong></span> <span class='ocrx_word' id='word_1_88' title='bbox 378 983 415 1034; x_wconf 87' lang='lat' dir='ltr'><strong><em>Et</em></strong></span> <span class='ocrx_word' id='word_1_89' title='bbox 431 984 546 1036; x_wconf 88' lang='lat' dir='ltr'><strong><em>dicendo</em></strong></span> <span class='ocrx_word' id='word_1_90' title='bbox 564 985 658 1051; x_wconf 83' lang='lat' dir='ltr'><strong><em>posci,</em></strong></span> <span class='ocrx_word' id='word_1_91' title='bbox 682 986 739 1052; x_wconf 83' lang='lat' dir='ltr'><strong><em>agit</em></strong></span> <span class='ocrx_word' id='word_1_92' title='bbox 755 985 898 1043; x_wconf 73' lang='lat' dir='ltr'><strong><em>subtiliter.</em></strong></span> <span class='ocrx_word' id='word_1_93' title='bbox 931 988 1004 1038; x_wconf 89' lang='lat' dir='ltr'><strong><em>Nam</em></strong></span> <span class='ocrx_word' id='word_1_94' title='bbox 1020 990 1044 1040; x_wconf 88' lang='lat' dir='ltr'><strong><em>si</em></strong></span> <span class='ocrx_word' id='word_1_95' title='bbox 1059 1005 1117 1043; x_wconf 80' lang='lat' dir='ltr'><strong><em>non</em></strong></span> <span class='ocrx_word' id='word_1_96' title='bbox 1194 1027 1196 1031; x_wconf 92' lang='lat'>-</span> 
     </span>
    </p>
   </div>
   <div class='ocr_carea' id='block_1_6' title="bbox 73 1051 1120 1810">
    <p class='ocr_par' dir='ltr' id='par_1_6' title="bbox 73 1051 1120 1810">
     <span class='ocr_line' id='line_1_11' title="bbox 81 1051 1118 1122; baseline 0.011 -22"><span class='ocrx_word' id='word_1_97' title='bbox 81 1051 158 1102; x_wconf 77' lang='lat' dir='ltr'><strong><em>venit</em></strong></span> <span class='ocrx_word' id='word_1_98' title='bbox 175 1066 284 1119; x_wconf 88' lang='lat' dir='ltr'><strong><em>errore,</em></strong></span> <span class='ocrx_word' id='word_1_99' title='bbox 307 1053 355 1104; x_wconf 87' lang='lat' dir='ltr'><strong><em>sed</em></strong></span> <span class='ocrx_word' id='word_1_100' title='bbox 377 1055 452 1116; x_wconf 79' lang='lat' dir='ltr'><strong><em>fato,</em></strong></span> <span class='ocrx_word' id='word_1_101' title='bbox 474 1064 587 1106; x_wconf 80' lang='lat' dir='ltr'><strong><em>omnem</em></strong></span> <span class='ocrx_word' id='word_1_102' title='bbox 610 1053 664 1105; x_wconf 88' lang='lat' dir='ltr'><strong><em>sibi</em></strong></span> <span class='ocrx_word' id='word_1_103' title='bbox 686 1055 781 1122; x_wconf 86' lang='lat' dir='ltr'><strong><em>utique</em></strong></span> <span class='ocrx_word' id='word_1_104' title='bbox 796 1062 848 1117; x_wconf 61' lang='lat' dir='ltr'><strong><em>‚est</em></strong></span> <span class='ocrx_word' id='word_1_105' title='bbox 863 1054 1046 1107; x_wconf 85' lang='lat' dir='ltr'><strong><em>vindicaturus</em></strong></span> <span class='ocrx_word' id='word_1_106' title='bbox 1062 1059 1118 1111; x_wconf 85' lang='lat' dir='ltr'><strong><em>Ita·</em></strong></span> 
     </span>
     <span class='ocr_line' id='line_1_12' title="bbox 79 1116 1117 1191; baseline 0.01 -22"><span class='ocrx_word' id='word_1_107' title='bbox 79 1116 165 1184; x_wconf 83' lang='lat' dir='ltr'><strong><em>liam,</em></strong></span> <span class='ocrx_word' id='word_1_108' title='bbox 181 1120 239 1172; x_wconf 86' lang='lat' dir='ltr'><strong><em>sine</em></strong></span> <span class='ocrx_word' id='word_1_109' title='bbox 257 1120 340 1173; x_wconf 91' lang='lat' dir='ltr'><strong><em>dubio</em></strong></span> <span class='ocrx_word' id='word_1_110' title='bbox 356 1129 385 1174; x_wconf 90' lang='lat' dir='ltr'><strong><em>et</em></strong></span> <span class='ocrx_word' id='word_1_111' title='bbox 399 1121 541 1173; x_wconf 84' lang='lat' dir='ltr'><strong><em>Diomedis</em></strong></span> <span class='ocrx_word' id='word_1_112' title='bbox 556 1120 715 1188; x_wconf 89' lang='lat' dir='ltr'><strong><em>imperium.</em></strong></span> <span class='ocrx_word' id='word_1_113' title='bbox 751 1122 913 1189; x_wconf 77' lang='lat' dir='ltr'><strong><em>[Victorque</em></strong></span> <span class='ocrx_word' id='word_1_114' title='bbox 929 1134 1060 1191; x_wconf 58' lang='lat' dir='ltr'><strong><em>petentem</em></strong></span> <span class='ocrx_word' id='word_1_115' title='bbox 1084 1135 1117 1179; x_wconf 87' lang='lat' dir='ltr'><strong><em>ut</em></strong></span> 
     </span>
     <span class='ocr_line' id='line_1_13' title="bbox 80 1187 1117 1261; baseline 0.008 -24"><span class='ocrx_word' id='word_1_116' title='bbox 80 1188 174 1239; x_wconf 82' lang='lat' dir='ltr'><strong><em>maior</em></strong></span> <span class='ocrx_word' id='word_1_117' title='bbox 190 1187 225 1238; x_wconf 88' lang='lat' dir='ltr'><strong><em>sit</em></strong></span> <span class='ocrx_word' id='word_1_118' title='bbox 247 1189 416 1258; x_wconf 76' lang='lat' dir='ltr'>indignatio,</span> <span class='ocrx_word' id='word_1_119' title='bbox 439 1196 468 1241; x_wconf 86' lang='lat' dir='ltr'><strong><em>et</em></strong></span> <span class='ocrx_word' id='word_1_120' title='bbox 491 1198 568 1240; x_wconf 78' lang='lat' dir='ltr'><strong><em>amat</em></strong></span> <span class='ocrx_word' id='word_1_121' title='bbox 583 1190 683 1255; x_wconf 81' lang='lat' dir='ltr'><strong><em>Po&#39;e&#39;ta,</em></strong></span> <span class='ocrx_word' id='word_1_122' title='bbox 708 1190 833 1257; x_wconf 75' lang='lat' dir='ltr'><strong><em>qrtotiens</em></strong></span> <span class='ocrx_word' id='word_1_123' title='bbox 859 1191 1002 1244; x_wconf 86' lang='lat' dir='ltr'><strong><em>adversum</em></strong></span> <span class='ocrx_word' id='word_1_124' title='bbox 1019 1194 1117 1261; x_wconf 69' lang='lat' dir='ltr'><strong><em>Troia-</em></strong></span> 
     </span>
     <span class='ocr_line' id='line_1_14' title="bbox 78 1258 1119 1328; baseline 0.008 -21"><span class='ocrx_word' id='word_1_125' title='bbox 78 1272 129 1307; x_wconf 86' lang='lat' dir='ltr'><strong><em>nos</em></strong></span> <span class='ocrx_word' id='word_1_126' title='bbox 147 1266 296 1326; x_wconf 85' lang='lat' dir='ltr'><strong><em>poscuntur</em></strong></span> <span class='ocrx_word' id='word_1_127' title='bbox 313 1258 430 1322; x_wconf 85' lang='lat' dir='ltr'><strong><em>auxilia,</em></strong></span> <span class='ocrx_word' id='word_1_128' title='bbox 456 1258 601 1325; x_wconf 88' lang='lat' dir='ltr'><strong><em>penatibus</em></strong></span> <span class='ocrx_word' id='word_1_129' title='bbox 618 1258 754 1311; x_wconf 86' lang='lat' dir='ltr'><strong><em>victorum</em></strong></span> <span class='ocrx_word' id='word_1_130' title='bbox 771 1260 878 1311; x_wconf 81' lang='lat' dir='ltr'><strong><em>crimen</em></strong></span> <span class='ocrx_word' id='word_1_131' title='bbox 895 1259 1068 1328; x_wconf 79' lang='lat' dir='ltr'><strong><em>adscribere,</em></strong></span> <span class='ocrx_word' id='word_1_132' title='bbox 1084 1271 1119 1315; x_wconf 89' lang='lat' dir='ltr'><strong><em>ut</em></strong></span> 
     </span>
     <span class='ocr_line' id='line_1_15' title="bbox 77 1325 1116 1398; baseline 0.008 -24"><span class='ocrx_word' id='word_1_133' title='bbox 77 1325 156 1394; x_wconf 79' lang='lat' dir='ltr'><strong><em>apud</em></strong></span> <span class='ocrx_word' id='word_1_134' title='bbox 169 1326 285 1377; x_wconf 84' lang='lat' dir='ltr'><strong><em>Aeolum</em></strong></span> <span class='ocrx_word' id='word_1_135' title='bbox 310 1331 353 1394; x_wconf 87' lang='lat'><strong><em>(1,</em></strong></span> <span class='ocrx_word' id='word_1_136' title='bbox 369 1325 439 1388; x_wconf 78' lang='grc'>68.);</span> <span class='ocrx_word' id='word_1_137' title='bbox 461 1327 550 1377; x_wconf 74' lang='lat' dir='ltr'><strong><em>ilium</em></strong></span> <span class='ocrx_word' id='word_1_138' title='bbox 576 1327 607 1377; x_wconf 89' lang='lat' dir='ltr'><strong><em>in</em></strong></span> <span class='ocrx_word' id='word_1_139' title='bbox 625 1327 740 1377; x_wconf 85' lang='lat' dir='ltr'><strong><em>Italiam</em></strong></span> <span class='ocrx_word' id='word_1_140' title='bbox 765 1341 881 1394; x_wconf 86' lang='lat' dir='ltr'><strong><em>portans</em></strong></span> <span class='ocrx_word' id='word_1_141' title='bbox 906 1330 1048 1397; x_wconf 75' lang='lat' dir='ltr'><strong><em>victosque</em></strong></span> <span class='ocrx_word' id='word_1_142' title='bbox 1071 1330 1116 1398; x_wconf 75' lang='lat' dir='ltr'><strong><em>pe-</em></strong></span> 
     </span>
     <span class='ocr_line' id='line_1_16' title="bbox 80 1391 1115 1466; baseline 0.01 -24"><span class='ocrx_word' id='word_1_143' title='bbox 80 1391 180 1457; x_wconf 64' lang='lat' dir='ltr'><strong><em>nates}</em></strong></span> <span class='ocrx_word' id='word_1_144' title='bbox 198 1419 232 1431; x_wconf 91' lang='lat'><em>-</em></span> <span class='ocrx_word' id='word_1_145' title='bbox 268 1402 310 1452; x_wconf 82' lang='lat'><strong><em>13.</em></strong></span> <span class='ocrx_word' id='word_1_146' title='bbox 331 1395 398 1447; x_wconf 85' lang='lat' dir='ltr'><strong><em>Viro</em></strong></span> <span class='ocrx_word' id='word_1_147' title='bbox 417 1412 446 1444; x_wconf 85' lang='lat' dir='ltr'><strong><em>se</em></strong></span> <span class='ocrx_word' id='word_1_148' title='bbox 464 1396 619 1461; x_wconf 90' lang='lat' dir='ltr'><strong><em>adiungere</em></strong></span> <span class='ocrx_word' id='word_1_149' title='bbox 636 1408 731 1462; x_wconf 83' lang='lat' dir='ltr'><strong><em>genter</em></strong></span> <span class='ocrx_word' id='word_1_150' title='bbox 748 1395 915 1459; x_wconf 75' lang='lat' dir='ltr'><strong><em>Dardania,</em></strong></span> <span class='ocrx_word' id='word_1_151' title='bbox 931 1398 989 1466; x_wconf 88' lang='lat' dir='ltr'><strong><em>[hic</em></strong></span> <span class='ocrx_word' id='word_1_152' title='bbox 1006 1407 1115 1452; x_wconf 85' lang='lat' dir='ltr'><strong><em>metum</em></strong></span> 
     </span>
     <span class='ocr_line' id='line_1_17' title="bbox 76 1461 1115 1529; baseline 0.006 -17"><span class='ocrx_word' id='word_1_153' title='bbox 76 1461 185 1525; x_wconf 80' lang='lat' dir='ltr'><strong><em>iniicit,</em></strong></span> <span class='ocrx_word' id='word_1_154' title='bbox 207 1461 252 1527; x_wconf 85' lang='lat' dir='ltr'><strong><em>et]</em></strong></span> <span class='ocrx_word' id='word_1_155' title='bbox 274 1463 346 1516; x_wconf 86' lang='lat' dir='ltr'><strong><em>bene</em></strong></span> <span class='ocrx_word' id='word_1_156' title='bbox 362 1479 419 1515; x_wconf 90' lang='lat' dir='ltr'><strong><em>non</em></strong></span> <span class='ocrx_word' id='word_1_157' title='bbox 437 1463 543 1513; x_wconf 85' lang='lat' dir='ltr'><strong><em>Aeneae</em></strong></span> <span class='ocrx_word' id='word_1_158' title='bbox 561 1464 643 1529; x_wconf 82' lang='lat' dir='ltr'>dixit,</span> <span class='ocrx_word' id='word_1_159' title='bbox 666 1465 714 1515; x_wconf 87' lang='lat' dir='ltr'><strong><em>sed</em></strong></span> <span class='ocrx_word' id='word_1_160' title='bbox 731 1467 793 1517; x_wconf 85' lang='lat' dir='ltr'><strong><em>viro</em></strong></span> <span class='ocrx_word' id='word_1_161' title='bbox 812 1465 980 1518; x_wconf 82' lang='lat' dir='ltr'><strong><em>Dardanios</em></strong></span> <span class='ocrx_word' id='word_1_162' title='bbox 1004 1474 1035 1516; x_wconf 90' lang='lat' dir='ltr'><strong><em>ut</em></strong></span> <span class='ocrx_word' id='word_1_163' title='bbox 1056 1482 1115 1524; x_wconf 84' lang='lat' dir='ltr'><strong><em>non</em></strong></span> 
     </span>
     <span class='ocr_line' id='line_1_18' title="bbox 75 1529 1114 1601; baseline 0.012 -22"><span class='ocrx_word' id='word_1_164' title='bbox 75 1530 112 1580; x_wconf 82' lang='lat' dir='ltr'><strong><em>sit</em></strong></span> <span class='ocrx_word' id='word_1_165' title='bbox 137 1529 257 1594; x_wconf 87' lang='lat' dir='ltr'><strong><em>mirum,</em></strong></span> <span class='ocrx_word' id='word_1_166' title='bbox 280 1532 303 1582; x_wconf 88' lang='lat' dir='ltr'><strong><em>si</em></strong></span> <span class='ocrx_word' id='word_1_167' title='bbox 326 1531 510 1599; x_wconf 82' lang='lat' dir='ltr'><strong><em>sequebantur</em></strong></span> <span class='ocrx_word' id='word_1_168' title='bbox 535 1531 682 1583; x_wconf 87' lang='lat' dir='ltr'><strong><em>bominem</em></strong></span> <span class='ocrx_word' id='word_1_169' title='bbox 706 1531 759 1583; x_wconf 90' lang='lat' dir='ltr'><strong><em>sibi</em></strong></span> <span class='ocrx_word' id='word_1_170' title='bbox 780 1533 945 1601; x_wconf 82' lang='lat' dir='ltr'><strong><em>cognatione</em></strong></span> <span class='ocrx_word' id='word_1_171' title='bbox 970 1536 1114 1591; x_wconf 81' lang='lat' dir='ltr'><strong><em>sociatum.</em></strong></span> 
     </span>
     <span class='ocr_line' id='line_1_19' title="bbox 74 1596 1120 1669; baseline 0.009 -23"><span class='ocrx_word' id='word_1_172' title='bbox 74 1597 113 1661; x_wconf 79' lang='lat' dir='ltr'><strong><em>Ut</em></strong></span> <span class='ocrx_word' id='word_1_173' title='bbox 138 1604 183 1662; x_wconf 78' lang='lat'><strong><em>(7,</em></strong></span> <span class='ocrx_word' id='word_1_174' title='bbox 199 1598 283 1660; x_wconf 81' lang='lat'><strong><em>240.):</em></strong></span> <span class='ocrx_word' id='word_1_175' title='bbox 306 1599 385 1650; x_wconf 89' lang='lat' dir='ltr'><strong><em>Hinc</em></strong></span> <span class='ocrx_word' id='word_1_176' title='bbox 402 1596 560 1651; x_wconf 81' lang='lat' dir='ltr'><strong><em>Dardanus</em></strong></span> <span class='ocrx_word' id='word_1_177' title='bbox 580 1611 672 1663; x_wconf 87' lang='lat' dir='ltr'><strong><em>crtus;</em></strong></span> <span class='ocrx_word' id='word_1_178' title='bbox 700 1599 764 1649; x_wconf 86' lang='lat' dir='ltr'><strong><em>Huc</em></strong></span> <span class='ocrx_word' id='word_1_179' title='bbox 780 1604 885 1669; x_wconf 73' lang='lat' dir='ltr'><strong><em>repetit.</em></strong></span> <span class='ocrx_word' id='word_1_180' title='bbox 903 1628 939 1667; x_wconf 88' lang='lat'><strong><em>·.&#39;&#39;</em></strong></span> <span class='ocrx_word' id='word_1_181' title='bbox 973 1607 1017 1663; x_wconf 84' lang='lat'><strong><em>15.</em></strong></span> <span class='ocrx_word' id='word_1_182' title='bbox 1035 1601 1120 1669; x_wconf 83' lang='lat' dir='ltr'><strong><em>Quid&#39;</em></strong></span> 
     </span>
     <span class='ocr_line' id='line_1_20' title="bbox 73 1666 1114 1740; baseline 0.011 -26"><span class='ocrx_word' id='word_1_183' title='bbox 73 1666 239 1736; x_wconf 63' lang='lat' dir='ltr'><strong><em>struatmis</em></strong></span> <span class='ocrx_word' id='word_1_184' title='bbox 264 1671 384 1734; x_wconf 59' lang='lat' dir='ltr'><strong><em>carptim</em></strong></span> <span class='ocrx_word' id='word_1_185' title='bbox 410 1684 477 1721; x_wconf 88' lang='lat' dir='ltr'><strong><em>cum</em></strong></span> <span class='ocrx_word' id='word_1_186' title='bbox 499 1668 567 1719; x_wconf 85' lang='lat' dir='ltr'><strong><em>haec</em></strong></span> <span class='ocrx_word' id='word_1_187' title='bbox 592 1669 649 1718; x_wconf 83' lang='lat' dir='ltr'><strong><em>iam</em></strong></span> <span class='ocrx_word' id='word_1_188' title='bbox 672 1668 803 1735; x_wconf 84' lang='lat' dir='ltr'><strong><em>coeperit.</em></strong></span> <span class='ocrx_word' id='word_1_189' title='bbox 845 1670 881 1720; x_wconf 90' lang='lat' dir='ltr'><strong><em>Et</em></strong></span> <span class='ocrx_word' id='word_1_190' title='bbox 904 1669 1114 1740; x_wconf 77' lang='lat' dir='ltr'><strong><em>participialiter</em></strong></span> 
     </span>
     <span class='ocr_line' id='line_1_21' title="bbox 73 1734 1113 1810; baseline 0.008 -27"><span class='ocrx_word' id='word_1_191' title='bbox 73 1734 159 1798; x_wconf 83' lang='lat' dir='ltr'><strong><em>dixit,</em></strong></span> <span class='ocrx_word' id='word_1_192' title='bbox 182 1735 217 1786; x_wconf 84' lang='lat' dir='ltr'><strong><em>ab</em></strong></span> <span class='ocrx_word' id='word_1_193' title='bbox 243 1751 276 1787; x_wconf 89' lang='lat' dir='ltr'><strong><em>eo</em></strong></span> <span class='ocrx_word' id='word_1_194' title='bbox 300 1737 374 1804; x_wconf 86' lang='lat' dir='ltr'><strong><em>quod</em></strong></span> <span class='ocrx_word' id='word_1_195' title='bbox 397 1744 438 1787; x_wconf 86' lang='lat' dir='ltr'><strong><em>est</em></strong></span> <span class='ocrx_word' id='word_1_196' title='bbox 457 1738 586 1802; x_wconf 74' lang='lat' dir='ltr'><strong><em>incipio,</em></strong></span> <span class='ocrx_word' id='word_1_197' title='bbox 609 1749 720 1802; x_wconf 86' lang='lat' dir='ltr'><strong><em>coeptus</em></strong></span> <span class='ocrx_word' id='word_1_198' title='bbox 744 1738 818 1788; x_wconf 78' lang='lat' dir='ltr'><strong><em>fucit.</em></strong></span> <span class='ocrx_word' id='word_1_199' title='bbox 850 1739 923 1810; x_wconf 72' lang='lat' dir='ltr'><strong><em>Hinc</em></strong></span> <span class='ocrx_word' id='word_1_200' title='bbox 941 1745 982 1788; x_wconf 85' lang='lat' dir='ltr'><strong><em>est</em></strong></span> <span class='ocrx_word' id='word_1_201' title='bbox 1000 1743 1113 1808; x_wconf 86' lang='lat' dir='ltr'><strong><em>coeptis.</em></strong></span> 
     </span>
    </p>
   </div>
   <div class='ocr_carea' id='block_1_7' title="bbox 71 1801 1191 1872">
    <p class='ocr_par' dir='ltr' id='par_1_7' title="bbox 71 1801 1191 1872">
     <span class='ocr_line' id='line_1_22' title="bbox 71 1801 1191 1872; baseline 0.011 -22"><span class='ocrx_word' id='word_1_202' title='bbox 71 1801 168 1869; x_wconf 77' lang='lat' dir='ltr'><strong><em>Quem</em></strong></span> <span class='ocrx_word' id='word_1_203' title='bbox 201 1804 228 1854; x_wconf 83' lang='lat' dir='ltr'><strong><em>si</em></strong></span> <span class='ocrx_word' id='word_1_204' title='bbox 244 1804 373 1872; x_wconf 77' lang='lat' dir='ltr'><strong><em>[fortuna</em></strong></span> <span class='ocrx_word' id='word_1_205' title='bbox 405 1817 552 1871; x_wconf 86' lang='lat' dir='ltr'><strong><em>sequntur,</em></strong></span> <span class='ocrx_word' id='word_1_206' title='bbox 584 1819 710 1854; x_wconf 88' lang='lat' dir='ltr'><strong><em>eventum</em></strong></span> <span class='ocrx_word' id='word_1_207' title='bbox 736 1813 805 1866; x_wconf 86' lang='lat' dir='ltr'><strong><em>etc.;</em></strong></span> <span class='ocrx_word' id='word_1_208' title='bbox 823 1846 825 1853; x_wconf 95' lang='lat'><strong><em>.</em></strong></span> <span class='ocrx_word' id='word_1_209' title='bbox 843 1807 865 1855; x_wconf 87' lang='lat' dir='ltr'><strong><em>si</em></strong></span> <span class='ocrx_word' id='word_1_210' title='bbox 896 1821 963 1857; x_wconf 91' lang='lat' dir='ltr'><strong><em>eum</em></strong></span> <span class='ocrx_word' id='word_1_211' title='bbox 998 1807 1111 1862; x_wconf 75' lang='lat' dir='ltr'><strong><em>fortuna</em></strong></span> <span class='ocrx_word' id='word_1_212' title='bbox 1189 1836 1191 1843; x_wconf 95' lang='lat'><em>·</em></span> 
     </span>
    </p>
   </div>
   <div class='ocr_carea' id='block_1_8' title="bbox 67 1871 1187 4060">
    <p class='ocr_par' dir='ltr' id='par_1_8' title="bbox 67 1871 1187 3172">
     <span class='ocr_line' id='line_1_23' title="bbox 69 1871 1156 1940; baseline 0.007 -19"><span class='ocrx_word' id='word_1_213' title='bbox 69 1871 244 1936; x_wconf 87' lang='lat' dir='ltr'><strong><em>comitetur,</em></strong></span> <span class='ocrx_word' id='word_1_214' title='bbox 266 1889 351 1940; x_wconf 87' lang='lat' dir='ltr'><strong><em>quem</em></strong></span> <span class='ocrx_word' id='word_1_215' title='bbox 380 1873 465 1924; x_wconf 88' lang='lat' dir='ltr'><strong><em>finam</em></strong></span> <span class='ocrx_word' id='word_1_216' title='bbox 489 1889 554 1923; x_wconf 87' lang='lat' dir='ltr'><strong><em>suae</em></strong></span> <span class='ocrx_word' id='word_1_217' title='bbox 576 1873 640 1924; x_wconf 86' lang='lat' dir='ltr'><strong><em>velit</em></strong></span> <span class='ocrx_word' id='word_1_218' title='bbox 664 1889 721 1925; x_wconf 82' lang='lat' dir='ltr'><strong><em>esse</em></strong></span> <span class='ocrx_word' id='word_1_219' title='bbox 753 1872 900 1938; x_wconf 85' lang='lat' dir='ltr'><strong><em>victoriae,</em></strong></span> <span class='ocrx_word' id='word_1_220' title='bbox 929 1871 1022 1940; x_wconf 80' lang='lat' dir='ltr'><strong><em>ipsum</em></strong></span> <span class='ocrx_word' id='word_1_221' title='bbox 1050 1893 1111 1929; x_wconf 88' lang='lat' dir='ltr'><strong><em>me·</em></strong></span> <span class='ocrx_word' id='word_1_222' title='bbox 1151 1888 1156 1899; x_wconf 86' lang='lat'><strong><em>¹</em></strong></span> 
     </span>
     <span class='ocr_line' id='line_1_24' title="bbox 67 1939 1110 2011; baseline 0.004 -19"><span class='ocrx_word' id='word_1_223' title='bbox 67 1939 123 1992; x_wconf 90' lang='lat' dir='ltr'><strong><em>lius</em></strong></span> <span class='ocrx_word' id='word_1_224' title='bbox 147 1957 240 2005; x_wconf 86' lang='lat' dir='ltr'><strong><em>nosse,</em></strong></span> <span class='ocrx_word' id='word_1_225' title='bbox 263 1942 384 2008; x_wconf 79' lang='lat' dir='ltr'><strong><em>quiism</em></strong></span> <span class='ocrx_word' id='word_1_226' title='bbox 400 1942 528 2008; x_wconf 79' lang='lat' dir='ltr'><strong><em>antiquus</em></strong></span> <span class='ocrx_word' id='word_1_227' title='bbox 546 1947 587 1991; x_wconf 88' lang='lat' dir='ltr'><strong><em>est</em></strong></span> <span class='ocrx_word' id='word_1_228' title='bbox 608 1941 700 1992; x_wconf 85' lang='lat' dir='ltr'><strong><em>hostis.</em></strong></span> <span class='ocrx_word' id='word_1_229' title='bbox 734 1941 826 2008; x_wconf 87' lang='lat' dir='ltr'><strong><em>[Ergo</em></strong></span> <span class='ocrx_word' id='word_1_230' title='bbox 844 1958 924 2008; x_wconf 77' lang='lat' dir='ltr'><strong><em>quem</em></strong></span> <span class='ocrx_word' id='word_1_231' title='bbox 948 1948 1028 1994; x_wconf 85' lang='lat' dir='ltr'><strong><em>acute</em></strong></span> <span class='ocrx_word' id='word_1_232' title='bbox 1045 1945 1110 2011; x_wconf 81' lang='lat' dir='ltr'><strong><em>pro·</em></strong></span> 
     </span>
     <span class='ocr_line' id='line_1_25' title="bbox 67 2008 1145 2085; baseline 0.003 -25"><span class='ocrx_word' id='word_1_233' title='bbox 67 2008 270 2073; x_wconf 82' lang='lat' dir='ltr'><strong><em>nunciandum,</em></strong></span> <span class='ocrx_word' id='word_1_234' title='bbox 287 2017 317 2060; x_wconf 92' lang='lat' dir='ltr'><strong><em>ut</em></strong></span> <span class='ocrx_word' id='word_1_235' title='bbox 329 2010 365 2061; x_wconf 88' lang='lat' dir='ltr'><strong><em>sit</em></strong></span> <span class='ocrx_word' id='word_1_236' title='bbox 378 2011 460 2063; x_wconf 87' lang='lat' dir='ltr'><strong><em>ordo:</em></strong></span> <span class='ocrx_word' id='word_1_237' title='bbox 480 2025 563 2075; x_wconf 89' lang='lat' dir='ltr'><strong><em>quem</em></strong></span> <span class='ocrx_word' id='word_1_238' title='bbox 576 2018 705 2060; x_wconf 88' lang='lat' dir='ltr'><strong><em>eventurn</em></strong></span> <span class='ocrx_word' id='word_1_239' title='bbox 719 2024 829 2076; x_wconf 84' lang='lat' dir='ltr'><strong><em>pugnae</em></strong></span> <span class='ocrx_word' id='word_1_240' title='bbox 838 2010 943 2079; x_wconf 80' lang='lat' dir='ltr'><strong><em>cupiat,</em></strong></span> <span class='ocrx_word' id='word_1_241' title='bbox 960 2009 983 2060; x_wconf 87' lang='lat' dir='ltr'><strong><em>si</em></strong></span> <span class='ocrx_word' id='word_1_242' title='bbox 999 2010 1112 2066; x_wconf 85' lang='lat' dir='ltr'><strong><em>fortuna</em></strong></span> <span class='ocrx_word' id='word_1_243' title='bbox 1135 2069 1145 2085; x_wconf 28' lang='lat' dir='ltr'>N</span> 
     </span>
     <span class='ocr_line' id='line_1_26' title="bbox 67 2074 1112 2147; baseline 0.005 -19"><span class='ocrx_word' id='word_1_244' title='bbox 67 2074 224 2144; x_wconf 72' lang='lat' dir='ltr'><strong><em>aequatur]</em></strong></span> <span class='ocrx_word' id='word_1_245' title='bbox 235 2103 271 2114; x_wconf 89' lang='lat'>—</span> <span class='ocrx_word' id='word_1_246' title='bbox 306 2083 348 2136; x_wconf 79' lang='grc'><strong><em>16.</em></strong></span> <span class='ocrx_word' id='word_1_247' title='bbox 365 2077 556 2147; x_wconf 83' lang='lat' dir='ltr'><strong><em>Manifestius</em></strong></span> <span class='ocrx_word' id='word_1_248' title='bbox 571 2079 629 2144; x_wconf 81' lang='lat' dir='ltr'><strong><em>ipsi</em></strong></span> <span class='ocrx_word' id='word_1_249' title='bbox 635 2098 644 2143; x_wconf 84' lang='lat'>;</span> <span class='ocrx_word' id='word_1_250' title='bbox 662 2078 718 2128; x_wconf 85' lang='lat' dir='ltr'><strong><em>vult</em></strong></span> <span class='ocrx_word' id='word_1_251' title='bbox 734 2085 829 2129; x_wconf 86' lang='lat' dir='ltr'><strong><em>autem</em></strong></span> <span class='ocrx_word' id='word_1_252' title='bbox 845 2077 972 2143; x_wconf 82' lang='lat' dir='ltr'><strong><em>intelligi,</em></strong></span> <span class='ocrx_word' id='word_1_253' title='bbox 988 2079 1112 2133; x_wconf 76' lang='lat' dir='ltr'><strong><em>Aeneam</em></strong></span> 
     </span>
     <span class='ocr_line' id='line_1_27' title="bbox 69 2145 1111 2219; baseline -0.001 -20"><span class='ocrx_word' id='word_1_254' title='bbox 69 2147 160 2199; x_wconf 83' lang='lat' dir='ltr'><strong><em>etiam</em></strong></span> <span class='ocrx_word' id='word_1_255' title='bbox 183 2153 280 2197; x_wconf 88' lang='lat' dir='ltr'><strong><em>contra</em></strong></span> <span class='ocrx_word' id='word_1_256' title='bbox 305 2146 472 2203; x_wconf 80' lang='lat' dir='ltr'><strong><em>Diomedem</em></strong></span> <span class='ocrx_word' id='word_1_257' title='bbox 495 2145 569 2197; x_wconf 88' lang='lat' dir='ltr'><strong><em>bella</em></strong></span> <span class='ocrx_word' id='word_1_258' title='bbox 591 2153 750 2213; x_wconf 71' lang='lat' dir='ltr'><strong><em>gestuum:</em></strong></span> <span class='ocrx_word' id='word_1_259' title='bbox 781 2161 838 2197; x_wconf 87' lang='lat' dir='ltr'><strong><em>non</em></strong></span> <span class='ocrx_word' id='word_1_260' title='bbox 861 2153 971 2199; x_wconf 82' lang='lat' dir='ltr'><strong><em>tantum</em></strong></span> <span class='ocrx_word' id='word_1_261' title='bbox 985 2190 987 2197; x_wconf 94' lang='lat'><strong><em>.</em></strong></span> <span class='ocrx_word' id='word_1_262' title='bbox 994 2157 1111 2219; x_wconf 84' lang='lat' dir='ltr'><strong><em>propter</em></strong></span> 
     </span>
     <span class='ocr_line' id='line_1_28' title="bbox 68 2214 1116 2284; baseline 0.001 -19"><span class='ocrx_word' id='word_1_263' title='bbox 68 2231 202 2284; x_wconf 84' lang='lat' dir='ltr'><strong><em>praesens</em></strong></span> <span class='ocrx_word' id='word_1_264' title='bbox 225 2214 393 2282; x_wconf 87' lang='lat' dir='ltr'><strong><em>imperium,</em></strong></span> <span class='ocrx_word' id='word_1_265' title='bbox 414 2216 462 2267; x_wconf 84' lang='lat' dir='ltr'><strong><em>sed</em></strong></span> <span class='ocrx_word' id='word_1_266' title='bbox 486 2221 514 2266; x_wconf 89' lang='lat' dir='ltr'><strong><em>et</em></strong></span> <span class='ocrx_word' id='word_1_267' title='bbox 536 2229 619 2265; x_wconf 80' lang='lat' dir='ltr'><strong><em>causa</em></strong></span> <span class='ocrx_word' id='word_1_268' title='bbox 641 2214 797 2265; x_wconf 85' lang='lat' dir='ltr'><strong><em>hostilitatis</em></strong></span> <span class='ocrx_word' id='word_1_269' title='bbox 821 2214 959 2282; x_wconf 81' lang='lat' dir='ltr'><strong><em>antiquae.</em></strong></span> <span class='ocrx_word' id='word_1_270' title='bbox 982 2239 1021 2283; x_wconf 37' lang='grc' dir='ltr'><strong><em>-Ι</em></strong></span> <span class='ocrx_word' id='word_1_271' title='bbox 1062 2223 1116 2276; x_wconf 84' lang='grc'><strong>18.’</strong></span> 
     </span>
     <span class='ocr_line' id='line_1_29' title="bbox 71 2281 1110 2359; baseline 0.002 -25"><span class='ocrx_word' id='word_1_272' title='bbox 71 2284 161 2335; x_wconf 86' lang='lat' dir='ltr'><strong><em>Talia</em></strong></span> <span class='ocrx_word' id='word_1_273' title='bbox 183 2301 232 2350; x_wconf 81' lang='lat' dir='ltr'><strong><em>per</em></strong></span> <span class='ocrx_word' id='word_1_274' title='bbox 255 2282 388 2346; x_wconf 86' lang='lat' dir='ltr'><strong><em>Latium;</em></strong></span> <span class='ocrx_word' id='word_1_275' title='bbox 410 2286 579 2350; x_wconf 84' lang='lat' dir='ltr'><strong><em>gerebantur</em></strong></span> <span class='ocrx_word' id='word_1_276' title='bbox 602 2282 740 2333; x_wconf 88' lang='lat' dir='ltr'><strong><em>subaudis.</em></strong></span> <span class='ocrx_word' id='word_1_277' title='bbox 773 2281 810 2332; x_wconf 90' lang='lat' dir='ltr'><strong><em>Et</em></strong></span> <span class='ocrx_word' id='word_1_278' title='bbox 828 2290 868 2335; x_wconf 90' lang='lat' dir='ltr'><strong><em>est</em></strong></span> <span class='ocrx_word' id='word_1_279' title='bbox 890 2285 1110 2359; x_wconf 31' lang='lat' dir='ltr'><strong><em>formosa-{Edi-</em></strong></span> 
     </span>
     <span class='ocr_line' id='line_1_30' title="bbox 67 2349 1145 2424; baseline 0 -21"><span class='ocrx_word' id='word_1_280' title='bbox 67 2353 127 2424; x_wconf 86' lang='lat' dir='ltr'><strong><em>psis</em></strong></span> <span class='ocrx_word' id='word_1_281' title='bbox 144 2353 251 2417; x_wconf 85' lang='lat' dir='ltr'><strong><em>(formu</em></strong></span> <span class='ocrx_word' id='word_1_282' title='bbox 276 2351 427 2419; x_wconf 70' lang='lat' dir='ltr'><strong><em>(figura2)</em></strong></span> <span class='ocrx_word' id='word_1_283' title='bbox 453 2349 589 2419; x_wconf 84' lang='lat' dir='ltr'><strong><em>Ellipsis).</em></strong></span> <span class='ocrx_word' id='word_1_284' title='bbox 606 2376 642 2388; x_wconf 82' lang='lat'><strong><em>-</em></strong></span> <span class='ocrx_word' id='word_1_285' title='bbox 683 2355 725 2407; x_wconf 88' lang='lat'><strong><em>19.</em></strong></span> <span class='ocrx_word' id='word_1_286' title='bbox 745 2349 852 2403; x_wconf 84' lang='lat' dir='ltr'><strong><em>Cuncta</em></strong></span> <span class='ocrx_word' id='word_1_287' title='bbox 876 2352 990 2419; x_wconf 75' lang='lat' dir='ltr'><strong><em>cidens3</em></strong></span> <span class='ocrx_word' id='word_1_288' title='bbox 1016 2361 1111 2408; x_wconf 82' lang='lat' dir='ltr'><strong><em>tuente</em></strong></span> <span class='ocrx_word' id='word_1_289' title='bbox 1142 2370 1145 2375; x_wconf 81' lang='grc'><strong><em>’</em></strong></span> 
     </span>
     <span class='ocr_line' id='line_1_31' title="bbox 67 2417 1109 2491; baseline 0.002 -19"><span class='ocrx_word' id='word_1_290' title='bbox 67 2428 249 2491; x_wconf 85' lang='lat' dir='ltr'><strong><em>pertractans.</em></strong></span> <span class='ocrx_word' id='word_1_291' title='bbox 291 2420 364 2473; x_wconf 82' lang='lat' dir='ltr'><strong><em>Nam</em></strong></span> <span class='ocrx_word' id='word_1_292' title='bbox 387 2436 443 2471; x_wconf 89' lang='lat' dir='ltr'><strong><em>non</em></strong></span> <span class='ocrx_word' id='word_1_293' title='bbox 468 2418 585 2471; x_wconf 70' lang='lat' dir='ltr'><strong><em>uidebat.</em></strong></span> <span class='ocrx_word' id='word_1_294' title='bbox 630 2417 770 2470; x_wconf 76' lang='lat' dir='ltr'><strong><em>curarum</em></strong></span> <span class='ocrx_word' id='word_1_295' title='bbox 787 2420 915 2488; x_wconf 85' lang='lat' dir='ltr'><strong><em>fluctuat</em></strong></span> <span class='ocrx_word' id='word_1_296' title='bbox 939 2432 1036 2484; x_wconf 85' lang='lat' dir='ltr'><strong><em>aestu;</em></strong></span> <span class='ocrx_word' id='word_1_297' title='bbox 1065 2421 1109 2474; x_wconf 86' lang='lat' dir='ltr'><strong><em>his</em></strong></span> 
     </span>
     <span class='ocr_line' id='line_1_32' title="bbox 67 2488 1109 2557; baseline -0.002 -17"><span class='ocrx_word' id='word_1_298' title='bbox 67 2489 163 2551; x_wconf 80' lang='lat' dir='ltr'><strong><em>verbis</em></strong></span> <span class='ocrx_word' id='word_1_299' title='bbox 184 2488 307 2540; x_wconf 79' lang='lat' dir='ltr'><strong><em>suturam</em></strong></span> <span class='ocrx_word' id='word_1_300' title='bbox 332 2496 516 2557; x_wconf 84' lang='lat' dir='ltr'><strong><em>praeoccupat</em></strong></span> <span class='ocrx_word' id='word_1_301' title='bbox 539 2488 793 2557; x_wconf 81' lang='lat' dir='ltr'><strong><em>comparationem,</em></strong></span> <span class='ocrx_word' id='word_1_302' title='bbox 816 2490 887 2555; x_wconf 75' lang='lat' dir='ltr'><strong><em>quae</em></strong></span> <span class='ocrx_word' id='word_1_303' title='bbox 912 2492 993 2540; x_wconf 87' lang='lat' dir='ltr'><strong><em>estA</em></strong></span> <span class='ocrx_word' id='word_1_304' title='bbox 1013 2488 1109 2544; x_wconf 87' lang='lat' dir='ltr'><strong><em>ollonii</em></strong></span> 
     </span>
     <span class='ocr_line' id='line_1_33' title="bbox 68 2555 1108 2625; baseline -0.008 -10"><span class='ocrx_word' id='word_1_305' title='bbox 68 2565 107 2623; x_wconf 84' lang='lat'><strong><em>(3,</em></strong></span> <span class='ocrx_word' id='word_1_306' title='bbox 124 2557 195 2618; x_wconf 79' lang='lat' dir='ltr'><strong><em>tot.)</em></strong></span> <span class='ocrx_word' id='word_1_307' title='bbox 219 2557 254 2609; x_wconf 86' lang='lat' dir='ltr'><strong><em>da</em></strong></span> <span class='ocrx_word' id='word_1_308' title='bbox 277 2557 362 2607; x_wconf 85' lang='lat' dir='ltr'><strong><em>verbo</em></strong></span> <span class='ocrx_word' id='word_1_309' title='bbox 380 2556 466 2623; x_wconf 88' lang='lat' dir='ltr'><strong><em>(Lips.</em></strong></span> <span class='ocrx_word' id='word_1_310' title='bbox 484 2555 575 2607; x_wconf 87' lang='lat' dir='ltr'><strong><em>Guelf.</em></strong></span> <span class='ocrx_word' id='word_1_311' title='bbox 592 2558 612 2606; x_wconf 89' lang='lat'><strong><em>1.</em></strong></span> <span class='ocrx_word' id='word_1_312' title='bbox 631 2555 754 2616; x_wconf 82' lang='lat' dir='ltr'><strong><em>verbum)</em></strong></span> <span class='ocrx_word' id='word_1_313' title='bbox 773 2555 948 2607; x_wconf 85' lang='lat' dir='ltr'><strong><em>adverbum.</em></strong></span> <span class='ocrx_word' id='word_1_314' title='bbox 982 2558 992 2625; x_wconf 96' lang='lat'><strong>[</strong></span> <span class='ocrx_word' id='word_1_315' title='bbox 1017 2557 1108 2608; x_wconf 82' lang='lat' dir='ltr'><strong><em>luctu·</em></strong></span> 
     </span>
     <span class='ocr_line' id='line_1_34' title="bbox 67 2623 1106 2693; baseline -0.003 -16"><span class='ocrx_word' id='word_1_316' title='bbox 67 2626 212 2688; x_wconf 84' lang='lat' dir='ltr'><strong><em>at&#39;aestu‚·</em></strong></span> <span class='ocrx_word' id='word_1_317' title='bbox 230 2633 379 2693; x_wconf 83' lang='lat' dir='ltr'><strong><em>utrumque</em></strong></span> <span class='ocrx_word' id='word_1_318' title='bbox 397 2625 513 2676; x_wconf 88' lang='lat' dir='ltr'><strong><em>verbum</em></strong></span> <span class='ocrx_word' id='word_1_319' title='bbox 531 2624 566 2676; x_wconf 87' lang='lat' dir='ltr'><strong><em>de</em></strong></span> <span class='ocrx_word' id='word_1_320' title='bbox 583 2623 656 2674; x_wconf 85' lang='lat' dir='ltr'><strong><em>mari</em></strong></span> <span class='ocrx_word' id='word_1_321' title='bbox 674 2631 722 2674; x_wconf 84' lang='lat' dir='ltr'><strong><em>eat.</em></strong></span> <span class='ocrx_word' id='word_1_322' title='bbox 739 2649 774 2660; x_wconf 94' lang='lat'>-</span> <span class='ocrx_word' id='word_1_323' title='bbox 808 2630 853 2679; x_wconf 82' lang='lat'><strong><em>20.</em></strong></span> <span class='ocrx_word' id='word_1_324' title='bbox 870 2623 958 2690; x_wconf 75' lang='lat' dir='ltr'><strong><em>Atque</em></strong></span> <span class='ocrx_word' id='word_1_325' title='bbox 976 2626 1106 2675; x_wconf 89' lang='lat' dir='ltr'><strong><em>animum</em></strong></span> 
     </span>
     <span class='ocr_line' id='line_1_35' title="bbox 67 2689 1107 2762; baseline -0.003 -15"><span class='ocrx_word' id='word_1_326' title='bbox 67 2703 143 2756; x_wconf 62' lang='lat' dir='ltr'><strong><em>etan,</em></strong></span> <span class='ocrx_word' id='word_1_327' title='bbox 161 2695 207 2745; x_wconf 84' lang='lat' dir='ltr'><strong><em>vel</em></strong></span> <span class='ocrx_word' id='word_1_328' title='bbox 226 2694 300 2762; x_wconf 79' lang='lat' dir='ltr'><strong><em>qnod</em></strong></span> <span class='ocrx_word' id='word_1_329' title='bbox 322 2693 377 2743; x_wconf 88' lang='lat' dir='ltr'><strong><em>suis</em></strong></span> <span class='ocrx_word' id='word_1_330' title='bbox 400 2692 487 2758; x_wconf 88' lang='lat' dir='ltr'><strong><em>copiis</em></strong></span> <span class='ocrx_word' id='word_1_331' title='bbox 510 2691 615 2743; x_wconf 88' lang='lat' dir='ltr'><strong><em>bellum</em></strong></span> <span class='ocrx_word' id='word_1_332' title='bbox 638 2689 701 2742; x_wconf 88' lang='lat' dir='ltr'><strong><em>Itali</em></strong></span> <span class='ocrx_word' id='word_1_333' title='bbox 723 2690 850 2742; x_wconf 82' lang='lat' dir='ltr'><strong><em>adversus</em></strong></span> <span class='ocrx_word' id='word_1_334' title='bbox 875 2707 940 2743; x_wconf 88' lang='lat' dir='ltr'><strong><em>eum</em></strong></span> <span class='ocrx_word' id='word_1_335' title='bbox 963 2692 1107 2761; x_wconf 76' lang='lat' dir='ltr'><strong><em>parabant,</em></strong></span> 
     </span>
     <span class='ocr_line' id='line_1_36' title="bbox 67 2758 1104 2830; baseline -0.002 -16"><span class='ocrx_word' id='word_1_336' title='bbox 67 2763 114 2815; x_wconf 87' lang='lat' dir='ltr'><strong><em>vel</em></strong></span> <span class='ocrx_word' id='word_1_337' title='bbox 129 2763 203 2830; x_wconf 83' lang='lat' dir='ltr'><strong><em>quod</em></strong></span> <span class='ocrx_word' id='word_1_338' title='bbox 220 2779 236 2813; x_wconf 92' lang='lat' dir='ltr'><strong><em>a</em></strong></span> <span class='ocrx_word' id='word_1_339' title='bbox 253 2761 389 2813; x_wconf 84' lang='lat' dir='ltr'><strong><em>Diomede</em></strong></span> <span class='ocrx_word' id='word_1_340' title='bbox 407 2768 500 2813; x_wconf 82' lang='lat' dir='ltr'><strong><em>vetere</em></strong></span> <span class='ocrx_word' id='word_1_341' title='bbox 525 2760 602 2810; x_wconf 87' lang='lat' dir='ltr'><strong><em>hoste</em></strong></span> <span class='ocrx_word' id='word_1_342' title='bbox 619 2774 668 2807; x_wconf 87' lang='lat' dir='ltr'><strong><em>suo</em></strong></span> <span class='ocrx_word' id='word_1_343' title='bbox 686 2758 784 2808; x_wconf 85' lang='lat' dir='ltr'><strong><em>auxilia</em></strong></span> <span class='ocrx_word' id='word_1_344' title='bbox 808 2759 993 2826; x_wconf 88' lang='lat' dir='ltr'><strong><em>postulabant.</em></strong></span> <span class='ocrx_word' id='word_1_345' title='bbox 1030 2760 1104 2812; x_wconf 81' lang='lat' dir='ltr'><strong><em>Gele-</em></strong></span> 
     </span>
     <span class='ocr_line' id='line_1_37' title="bbox 67 2825 1107 2897; baseline -0.006 -14"><span class='ocrx_word' id='word_1_346' title='bbox 67 2839 238 2887; x_wconf 81' lang='lat' dir='ltr'><strong><em>remantem</em></strong></span> <span class='ocrx_word' id='word_1_347' title='bbox 261 2831 296 2881; x_wconf 91' lang='lat' dir='ltr'><strong><em>ad</em></strong></span> <span class='ocrx_word' id='word_1_348' title='bbox 313 2829 438 2897; x_wconf 85' lang='lat' dir='ltr'><strong><em>corporis</em></strong></span> <span class='ocrx_word' id='word_1_349' title='bbox 455 2825 693 2896; x_wconf 75' lang='lat' dir='ltr'><strong><em>comparationem</em></strong></span> <span class='ocrx_word' id='word_1_350' title='bbox 710 2826 784 2891; x_wconf 87' lang='lat' dir='ltr'><strong><em>quod</em></strong></span> <span class='ocrx_word' id='word_1_351' title='bbox 806 2826 919 2877; x_wconf 86' lang='lat' dir='ltr'><strong><em>tardum</em></strong></span> <span class='ocrx_word' id='word_1_352' title='bbox 936 2833 993 2890; x_wconf 80' lang='lat' dir='ltr'><strong><em>est,</em></strong></span> <span class='ocrx_word' id='word_1_353' title='bbox 1015 2835 1046 2878; x_wconf 89' lang='lat' dir='ltr'><strong><em>ut</em></strong></span> <span class='ocrx_word' id='word_1_354' title='bbox 1068 2835 1107 2895; x_wconf 78' lang='lat'><strong><em>(6,</em></strong></span> 
     </span>
     <span class='ocr_line' id='line_1_38' title="bbox 67 2891 1104 2970; baseline -0.012 -11"><span class='ocrx_word' id='word_1_355' title='bbox 67 2898 158 2960; x_wconf 72' lang='lat' dir='ltr'><strong><em>7320.)t</em></strong></span> <span class='ocrx_word' id='word_1_356' title='bbox 180 2900 337 2962; x_wconf 72' lang='lat' dir='ltr'><strong><em>iterumque</em></strong></span> <span class='ocrx_word' id='word_1_357' title='bbox 361 2899 397 2947; x_wconf 87' lang='lat' dir='ltr'><strong><em>ad</em></strong></span> <span class='ocrx_word' id='word_1_358' title='bbox 422 2898 504 2947; x_wconf 87' lang='lat' dir='ltr'><strong><em>tarda</em></strong></span> <span class='ocrx_word' id='word_1_359' title='bbox 530 2891 783 2965; x_wconf 71' lang='lat' dir='ltr'><strong><em>revent&#39;corporal.</em></strong></span> <span class='ocrx_word' id='word_1_360' title='bbox 802 2902 915 2970; x_wconf 64' lang='lat'><strong><em>*.¹2³·</em></strong></span> <span class='ocrx_word' id='word_1_361' title='bbox 932 2893 995 2945; x_wconf 85' lang='lat' dir='ltr'><strong><em>Sole</em></strong></span> <span class='ocrx_word' id='word_1_362' title='bbox 1014 2914 1104 2962; x_wconf 85' lang='lat' dir='ltr'><strong><em>reper-</em></strong></span> 
     </span>
     <span class='ocr_line' id='line_1_39' title="bbox 68 2963 1104 3032; baseline -0.005 -13"><span class='ocrx_word' id='word_1_363' title='bbox 68 2980 205 3032; x_wconf 63' lang='lat' dir='ltr'><strong><em>cussum</em></strong></span> <span class='ocrx_word' id='word_1_364' title='bbox 222 2975 269 3018; x_wconf 87' lang='lat' dir='ltr'><strong><em>aut</em></strong></span> <span class='ocrx_word' id='word_1_365' title='bbox 286 2973 363 3017; x_wconf 81' lang='lat' dir='ltr'><strong><em>vacat</em></strong></span> <span class='ocrx_word' id='word_1_366' title='bbox 381 2983 418 3030; x_wconf 88' lang='lat' dir='ltr'><strong><em>re,</em></strong></span> <span class='ocrx_word' id='word_1_367' title='bbox 436 2973 483 3014; x_wconf 87' lang='lat' dir='ltr'><strong><em>aut</em></strong></span> <span class='ocrx_word' id='word_1_368' title='bbox 501 2965 571 3014; x_wconf 86' lang='lat' dir='ltr'><strong><em>hene</em></strong></span> <span class='ocrx_word' id='word_1_369' title='bbox 591 2977 792 3027; x_wconf 82' lang='lat' dir='ltr'><strong><em>repercussum,</em></strong></span> <span class='ocrx_word' id='word_1_370' title='bbox 809 2977 874 3029; x_wconf 89' lang='lat' dir='ltr'><strong><em>qu1a</em></strong></span> <span class='ocrx_word' id='word_1_371' title='bbox 892 2963 984 3032; x_wconf 89' lang='lat' dir='ltr'><strong><em>primo</em></strong></span> <span class='ocrx_word' id='word_1_372' title='bbox 1001 2978 1104 3032; x_wconf 84' lang='lat' dir='ltr'><strong><em>squam</em></strong></span> 
     </span>
     <span class='ocr_line' id='line_1_40' title="bbox 67 3028 1187 3103; baseline -0.002 -15"><span class='ocrx_word' id='word_1_373' title='bbox 67 3037 148 3100; x_wconf 83' lang='lat' dir='ltr'><strong><em>lorit,</em></strong></span> <span class='ocrx_word' id='word_1_374' title='bbox 170 3037 235 3088; x_wconf 86' lang='lat' dir='ltr'><strong><em>inde</em></strong></span> <span class='ocrx_word' id='word_1_375' title='bbox 258 3043 353 3103; x_wconf 87' lang='lat' dir='ltr'><strong><em>postea</em></strong></span> <span class='ocrx_word' id='word_1_376' title='bbox 375 3033 464 3085; x_wconf 87' lang='lat' dir='ltr'><strong><em>tendit</em></strong></span> <span class='ocrx_word' id='word_1_377' title='bbox 488 3032 523 3083; x_wconf 86' lang='lat' dir='ltr'><strong><em>ad</em></strong></span> <span class='ocrx_word' id='word_1_378' title='bbox 546 3036 627 3082; x_wconf 86' lang='lat' dir='ltr'><strong><em>tecta.</em></strong></span> <span class='ocrx_word' id='word_1_379' title='bbox 661 3028 817 3080; x_wconf 85' lang='lat' dir='ltr'><strong><em>Radiantis</em></strong></span> <span class='ocrx_word' id='word_1_380' title='bbox 842 3031 968 3098; x_wconf 81' lang='lat' dir='ltr'><strong><em>imagine</em></strong></span> <span class='ocrx_word' id='word_1_381' title='bbox 984 3029 1103 3099; x_wconf 64' lang='lat' dir='ltr'><strong><em>Lunaeg</em></strong></span> <span class='ocrx_word' id='word_1_382' title='bbox 1184 3080 1187 3085; x_wconf 90' lang='lat'><strong><em>.</em></strong></span> 
     </span>
     <span class='ocr_line' id='line_1_41' title="bbox 67 3096 1104 3172; baseline -0.014 -15"><span class='ocrx_word' id='word_1_383' title='bbox 67 3111 174 3172; x_wconf 77' lang='lat' dir='ltr'><strong><em>negant</em></strong></span> <span class='ocrx_word' id='word_1_384' title='bbox 190 3096 285 3154; x_wconf 82' lang='lat' dir='ltr'><strong><em>omnes</em></strong></span> <span class='ocrx_word' id='word_1_385' title='bbox 301 3101 421 3169; x_wconf 79' lang='lat' dir='ltr'><strong><em>Physici,</em></strong></span> <span class='ocrx_word' id='word_1_386' title='bbox 443 3101 537 3151; x_wconf 89' lang='lat' dir='ltr'><strong><em>lumen</em></strong></span> <span class='ocrx_word' id='word_1_387' title='bbox 553 3096 725 3154; x_wconf 80' lang='lat' dir='ltr'><strong><em>lunae,aliud</em></strong></span> <span class='ocrx_word' id='word_1_388' title='bbox 743 3113 775 3148; x_wconf 87' lang='lat' dir='ltr'><strong><em>ex</em></strong></span> <span class='ocrx_word' id='word_1_389' title='bbox 790 3113 819 3164; x_wconf 81' lang='lat' dir='ltr'><strong><em>ae</em></strong></span> <span class='ocrx_word' id='word_1_390' title='bbox 836 3099 967 3153; x_wconf 87' lang='lat' dir='ltr'><strong><em>reddere:</em></strong></span> <span class='ocrx_word' id='word_1_391' title='bbox 991 3107 1019 3152; x_wconf 88' lang='lat' dir='ltr'><strong><em>et</em></strong></span> <span class='ocrx_word' id='word_1_392' title='bbox 1035 3101 1104 3153; x_wconf 79' lang='lat' dir='ltr'><strong><em>vitu.</em></strong></span> 
     </span>
    </p>

    <p class='ocr_par' dir='ltr' id='par_1_9' title="bbox 67 3163 1138 4060">
     <span class='ocr_line' id='line_1_42' title="bbox 103 3163 1103 3236; baseline -0.002 -12"><span class='ocrx_word' id='word_1_393' title='bbox 103 3180 182 3224; x_wconf 81' lang='lat' dir='ltr'><strong><em>eatur</em></strong></span> <span class='ocrx_word' id='word_1_394' title='bbox 197 3173 250 3224; x_wconf 89' lang='lat' dir='ltr'><strong><em>hoc</em></strong></span> <span class='ocrx_word' id='word_1_395' title='bbox 268 3170 340 3221; x_wconf 90' lang='lat' dir='ltr'><strong><em>dicto</em></strong></span> <span class='ocrx_word' id='word_1_396' title='bbox 359 3168 503 3236; x_wconf 82' lang='lat' dir='ltr'><strong><em>Virgilius,</em></strong></span> <span class='ocrx_word' id='word_1_397' title='bbox 520 3166 594 3234; x_wconf 79' lang='lat' dir='ltr'><strong><em>quod</em></strong></span> <span class='ocrx_word' id='word_1_398' title='bbox 610 3173 705 3217; x_wconf 81' lang='lat' dir='ltr'><strong><em>tamen</em></strong></span> <span class='ocrx_word' id='word_1_399' title='bbox 721 3163 867 3219; x_wconf 83' lang='lat' dir='ltr'><strong><em>tolerabile</em></strong></span> <span class='ocrx_word' id='word_1_400' title='bbox 885 3175 938 3220; x_wconf 88' lang='lat' dir='ltr'><strong><em>est:</em></strong></span> <span class='ocrx_word' id='word_1_401' title='bbox 964 3169 1029 3236; x_wconf 74' lang='lat' dir='ltr'><strong><em>quia</em></strong></span> <span class='ocrx_word' id='word_1_402' title='bbox 1046 3184 1103 3223; x_wconf 86' lang='lat' dir='ltr'><strong><em>non</em></strong></span> 
     </span>
     <span class='ocr_line' id='line_1_43' title="bbox 76 3233 1100 3305; baseline -0.003 -13"><span class='ocrx_word' id='word_1_403' title='bbox 76 3256 178 3304; x_wconf 86' lang='lat' dir='ltr'><strong><em>unam,</em></strong></span> <span class='ocrx_word' id='word_1_404' title='bbox 201 3241 248 3292; x_wconf 82' lang='lat' dir='ltr'><strong><em>sed</em></strong></span> <span class='ocrx_word' id='word_1_405' title='bbox 266 3240 418 3305; x_wconf 84' lang='lat' dir='ltr'><strong><em>imaginem</em></strong></span> <span class='ocrx_word' id='word_1_406' title='bbox 437 3235 511 3287; x_wconf 79' lang='lat' dir='ltr'><strong><em>duxit</em></strong></span> <span class='ocrx_word' id='word_1_407' title='bbox 528 3238 629 3299; x_wconf 87' lang='lat' dir='ltr'><strong><em>lunae,</em></strong></span> <span class='ocrx_word' id='word_1_408' title='bbox 653 3248 737 3304; x_wconf 84' lang='lat' dir='ltr'><strong><em>quarn</em></strong></span> <span class='ocrx_word' id='word_1_409' title='bbox 754 3250 770 3285; x_wconf 82' lang='lat' dir='ltr'><strong><em>s</em></strong></span> <span class='ocrx_word' id='word_1_410' title='bbox 786 3234 844 3286; x_wconf 83' lang='lat' dir='ltr'><strong><em>sole</em></strong></span> <span class='ocrx_word' id='word_1_411' title='bbox 859 3233 955 3288; x_wconf 87' lang='lat' dir='ltr'><strong><em>lumen</em></strong></span> <span class='ocrx_word' id='word_1_412' title='bbox 973 3237 1100 3303; x_wconf 81' lang='lat' dir='ltr'><strong><em>accipere</em></strong></span> 
     </span>
     <span class='ocr_line' id='line_1_44' title="bbox 67 3301 1102 3374; baseline -0.005 -13"><span class='ocrx_word' id='word_1_413' title='bbox 67 3308 246 3361; x_wconf 74' lang='lat' dir='ltr'><strong><em>manifestum</em></strong></span> <span class='ocrx_word' id='word_1_414' title='bbox 270 3315 317 3361; x_wconf 85' lang='lat' dir='ltr'><strong><em>est.</em></strong></span> <span class='ocrx_word' id='word_1_415' title='bbox 353 3308 406 3374; x_wconf 85' lang='lat' dir='ltr'><strong><em>[An</em></strong></span> <span class='ocrx_word' id='word_1_416' title='bbox 429 3305 491 3356; x_wconf 85' lang='lat' dir='ltr'><strong><em>ideo</em></strong></span> <span class='ocrx_word' id='word_1_417' title='bbox 515 3304 674 3365; x_wconf 86' lang='lat' dir='ltr'><strong><em>radiantis,</em></strong></span> <span class='ocrx_word' id='word_1_418' title='bbox 697 3307 728 3353; x_wconf 91' lang='lat' dir='ltr'><strong><em>ut</em></strong></span> <span class='ocrx_word' id='word_1_419' title='bbox 752 3301 885 3368; x_wconf 84' lang='lat' dir='ltr'><strong><em>quonism</em></strong></span> <span class='ocrx_word' id='word_1_420' title='bbox 901 3304 982 3355; x_wconf 82' lang='lat' dir='ltr'><strong><em>Luna</em></strong></span> <span class='ocrx_word' id='word_1_421' title='bbox 1005 3305 1102 3360; x_wconf 84' lang='lat' dir='ltr'><strong><em>lumen</em></strong></span> 
     </span>
     <span class='ocr_line' id='line_1_45' title="bbox 67 3369 1102 3441; baseline -0.002 -12"><span class='ocrx_word' id='word_1_422' title='bbox 67 3379 102 3429; x_wconf 79' lang='lat' dir='ltr'><strong><em>tle</em></strong></span> <span class='ocrx_word' id='word_1_423' title='bbox 125 3377 182 3427; x_wconf 89' lang='lat' dir='ltr'><strong><em>sola</em></strong></span> <span class='ocrx_word' id='word_1_424' title='bbox 207 3383 363 3439; x_wconf 88' lang='lat' dir='ltr'><strong><em>mutuatur,</em></strong></span> <span class='ocrx_word' id='word_1_425' title='bbox 388 3374 464 3426; x_wconf 89' lang='lat' dir='ltr'><strong><em>idem</em></strong></span> <span class='ocrx_word' id='word_1_426' title='bbox 486 3373 609 3425; x_wconf 80' lang='lat' dir='ltr'><strong><em>videatur</em></strong></span> <span class='ocrx_word' id='word_1_427' title='bbox 634 3372 719 3423; x_wconf 73' lang='lat' dir='ltr'><strong><em>etiam</em></strong></span> <span class='ocrx_word' id='word_1_428' title='bbox 742 3371 803 3436; x_wconf 87' lang='lat' dir='ltr'><strong><em>ipsa</em></strong></span> <span class='ocrx_word' id='word_1_429' title='bbox 827 3369 954 3434; x_wconf 82' lang='lat' dir='ltr'><strong><em>efficere,</em></strong></span> <span class='ocrx_word' id='word_1_430' title='bbox 978 3375 1102 3441; x_wconf 85' lang='lat' dir='ltr'><strong><em>quaeda</em></strong></span> 
     </span>
     <span class='ocr_line' id='line_1_46' title="bbox 67 3438 1102 3510; baseline -0.003 -16"><span class='ocrx_word' id='word_1_431' title='bbox 67 3443 285 3510; x_wconf 79' lang='lat' dir='ltr'><strong><em>eoleprocedit.]</em></strong></span> <span class='ocrx_word' id='word_1_432' title='bbox 302 3469 335 3481; x_wconf 85' lang='lat'><em>-</em></span> <span class='ocrx_word' id='word_1_433' title='bbox 371 3450 416 3500; x_wconf 75' lang='lat'><strong><em>25.</em></strong></span> <span class='ocrx_word' id='word_1_434' title='bbox 432 3440 609 3508; x_wconf 67' lang='lat' dir='ltr'><strong><em>Laqueariar</em></strong></span> <span class='ocrx_word' id='word_1_435' title='bbox 634 3438 714 3490; x_wconf 88' lang='lat' dir='ltr'><strong><em>multi</em></strong></span> <span class='ocrx_word' id='word_1_436' title='bbox 740 3440 893 3490; x_wconf 86' lang='lat' dir='ltr'><strong><em>lacunaria</em></strong></span> <span class='ocrx_word' id='word_1_437' title='bbox 920 3440 1102 3507; x_wconf 67' lang='lat' dir='ltr'><strong><em>(lacuariad)</em></strong></span> 
     </span>
     <span class='ocr_line' id='line_1_47' title="bbox 67 3506 1108 3582; baseline -0.006 -17"><span class='ocrx_word' id='word_1_438' title='bbox 67 3515 175 3582; x_wconf 78' lang='lat' dir='ltr'><strong><em>legunt:</em></strong></span> <span class='ocrx_word' id='word_1_439' title='bbox 192 3531 258 3564; x_wconf 83' lang='lat' dir='ltr'><strong><em>nam</em></strong></span> <span class='ocrx_word' id='word_1_440' title='bbox 276 3514 358 3563; x_wconf 83' lang='lat' dir='ltr'><strong><em>lacus</em></strong></span> <span class='ocrx_word' id='word_1_441' title='bbox 374 3512 511 3565; x_wconf 81' lang='lat' dir='ltr'><strong><em>dicuntur.</em></strong></span> <span class='ocrx_word' id='word_1_442' title='bbox 545 3509 623 3560; x_wconf 84' lang='lat' dir='ltr'><strong><em>Unda</em></strong></span> <span class='ocrx_word' id='word_1_443' title='bbox 640 3507 725 3559; x_wconf 84' lang='lat' dir='ltr'><strong><em>estin</em></strong></span> <span class='ocrx_word' id='word_1_444' title='bbox 738 3506 852 3573; x_wconf 72' lang='lat' dir='ltr'><strong><em>Horatio</em></strong></span> <span class='ocrx_word' id='word_1_445' title='bbox 871 3508 977 3573; x_wconf 79' lang='lat' dir='ltr'><strong><em>(Germ.</em></strong></span> <span class='ocrx_word' id='word_1_446' title='bbox 994 3508 1108 3575; x_wconf 76' lang='lat' dir='ltr'><strong><em>2,18.)r‘</em></strong></span> 
     </span>
     <span class='ocr_line' id='line_1_48' title="bbox 67 3576 1101 3645; baseline -0.003 -11"><span class='ocrx_word' id='word_1_447' title='bbox 67 3580 124 3634; x_wconf 84' lang='lat' dir='ltr'><strong><em>Nec</em></strong></span> <span class='ocrx_word' id='word_1_448' title='bbox 143 3599 203 3632; x_wconf 85' lang='lat' dir='ltr'><strong><em>mea</em></strong></span> <span class='ocrx_word' id='word_1_449' title='bbox 222 3583 377 3633; x_wconf 86' lang='lat' dir='ltr'><strong><em>renidet&#39;in</em></strong></span> <span class='ocrx_word' id='word_1_450' title='bbox 393 3581 473 3630; x_wconf 85' lang='lat' dir='ltr'><strong><em>do&#39;mo</em></strong></span> <span class='ocrx_word' id='word_1_451' title='bbox 489 3596 521 3628; x_wconf 79' lang='lat' dir='ltr'><strong><em>er</em></strong></span> <span class='ocrx_word' id='word_1_452' title='bbox 534 3594 604 3628; x_wconf 91' lang='lat' dir='ltr'><strong><em>auro</em></strong></span> <span class='ocrx_word' id='word_1_453' title='bbox 621 3578 749 3628; x_wconf 89' lang='lat' dir='ltr'><strong><em>lacunar.</em></strong></span> <span class='ocrx_word' id='word_1_454' title='bbox 783 3576 857 3645; x_wconf 88' lang='lat' dir='ltr'><strong><em>[Non</em></strong></span> <span class='ocrx_word' id='word_1_455' title='bbox 871 3578 946 3629; x_wconf 85' lang='lat' dir='ltr'><strong><em>enim</em></strong></span> <span class='ocrx_word' id='word_1_456' title='bbox 958 3595 975 3630; x_wconf 81' lang='lat' dir='ltr'><strong><em>a</em></strong></span> <span class='ocrx_word' id='word_1_457' title='bbox 991 3580 1101 3645; x_wconf 75' lang='lat' dir='ltr'><strong><em>laqueis</em></strong></span> 
     </span>
     <span class='ocr_line' id='line_1_49' title="bbox 67 3643 1138 3716; baseline -0.003 -13"><span class='ocrx_word' id='word_1_458' title='bbox 67 3650 184 3715; x_wconf 84' lang='lat' dir='ltr'><strong><em>dicitur,</em></strong></span> <span class='ocrx_word' id='word_1_459' title='bbox 207 3651 255 3702; x_wconf 85' lang='lat' dir='ltr'><strong><em>sed</em></strong></span> <span class='ocrx_word' id='word_1_460' title='bbox 272 3649 307 3700; x_wconf 88' lang='lat' dir='ltr'><strong><em>ab</em></strong></span> <span class='ocrx_word' id='word_1_461' title='bbox 325 3668 357 3702; x_wconf 89' lang='lat' dir='ltr'><strong><em>eo</em></strong></span> <span class='ocrx_word' id='word_1_462' title='bbox 376 3647 449 3716; x_wconf 88' lang='lat' dir='ltr'><strong><em>quod</em></strong></span> <span class='ocrx_word' id='word_1_463' title='bbox 473 3655 537 3698; x_wconf 82' lang='lat' dir='ltr'><strong><em>sunt</em></strong></span> <span class='ocrx_word' id='word_1_464' title='bbox 559 3643 659 3710; x_wconf 78' lang='lat' dir='ltr'><strong><em>lacusl.</em></strong></span> <span class='ocrx_word' id='word_1_465' title='bbox 676 3671 710 3683; x_wconf 91' lang='lat'><em>-</em></span> <span class='ocrx_word' id='word_1_466' title='bbox 746 3653 790 3702; x_wconf 85' lang='lat'><strong><em>27.</em></strong></span> <span class='ocrx_word' id='word_1_467' title='bbox 806 3645 948 3708; x_wconf 70' lang='lat' dir='ltr'><strong><em>Alituum,</em></strong></span> <span class='ocrx_word' id='word_1_468' title='bbox 990 3662 1022 3699; x_wconf 86' lang='lat' dir='ltr'><strong><em>ro</em></strong></span> <span class='ocrx_word' id='word_1_469' title='bbox 1048 3648 1101 3700; x_wconf 84' lang='lat' dir='ltr'><strong><em>ali·</em></strong></span> <span class='ocrx_word' id='word_1_470' title='bbox 1136 3658 1138 3663; x_wconf 83' lang='grc'><em>“</em></span> 
     </span>
     <span class='ocr_line' id='line_1_50' title="bbox 67 3665 1102 3785; baseline -0.002 -15"><span class='ocrx_word' id='word_1_471' title='bbox 67 3732 140 3770; x_wconf 82' lang='lat' dir='ltr'><strong><em>tum.-</em></strong></span> <span class='ocrx_word' id='word_1_472' title='bbox 165 3719 213 3769; x_wconf 83' lang='lat' dir='ltr'><strong><em>aed</em></strong></span> <span class='ocrx_word' id='word_1_473' title='bbox 236 3717 321 3770; x_wconf 84' lang='lat' dir='ltr'><strong><em>metri</em></strong></span> <span class='ocrx_word' id='word_1_474' title='bbox 345 3733 443 3780; x_wconf 80' lang='lat' dir='ltr'><strong><em>causa,</em></strong></span> <span class='ocrx_word' id='word_1_475' title='bbox 468 3722 498 3765; x_wconf 91' lang='lat' dir='ltr'><strong><em>ut</em></strong></span> <span class='ocrx_word' id='word_1_476' title='bbox 521 3715 637 3766; x_wconf 85' lang='lat' dir='ltr'><strong><em>diximus</em></strong></span> <span class='ocrx_word' id='word_1_477' title='bbox 662 3728 759 3782; x_wconf 84' lang='lat' dir='ltr'><strong><em>snpra,</em></strong></span> <span class='ocrx_word' id='word_1_478' title='bbox 782 3713 886 3785; x_wconf 81' lang='lat' dir='ltr'><strong><em>addidit</em></strong></span> <span class='ocrx_word' id='word_1_479' title='bbox 908 3665 1049 3785; x_wconf 68' lang='lat' dir='ltr'><strong><em>syllalanr.</em></strong></span> <span class='ocrx_word' id='word_1_480' title='bbox 1065 3740 1102 3757; x_wconf 86' lang='lat'><strong><em>—·</em></strong></span> 
     </span>
     <span class='ocr_line' id='line_1_51' title="bbox 67 3781 1100 3849; baseline 0.004 -14"><span class='ocrx_word' id='word_1_481' title='bbox 67 3793 108 3845; x_wconf 77' lang='lat'><strong><em>28.</em></strong></span> <span class='ocrx_word' id='word_1_482' title='bbox 127 3785 184 3836; x_wconf 80' lang='lat' dir='ltr'><strong><em>Sui</em></strong></span> <span class='ocrx_word' id='word_1_483' title='bbox 205 3787 324 3836; x_wconf 77' lang='lat' dir='ltr'><strong><em>aetheris</em></strong></span> <span class='ocrx_word' id='word_1_484' title='bbox 343 3802 411 3846; x_wconf 77' lang='lat' dir='ltr'><strong><em>axe,-</em></strong></span> <span class='ocrx_word' id='word_1_485' title='bbox 428 3785 446 3834; x_wconf 92' lang='lat' dir='ltr'><strong><em>i.</em></strong></span> <span class='ocrx_word' id='word_1_486' title='bbox 465 3801 488 3835; x_wconf 86' lang='lat' dir='ltr'><strong><em>e.</em></strong></span> <span class='ocrx_word' id='word_1_487' title='bbox 507 3783 556 3834; x_wconf 86' lang='lat' dir='ltr'><strong><em>sub</em></strong></span> <span class='ocrx_word' id='word_1_488' title='bbox 575 3785 646 3835; x_wconf 78' lang='lat' dir='ltr'><strong><em>a&#39;e&#39;re.</em></strong></span> <span class='ocrx_word' id='word_1_489' title='bbox 662 3809 698 3818; x_wconf 92' lang='lat'>—</span> <span class='ocrx_word' id='word_1_490' title='bbox 733 3788 776 3838; x_wconf 80' lang='lat'><strong><em>30.</em></strong></span> <span class='ocrx_word' id='word_1_491' title='bbox 794 3781 960 3849; x_wconf 78' lang='lat' dir='ltr'><strong><em>Serumque3</em></strong></span> <span class='ocrx_word' id='word_1_492' title='bbox 977 3786 1100 3839; x_wconf 85' lang='lat' dir='ltr'><strong><em>tardam:</em></strong></span> 
     </span>
     <span class='ocr_line' id='line_1_52' title="bbox 67 3850 1100 3924; baseline -0.001 -21"><span class='ocrx_word' id='word_1_493' title='bbox 67 3855 165 3924; x_wconf 67' lang='lat' dir='ltr'><strong><em>quippe</em></strong></span> <span class='ocrx_word' id='word_1_494' title='bbox 188 3855 219 3904; x_wconf 89' lang='lat' dir='ltr'><strong><em>in</em></strong></span> <span class='ocrx_word' id='word_1_495' title='bbox 243 3853 347 3905; x_wconf 86' lang='lat' dir='ltr'><strong><em>bellic-is</em></strong></span> <span class='ocrx_word' id='word_1_496' title='bbox 372 3852 451 3903; x_wconf 75' lang='lat' dir='ltr'><strong><em>cruia.</em></strong></span> <span class='ocrx_word' id='word_1_497' title='bbox 500 3850 613 3920; x_wconf 87' lang='lat' dir='ltr'><strong><em>[Seram</em></strong></span> <span class='ocrx_word' id='word_1_498' title='bbox 638 3857 730 3900; x_wconf 85' lang='lat' dir='ltr'><strong><em>autem</em></strong></span> <span class='ocrx_word' id='word_1_499' title='bbox 755 3865 804 3918; x_wconf 91' lang='lat' dir='ltr'><strong><em>pro</em></strong></span> <span class='ocrx_word' id='word_1_500' title='bbox 830 3867 907 3913; x_wconf 86' lang='lat' dir='ltr'><strong><em>sero,</em></strong></span> <span class='ocrx_word' id='word_1_501' title='bbox 938 3851 1100 3921; x_wconf 65' lang='lat' dir='ltr'><strong><em>edterlpinm</em></strong></span> 
     </span>
     <span class='ocr_line' id='line_1_53' title="bbox 67 3917 1101 3993; baseline -0.001 -20"><span class='ocrx_word' id='word_1_502' title='bbox 67 3922 199 3990; x_wconf 84' lang='lat' dir='ltr'><strong><em>temporis</em></strong></span> <span class='ocrx_word' id='word_1_503' title='bbox 216 3923 247 3973; x_wconf 90' lang='lat' dir='ltr'><strong><em>in</em></strong></span> <span class='ocrx_word' id='word_1_504' title='bbox 264 3937 367 3972; x_wconf 86' lang='lat' dir='ltr'><strong><em>nomen</em></strong></span> <span class='ocrx_word' id='word_1_505' title='bbox 385 3920 529 3973; x_wconf 75' lang='lat' dir='ltr'><strong><em>deflexum.</em></strong></span> <span class='ocrx_word' id='word_1_506' title='bbox 565 3919 651 3970; x_wconf 84' lang='lat' dir='ltr'><strong><em>Dedit</em></strong></span> <span class='ocrx_word' id='word_1_507' title='bbox 669 3924 770 3969; x_wconf 77' lang='lat' dir='ltr'><strong><em>autem·</em></strong></span> <span class='ocrx_word' id='word_1_508' title='bbox 782 3917 857 3970; x_wconf 86' lang='lat' dir='ltr'><strong><em>mire</em></strong></span> <span class='ocrx_word' id='word_1_509' title='bbox 875 3918 957 3986; x_wconf 83' lang='lat' dir='ltr'><strong><em>dixit,</em></strong></span> <span class='ocrx_word' id='word_1_510' title='bbox 980 3921 1034 3983; x_wconf 80' lang='lat' dir='ltr'><strong><em>hpc</em></strong></span> <span class='ocrx_word' id='word_1_511' title='bbox 1056 3931 1101 3993; x_wconf 75' lang='lat' dir='ltr'><strong><em>ast</em></strong></span> 
     </span>
     <span class='ocr_line' id='line_1_54' title="bbox 67 3985 1099 4060; baseline -0.005 -16"><span class='ocrx_word' id='word_1_512' title='bbox 67 3990 177 4044; x_wconf 72' lang='lat' dir='ltr'><strong><em>iudtdsit</em></strong></span> <span class='ocrx_word' id='word_1_513' title='bbox 190 3990 316 4059; x_wconf 53' lang='lat' dir='ltr'><strong><em>&lt;quietern</em></strong></span> <span class='ocrx_word' id='word_1_514' title='bbox 332 3988 444 4060; x_wconf 82' lang='lat' dir='ltr'><strong><em>corpori</em></strong></span> <span class='ocrx_word' id='word_1_515' title='bbox 459 4003 517 4043; x_wconf 89' lang='lat' dir='ltr'><strong><em>suo.</em></strong></span> <span class='ocrx_word' id='word_1_516' title='bbox 551 3987 592 4041; x_wconf 77' lang='lat' dir='ltr'><strong><em>Ab</em></strong></span> <span class='ocrx_word' id='word_1_517' title='bbox 610 3986 732 4039; x_wconf 81' lang='lat' dir='ltr'><strong><em>Homero</em></strong></span> <span class='ocrx_word' id='word_1_518' title='bbox 749 3985 864 4038; x_wconf 85' lang='lat' dir='ltr'><strong><em>ductum</em></strong></span> <span class='ocrx_word' id='word_1_519' title='bbox 881 3996 936 4054; x_wconf 87' lang='lat' dir='ltr'><strong><em>ast,</em></strong></span> <span class='ocrx_word' id='word_1_520' title='bbox 960 3988 1010 4058; x_wconf 84' lang='lat' dir='ltr'><strong><em>qui</em></strong></span> <span class='ocrx_word' id='word_1_521' title='bbox 1031 3989 1099 4043; x_wconf 81' lang='lat' dir='ltr'><strong><em>dicit</em></strong></span> 
     </span>
    </p>
   </div>
   <div class='ocr_carea' id='block_1_9' title="bbox 114 4108 892 4192">
    <p class='ocr_par' dir='ltr' id='par_1_10' title="bbox 114 4108 892 4192">
     <span class='ocr_line' id='line_1_55' title="bbox 114 4108 892 4192; baseline 0.005 -35"><span class='ocrx_word' id='word_1_522' title='bbox 114 4111 148 4183; x_wconf 63' lang='grc' dir='ltr'><strong><em>Ῑί</em></strong></span> <span class='ocrx_word' id='word_1_523' title='bbox 594 4183 597 4192; x_wconf 33' lang='grc' dir='ltr'>Ι</span> <span class='ocrx_word' id='word_1_524' title='bbox 773 4151 777 4158; x_wconf 92' lang='grc'>.</span> <span class='ocrx_word' id='word_1_525' title='bbox 854 4108 892 4161; x_wconf 82' lang='lat'><strong><em>29</em></strong></span> 
     </span>
    </p>
   </div>
   <div class='ocr_carea' id='block_1_10' title="bbox 0 0 1232 4500">
    <p class='ocr_par' dir='ltr' id='par_1_11' title="bbox 0 0 1232 4500">
     <span class='ocr_line' id='line_1_56' title="bbox 0 0 1232 4500; baseline 0 5"><span class='ocrx_word' id='word_1_526' title='bbox 0 0 1232 4500; x_wconf 95' lang='lat' dir='ltr'><strong><em> </em></strong></span> 
     </span>
    </p>
   </div>
  </div>
 </body>
</html>
