2454 4500
97 326 100 344 .
149 228 366 341 nuncu,
388 212 562 340 leuem.
584 276 665 341 na.
688 276 993 354 νωθῆ-348.
1035 281 1101 365 sss
1202 320 1205 328 ,

57 473 124 534 pter
140 463 314 526 sterilitatem
329 462 385 518 hoc
401 479 513 533 sacrum
531 460 628 513 dicunt
645 480 661 514 a
678 461 800 514 Romulo
816 462 1010 527 constitutum,
1026 462 1102 516 ideo-

80 551 114 586 ue
132 542 160 586 et
176 534 286 602 puellae
304 532 338 584 de
361 533 422 584 loro
447 532 524 599 capri
542 530 707 597 caeduntur,
729 540 762 582 ut
778 541 892 589 careant
914 533 1056 584 sterilitate
1073 539 1102 585 et

56 552 196 655 lecnndae
219 603 288 662 sint3
312 617 379 652 nam
401 603 499 668 pellem
523 601 612 668 ipsam
637 603 718 668 capri
740 609 845 653 veteres
862 601 1000 671 februum
1023 612 1101 652 roca·
1162 646 1165 651 .

56 671 153 736 bant]
178 699 213 708 -
268 675 328 729 344.
355 669 507 722 Parrhasio
534 677 599 727 ator
629 669 696 719 ordo
720 677 776 721 est:
798 670 937 721 Monstrat
964 669 1103 738 Lupercal
1209 680 1212 690 '

57 741 148 792 Panos
166 739 267 808 Lycaei
286 739 390 793 dictum
409 757 440 790 ex
459 754 542 789 more
559 737 721 802 Parrhasio,
744 739 761 788 i.
779 757 805 791 e.
827 739 948 790 ostendit
964 736 1103 807 Lupercal

56 809 148 860 Panos
172 808 273 877 Lycaei
298 806 420 858 dicatum
442 824 474 860 ex
491 822 571 857 more
589 805 731 856 Arcadico.
766 807 839 858 Nam
859 807 1029 871 Parrhasio,
1051 811 1103 858 Ar-

59 877 204 928 cadiaest.
237 877 371 938 Dictum,·
390 877 520 940 dicatum,
537 881 737 943 consecratum.
766 868 994 943 Pandstycaen
1013 876 1102 927 huius
1169 878 1171 895 ¹

59 946 170 1009 Panos,
193 945 330 1013 genitivus
346 954 388 996 est
404 947 541 1008 Graecus,
564 951 592 994 et
611 943 703 994 Panos
720 943 842 1012 Lycaei,
854 941 904 996 'sic
928 945 1034 996 dictum
1052 952 1102 1012 sst,

57 1023 93 1065 nt
108 1015 177 1065 lovis
195 1014 333 1082 Olympici
358 1013 447 1082 (codd.
466 1012 622 1080 Olympi),
633 1013 766 1080 Apollinis
784 1014 917 1085 Delphici
927 1016 1017 1082 (codd.
1034 1014 1102 1066 Del·
1179 1025 1183 1037 “

23 1113 29 1120 -
56 1083 200 1152 phorum).
224 1090 257 1123 ·'-
300 1087 362 1139 345.
386 1082 468 1133 Sacri
494 1093 632 1134 monstrnt
657 1100 756 1132 neruus
780 1085 917 1152 Argileti,
942 1086 1035 1151 sacri,
1058 1096 1102 1135 ex·

58 1153 196 1204 curabilis.
230 1152 301 1203 Sane
319 1148 491 1218 Argiletum,
518 1151 595 1219 quasi
614 1152 776 1218 argillarum
793 1150 881 1205 multi‘
896 1152 991 1204 volunt
1007 1170 1023 1206 a
1040 1146 1102 1220 pin·

38 1267 41 1272 .
59 1223 110 1290 gui
127 1231 216 1273 terra:
233 1221 281 1283 alii
298 1236 315 1272 a
331 1221 434 1273 fabula.
469 1222 541 1272 Nam
558 1221 690 1272 Euander
702 1223 808 1289 Argum
825 1223 966 1291 quendam
983 1210 1103 1293 suscepit

58 1289 196 1360 hospitio,
220 1289 269 1358 qni
293 1305 359 1339 cum
383 1291 418 1341 de
443 1290 500 1341 eius
517 1290 654 1359 cogitaret
675 1289 808 1355 interitu,
831 1300 863 1342 ut
885 1292 944 1362 ipse
961 1297 1102 1360 regnaret,

57 1359 192 1413 Euandro
215 1359 268 1409 hoc
288 1373 351 1409 'non
373 1359 511 1429 sentiente
533 1358 601 1409 socii
618 1359 828 1426 intellexerunt,
852 1369 880 1413 et
896 1364 1005 1428 Argunt
1019 1370 1102 1412 neca·

57 1436 135 1482 runt.
170 1427 223 1478 Cui
239 1427 370 1480 Euander
389 1437 417 1497 et
432 1427 592 1496 sepulcrum
614 1428 697 1492 iecit,
720 1435 749 1478 et
771 1429 864 1480 locum
888 1429 1021 1483 sacravit:
1044 1443 1102 1480 non
1166 1432 1168 1435 ’

58 1496 136 1566 quod
152 1497 197 1549 ille
216 1496 387 1562 merebatur,
403 1497 450 1549 sed
468 1496 662 1563 hospitalitatis
674 1512 764 1548 causa.
799 1498 876 1550 Bene
892 1506 987 1550 autem
1005 1498 1036 1550 in
1048 1496 1102 1549 hac

57 1583 91 1619 te
109 1556 239 1618 Eu'ander
257 1565 441 1630 immoratur,
465 1574 493 1618 et
520 1565 601 1615 docet
617 1580 726 1629 causas,
749 1583 786 1618 ne
810 1567 882 1636 apud
900 1564 1041 1637 hospitem
1057 1582 1121 1617 ver·

56 1635 119 1687 niet
142 1635 173 1686 in
195 1650 239 1685 sus
259 1634 386 1686 icionem.
421 1635 497 1701 Ergo
522 1634 679 1702 Argiletum
704 1633 741 1685 ab
765 1636 839 1703 Argo
864 1635 920 1687 illic
943 1643 1052 1689 sacrato
1075 1641 1104 1688 ct

56 1705 175 1770 sepulto.
207 1652 272 1770 [Alli
289 1704 396 1769 Argum
415 1705 538 1754 occisum
556 1703 651 1784 dicunt
667 1703 703 1755 ab
720 1702 780 1772 ipso
797 1703 1102 1775 Euandro,»auttiliuntc

57 1773 113 1823 sibi
142 1771 275 1837 Hercule,
304 1772 379 1840 quod
408 1773 431 1824 is
456 1789 490 1839 eps
520 1773 629 1843 hospite
657 1774 745 1824 iactus
768 1780 839 1824 esset
862 1773 998 1824 inimicus.
1049 1771 1103 1823 Alii

56 1841 176 1894 Danaen
199 1855 264 1891 cum
283 1838 389 1891 duobus
412 1840 475 1903 filiis
491 1841 566 1910 Argo
590 1848 620 1893 et
635 1842 725 1909 Argeo
749 1857 818 1910 quos
842 1841 876 1893 de
893 1843 979 1894 Fineo
1003 1839 1103 1892 habuit

57 1911 165 1963 venisse
181 1910 211 1960 in
228 1909 351 1974 ltaliam,
375 1918 404 1962 et
419 1911 512 1961 locum
531 1910 578 1960 ubi
595 1927 669 1961 nunc
686 1910 778 1961 Roma
796 1918 837 1963 est
853 1909 1103 1978 tenuisse,·ibique

56 1982 166 2047 Argum
196 1979 382 2047 Aboriginum
412 1978 518 2030 insidiis
548 1976 730 2031 interiectum
760 1979 822 2030 loeo
852 1995 956 2032 nomen
989 1978 1104 2032 dedisse.

56 2049 112 2102 Alii
129 2049 323 2116 Argiletanum
341 2060 450 2115 portam
476 2047 625 2118 appellari,
649 2047 724 2116 quod
748 2065 811 2099 eam
831 2049 955 2099 Cassius*
970 2048 1103 2116 Argillus

56 2122 114 2170 sive
132 2117 231 2170 iecerit
247 2119 303 2169 sive
319 2116 464 2181 refecerit,
488 2116 563 2186 quod
586 2116 628 2168 ibi
645 2116 780 2183 Cassius,
804 2125 867 2186 post
883 2118 1012 2185 Argillus
1030 2116 1103 2170 bello

23 2203 37 2221 ‘
56 2187 162 2240 Punico
179 2187 271 2256 primo
290 2185 325 2236 sit
340 2187 500 2238 interiectus
526 2185 562 2236 ob
587 2185 776 2238 turbulentam
798 2196 826 2238 et
849 2187 1008 2239 seditiosam
1024 2194 1105 2239 natu·

57 2272 131 2309 ram.
165 2255 217 2306 Alii
235 2253 309 2324 quod
327 2257 456 2322 Argillus
475 2253 592 2307 Senator
614 2263 676 2324 post
692 2255 839 2309 Cannense
857 2257 996 2327 praelium
1013 2272 1104 2308 suass-

56 2325 130 2378 rita
148 2324 246 2376 Poenis
270 2340 368 2393 pacem
392 2323 540 2394 postrdari,
562 2323 627 2376 ideo
650 2323 688 2375 in'
698 2324 800 2377 Senatu
823 2334 951 2397 captum,
976 2326 1104 2377 domum·
1133 2326 1135 2331 ’

57 2410 115 2464 que
132 2393 190 2445 eius
205 2387 327 2445 dirutam
341 2392 370 2443 et
385 2394 479 2444 locum
492 2393 648 2461 Argiletum
661 2395 838 2464 appellatum.
874 2393 994 2462 Quidam
1007 2396 1104 2448 dicunt

57 2479 126 2515 cum
145 2461 290 2528 Capitolii,
313 2462 360 2512 ubi
377 2478 451 2515 nunc
470 2471 526 2527 est,
549 2461 731 2515 fundamenta
754 2465 926 2529 iacerentur,
951 2472 1035 2536 caput
1051 2464 1103 2515 iru-

57 2548 177 2584 manum
195 2530 268 2598 quod
286 2529 343 2581 Olli
361 2530 429 2597 (Oli)
447 2531 600 2596 diceretur,
616 2532 777 2597 inventum,
820 2549 854 2583 uo
874 2536 969 2586 omnes
986 2531 1102 2599 (omine)
1130 2578 1133 2599 ‚

57 2601 218 2653 sollicitatos
246 2598 404 2650 conditores
434 2600 540 2651 misisse
564 2600 600 2651 ad
624 2600 755 2652 Tusciam
781 2550 818 2652 si
839 2602 998 2672 aruspicem
1029 2601 1102 2653 illius

56 2669 194 2738 temporis
210 2669 402 2731 nominatum,
427 2668 473 2734 qui
491 2669 549 2718 iam
566 2667 735 2720 indicaverat
752 2673 841 2736 Argo,
858 2669 915 2720 filio
933 2686 998 2736 suo,
1013 2669 1102 2720 tribu·

58 2747 121 2790 tuin
139 2737 261 2789 fataliter
279 2751 351 2800 esse,
373 2743 404 2786 ut
426 2736 449 2785 is
471 2736 547 2787 locus
565 2736 628 2787 orbi
645 2736 798 2804 imperaret
813 2738 845 2789 in
862 2754 917 2806 quo
934 2739 1002 2790 illud
1018 2744 1103 2809 caput

58 2816 132 2861 esset
153 2807 306 2857 inventum.
340 2803 422 2857 Olivii
445 2804 531 2872 igitur
548 2806 622 2870 Argo
646 2805 677 2855 hi
701 2807 749 2873 qui
771 2806 848 2857 missi
866 2814 960 2869 erant,
985 2806 1102 2859 ubinam
1146 2804 1149 2809 ’

59 2885 131 2931 esset
153 2883 249 2945 pater,
271 2875 527 2940 interrogaverunt,
552 2874 599 2939 qui
623 2875 736 2940 cognita
760 2891 842 2926 causa
864 2873 971 2927 itineris
996 2891 1104 2940 eorum,
1156 2890 1160 2899 ·

60 2963 146 3007 omne
162 2957 327 3012 responsum
344 2941 431 3013 patris
448 2940 584 3010 prodidit,
608 2942 771 3010 monuitque
794 2948 826 2993 ut
843 2950 988 3011 caverent,
1011 2963 1048 2996 ne
1066 2943 1101 2995 ab

59 3033 94 3070 co
118 3010 338 3079 interrogatione
358 3010 560 3076 deciperentur.
595 3009 648 3062 Sed
672 3027 738 3061 cum
754 3013 854 3080 Legati
872 3013 908 3064 sd
925 3028 990 3065 eum
1007 3030 1103 3084 perse-⁴

53 3087 180 3147 ‘nissent‘5
198 3088 225 3132 et
244 3080 278 3131 de
295 3079 495 3147 significatione
512 3079 615 3131 inventi
633 3079 730 3144 capitis
748 3089 931 3148 quaererent,
947 3083 1039 3135 volens
1056 3082 1102 3134 ille
1129 3100 1133 3105 ·

58 3152 235 3211 dominatum
255 3149 330 3200 orbis
346 3148 453 3219 patriae
470 3165 535 3198 suae
553 3157 649 3218 potens
668 3149 781 3220 (potius)
800 3149 967 3217 adscribere,
982 3152 1103 3217 interro-

17 3217 20 3222 ’
57 3223 148 3293 gavit:
173 3236 247 3269 anns
265 3217 327 3282 hic,
350 3234 431 3268 suum
453 3216 546 3268 locum
563 3215 723 3282 ostendens,
747 3218 946 3270 invenissent?
981 3220 1101 3272 illisne·

57 3289 206 3362 gentihus,
223 3288 375 3355 suspicatus
391 3287 534 3355 proditum
551 3303 608 3339 esse
625 3302 798 3353 responsum,
815 3289 948 3356 quiaesivit
964 3306 1000 3340 an
1017 3305 1103 3356 quen·

58 3375 147 3431 quam
165 3356 278 3407 obvium
301 3355 444 3420 iecissent,
467 3354 521 3405 illis
544 3355 706 3423 simpliciter
730 3357 925 3408 confitentibus
950 3357 1103 3410 occurrisse

57 3429 113 3482 sibi
129 3428 271 3488 iuvenem,
296 3432 362 3475 tunc
380 3439 494 3491 aruspex
519 3438 668 3490 conscenso
686 3438 759 3492 equo
782 3433 891 3478 secutus
908 3425 1014 3494 Argum
1031 3426 1103 3478 occi·

56 3499 102 3550 dit
120 3510 152 3548 eo
165 3494 231 3546 loco
249 3494 298 3544 uli
315 3509 389 3543 nunc
406 3491 498 3542 Roma
516 3499 565 3554 est,
583 3511 600 3546 e
618 3494 694 3542 cuius
712 3493 798 3546 caede
815 3493 982 3560 Argiletum:
999 3495 1103 3561 Quam·

56 3568 99 3618 vis
123 3565 193 3616 hnec
221 3562 337 3613 historia
360 3558 445 3612 etiam
470 3560 504 3612 de
527 3560 582 3612 alio
606 3561 721 3614 nomine
739 3578 821 3630 saepe
840 3562 980 3614 celebrata
995 3563 1051 3630 sit]
1068 3591 1104 3605 -··

59 3639 125 3694 346.
146 3633 277 3682 Testatur
296 3632 405 3689 locum;
430 3629 505 3680 iurat
516 3643 579 3680 non
596 3645 645 3680 sua
658 3630 743 3700 culpa
760 3631 822 3683 iura
840 3631 953 3700 hospitii
970 3649 1031 3687 esse
1040 3633 1104 3695 ,vio-

56 3705 131 3764 lata3
157 3700 210 3768 [vel
229 3700 261 3750 in
284 3696 475 3750 testimonium
503 3697 579 3748 ducit
602 3713 707 3750 nomen
731 3699 801 3766 loci,
825 3700 867 3751 vel
892 3694 1050 3757 ditestatur.
1068 3730 1104 3741 -
1164 3698 1168 3703 ’

58 3773 124 3832 347.
142 3770 293 3836 Tarpeiam
312 3764 420 3832 sedem3
438 3766 586 3837 prolepsis;
611 3766 665 3818 duo
689 3767 760 3818 haec
777 3768 853 3820 enim
869 3770 986 3824 nomina
1009 3779 1105 3841 postea

56 3840 151 3896 monti
173 3836 260 3889 indita
281 3834 370 3900 sunt]
393 3863 428 3873 -
470 3840 531 3894 348.
557 3837 651 3887 Aurea
676 3853 770 3902 nunc,·
795 3853 873 3889 nuno
896 3837 931 3891 ad
954 3847 1105 3910 utrumque

58 3909 197 3981 pertinet,
220 3904 299 3956 etad
318 3922 405 3956 cures
424 3912 454 3956 et
472 3904 506 3955 ad
524 3904 676 3972 Tarpeiam
694 3907 794 3958 sedem.
828 3907 904 3958 Nam
922 3907 1046 3976 Tarpeia
1063 3927 1105 3962 ss·

60 3981 111 4031 des
129 3977 202 4028 dicta
219 3981 262 4025 est
278 3973 423 4042 aTarpeia
439 3972 555 4042 virgine.
586 3975 659 4027 Cum
675 3976 752 4027 enirn
764 3975 899 4029 Romulus
916 3986 1015 4033 corstra
1029 3978 1106 4033 Sabi*

59 4051 112 4102 sios
129 4045 204 4099 bella
220 4048 369 4109 tractaret,
392 4048 422 4095 et
438 4042 559 4114 Tarpeio
576 4043 689 4096 cuidam
705 4041 825 4098 dedisset
848 4056 947 4098 arcem
961 4047 1105 4116 tuendam,
