2454 4500
97 126 106 150 Χ
194 139 195 149 t

95 294 97 304 ·
152 278 215 342 rso
325 271 364 355 J
399 260 549 331 'suam
572 220 926 351 contristamus

148 454 267 508 secundo
292 451 397 505 dictum
420 451 485 518 est]
533 454 672 507 Scelerata
697 467 789 521 terra,·
818 471 870 526 pro
901 458 1119 526 sceleratorum,
1141 463 1192 530 [ut

103 530 106 545 ¹
147 541 230 594 supra
250 516 304 592 ’(2,
328 523 422 584 765.):
455 522 712 591 captivamus]
737 554 773 564 --
812 531 855 584 61.
882 525 1032 579 classibus
1056 542 1188 595 austros‚·

146 593 291 660 hypallage
308 599 361 644 est:
392 592 471 660 [nam
487 593 585 645 classes
602 594 700 646 aratris
717 594 884 659 damus.].—-
919 601 963 653 62.
982 597 1187 650 Instauramus

141 663 261 732 funus,-
295 662 378 719 modo
407 660 578 730 sepulerum,
617 663 691 730 quod
720 663 838 732 virgrdta
861 662 1023 734 [e]vellendo
1054 667 1188 721 diruerat.

89 748 92 759 ’
146 732 232 784 Nam*
243 731 355 800 proprie
373 729 471 798 funus
495 738 535 781 est
558 731 704 783 incensum
728 735 853 803 cadaver,
877 759 912 774 —
951 740 995 792 63.
1021 736 1186 804 [Aggeritur

145 803 254 852 tumulo
280 801 378 863 tellus;
404 806 435 849 ut
458 800 616 852 ostenderet
631 817 729 852 verum
751 801 904 869 tumulum,
928 820 964 855 ne
987 805 1063 856 forte
1088 806 1185 874 aliquis

30 851 37 858 ι
65 872 70 879 “
144 872 213 924 alius
236 869 306 927 illud
332 883 428 920 errore
451 867 572 920 notaret.
621 867 702 919 Stant
709 891 719 936 ;
742 871 847 940 positae
871 879 947 935 sunt,
970 873 1059 925 multa
1082 882 1185 939 autern,

144 948 176 991 ut
192 937 335 1010 supral(l‚
352 935 422 998 646.)
441 935 573 1002 diximus,
590 937 637 989 hic
653 955 745 990 sermo
763 939 905 1006 significat.
936 940 1084 992 Manibus
1090 966 1101 1007 ,·
1126 961 1182 992 ma-

145 1027 195 1061 nes
212 1016 276 1061 srmt
291 1005 464 1058 animaa'illo
481 1013 623 1072 tempore,
647 1008 754 1075 quode
779 1008 838 1059 aliis
853 1008 1046 1067 recendentes·
1060 1012 1183 1091 corpori-

93 1091 96 1097 ‘
144 1077 210 1144 bus,
234 1076 354 1129 necdum
376 1074 407 1125 in
424 1074 478 1126 alia
500 1075 676 1126 transierunt.
710 1077 780 1128 Sunt
795 1084 890 1129 autem
905 1078 1019 1143 noxiae,
1041 1087 1073 1132 ot
1089 1081 1182 1132 dicun·

143 1144 189 1198 tur
206 1142 276 1199 aurai
293 1143 478 1215 Antiphrasin.
513 1143 587 1193 Nam
605 1159 736 1210 manum,
749 1134 784 1197 ¹ut
800 1163 882 1215 supra
900 1150 944 1214 (1,
961 1147 1032 1209 139.)
1058 1148 1182 1212 diximus,

144 1215 250 1268 bonum
267 1222 321 1277 est;
346 1213 419 1264 unde
437 1220 465 1263 et
482 1230 564 1261 mane
582 1211 686 1265 dictum
704 1220 752 1266 est.
787 1213 921 1268 Similiter
943 1217 1030 1268 etiam
1047 1217 1181 1269 Eumeni-

144 1287 197 1337 das
221 1286 337 1337 dicimus
355 1277 423 1348 [aiao'
439 1276 488 1348 τῆς
513 1276 665 1348 sintarine,
690 1285 709 1336 i.
728 1302 751 1336 e.
775 1281 982 1348 benevolentia,
1007 1283 1049 1351 ut]
1068 1285 1180 1348 Parcas,

98 1382 100 1394 .
145 1339 264 1420 ballam,
282 1356 387 1405 lacum.
423 1351 482 1418 Alii
494 1368 590 1402 manes
608 1369 624 1404 a
643 1353 785 1402 manando
804 1352 889 1404 dictos
906 1352 1074 1430 intelligunt.
1109 1355 1180 1406 Num

141 1424 271 1476 manibus
288 1422 371 1492 plena
395 1427 458 1471 sunt
481 1419 545 1473 loca
565 1420 639 1471 inter
663 1421 792 1479 lunarem
816 1429 844 1473 et
866 1429 1012 1493 terrenum
1034 1423 1181 1489 circulum,

141 1493 216 1558 uncle
233 1500 261 1544 et
277 1492 413 1544 defluunt
448 1488 569 1554 Quidam
593 1507 705 1556 manes,
729 1490 794 1541 deos
816 1488 940 1542 infernos
956 1491 1088 1558 tradunt,
1123 1508 1179 1544 eos-

142 1577 196 1630 que
213 1562 287 1614 iuter
310 1559 427 1613 numina
448 1557 526 1610 laeva
547 1565 710 1625 numerant,
734 1559 894 1628 placarique
917 1567 1016 1641 putant
1038 1577 1070 1613 sa
1086 1552 1111 1573 ¹‘
1132 1562 1179 1612 ciis

141 1648 178 1683 ne
201 1638 328 1699 noceant.
362 1626 573 1699 Quidamalios
599 1624 799 1693 manm'aiios
820 1626 892 1679 deos·
916 1627 1053 1696 infernos·
1072 1629 1178 1681 dicunt:

113 1715 116 1728 ¹
141 1700 255 1770 plurimi
273 1701 338 1752 deos
356 1697 502 1762 caelestes,
520 1704 551 1747 ut
567 1696 705 1762 vivorum,
728 1697 768 1748 ita
786 1714 883 1748 manes
901 1705 1081 1765 mortuorum
1097 1698 1179 1750 tradi·

140 1771 250 1822 derunt.
283 1767 336 1821 Alii
360 1773 476 1834 putant,
500 1766 553 1817 hoc
577 1765 691 1817 nomine
701 1765 857 1835 ,appellatas
873 1766 957 1818 fuisse
975 1766 1086 1820 anunas
1103 1784 1179 1838 sepa·

139 1847 215 1890 ratas
232 1855 250 1889 a
265 1851 397 1906 corpore3
410 1835 495 1886 vunde
519 1833 643 1885 videmus
659 1842 765 1886 vetusta
787 1834 979 1902 sepulcrorum
996 1845 1179 1888 monumenta

138 1908 211 1958 -Diis
235 1906 374 1958 Manibus
399 1919 457 1955 esse
480 1902 619 1970 inscripta.
666 1904 699 1954 ln
721 1919 777 1971 qua
801 1904 887 1955 etiam
909 1905 1048 1957 sententia
1072 1904 1179 1958 v'idetur

140 1994 198 2030 esse
220 1973 367 2046 Appuleius
391 1974 433 2025 de,
449 1971 604 2036 Daemonio
629 1970 762 2025 Socratis:
792 1972 910 2038 Manes,
933 1973 1038 2041 inquit,
1063 1976 1178 2026 animas

141 2047 279 2096 dicuntur
298 2044 425 2094 melioris
444 2043 552 2106 meriti,
572 2058 651 2158 puae
670 2043 701 2091 in
721 2058 835 2108 corpore
854 2053 950 2093 nostro
972 2040 1061 2094 Genii
1077 2044 1177 2094 dicun-

139 2128 200 2180 tur,
224 2110 336 2183 corpori
361 2111 555 2163 renuntiantes
599 2127 723 2176 emures3
750 2128 813 2161 cum
837 2113 935 2162 domos
960 2113 1180 2163 incursionibus

72 2229 75 2233 .
140 2184 322 2252 infestarent,
339 2179 450 2231 Laruae
468 2179 700 2245 appellabantur5
726 2192 838 2246 contra,
862 2182 889 2229 si
906 2183 991 2247 aequi
1008 2170 1034 2230 'et
1045 2180 1178 2248 faventes

71 2302 73 2309 Α
140 2264 246 2318 essent,
267 2250 356 2319 Lares
374 2249 548 2318 familiares·
585 2246 654 2298 Sunt
677 2249 776 2315 etiam,
803 2249 850 2316 qui
867 2256 979 2316 putent,
997 2248 1104 2300 Manes
1121 2266 1178 2302 eos·

138 2323 203 2374 dem
221 2337 294 2386 esse,
315 2334 383 2387 quos
400 2325 515 2369 vetustas
536 2316 641 2368 Genios
666 2319 826 2388 appellavit,
851 2317 971 2386 duosque
989 2316 1094 2370 Manes
1118 2336 1179 2370 cor·

138 2391 252 2462 poribus
282 2389 316 2441 ab
346 2388 405 2457 ipsa
436 2387 535 2444 statimv
553 2386 734 2455 conceptione
764 2387 915 2454 assignatos
940 2388 1039 2453 fuisse,
1071 2388 1121 2456 qui
1141 2406 1177 2440 ne

138 2468 248 2511 mortua
266 2458 379 2525 quidem
397 2462 516 2523 corpora
533 2455 677 2520 deserant,
701 2456 925 2524 consumptisque
949 2457 1034 2507 etiam
1052 2458 1177 2527 corpori·

116 2530 189 2581 virus
214 2528 338 2596 sepulcra
360 2525 525 2577 inhabitent.
574 2524 672 2575 Cicero
697 2525 747 2591 (de
771 2524 869 2590 Legib.
893 2534 925 2589 2,
950 2524 1023 2586 10.):
1047 2524 1176 2577 Deorum

139 2600 267 2648 manium
287 2598 352 2646 iura
372 2606 470 2644 sancta
491 2605 582 2643 sunto.
618 2593 707 2659 Atque
732 2595 850 2645 eandem
875 2593 910 2643 ob
934 2610 1048 2644 causam
1073 2594 1176 2644 Manes

136 2684 188 2739 pro
206 2667 310 2716 ossibus
332 2663 398 2733 ipsis
416 2671 445 2714 et
461 2661 594 2730 sepulcris
618 2668 764 2730 ponuntur.
799 2663 909 2713 Persius
932 2667 974 2729 (1,
992 2662 1063 2724 38.):
1089 2662 1176 2713 Nune

137 2754 196 2788 non
215 2754 227 2785 e
245 2734 383 2786 Manibus
402 2733 463 2782 illis
482 2741 641 2782 naseuntur
657 2731 757 2782 violae.
792 2731 871 2782 Idem
889 2735 931 2798 (5,
949 2730 1176 2800 151.):1nau1ge

136 2807 237 2874 genio,
260 2819 410 2870 carpamus
436 2801 550 2866 dulcia;
584 2811 710 2849 nostrum
736 2810 791 2863 est,
823 2799 907 2867 Quod
931 2802 1022 2850 uiuis:
1049 2801 1126 2852 cinis
1152 2813 1177 2852 et

137 2875 239 2926 Manes
264 2883 289 2922 et
306 2870 413 2939 ⁸fabula
433 2869 498 2938 fies.
536 2868 707 2935 Quandoque
731 2867 834 2919 Manes
860 2870 989 2921 dicuntur
1012 2878 1123 2936 poena,
1146 2877 1177 2920 ut

71 2956 73 2968 ¹
135 2945 166 2996 in
181 2945 222 2994 VI.
240 2939 337 3009 (743.):
362 2937 489 3005 Quisque
507 2955 576 2989 suos
593 2939 718 3003 patimur
737 2954 841 2989 manes.
877 2937 929 2989 Alii
949 2946 1176 2989 manesnoctur-

137 3029 185 3064 nos
209 3012 304 3063 dieunt
329 3025 387 3060 esse
411 3008 468 3060 eius
492 3006 587 3073 spatii,
613 3005 687 3071 quod
711 3005 782 3057 inter
807 3008 918 3059 coelum
940 3014 1102 3075 terramque
1128 3004 1175 3072 e'st,

137 3091 165 3134 et
181 3081 243 3132 ideo
261 3078 386 3129 humoris
404 3076 451 3143 qui
469 3083 554 3126 noctu
571 3074 644 3126 cadit
660 3081 828 3143 potestatem
852 3075 973 3140 habere3
999 3076 1073 3128 unde
1092 3092 1174 3128 mane

156 3167 245 3218 uoque
269 3148 304 3199 ab
329 3145 427 3197 iisdem
452 3146 586 3195 manibus
611 3142 724 3195 dictum.
748 3169 783 3181 -
831 3147 874 3202 64.
900 3144 1047 3195 Caeruleis
1079 3147 1173 3208 vinis,-

136 3169 206 3272 Zato
231 3217 283 3283 ait,
307 3216 432 3283 deposita
458 3222 531 3266 vesto
555 3228 710 3282 purpurea,
733 3213 852 3265 feminas
878 3229 940 3264 usas
957 3214 1087 3266 caerulea
1110 3229 1175 3278 curn

134 3288 269 3356 lugerent.
303 3286 414 3335 Veteres
437 3298 503 3335 sane
529 3284 704 3346 caeruleum,
726 3281 840 3350 nigrum
864 3281 1044 3352 accipiebant
1084 3281 1174 3334 Vittae

135 3371 230 3409 alitem
249 3354 392 3405 caeruleae
409 3351 439 3402 in
456 3352 558 3405 acerbo
575 3352 674 3403 funere
697 3351 846 3423 praecipue
870 3344 1111 3403 filiorumfamilias
1127 3351 1174 3403 ad·

136 3424 237 3477 hiberi
257 3421 397 3486 solebant,
427 3420 499 3472 sicut
521 3420 582 3480 hic;
610 3435 678 3471 nam
702 3419 829 3487 Polydori
850 3421 933 3472 funus
963 3437 982 3471 u
1014 3427 1060 3472 ote
1084 3420 1174 3474 adhuc

135 3493 238 3564 pueri,
255 3489 389 3543 acerbum
413 3497 469 3554 est,
492 3495 520 3540 et
537 3488 602 3555 quia
626 3489 685 3540 eius
708 3491 806 3540 aetatis
830 3495 906 3553 erat,
928 3495 959 3538 ut
981 3488 1174 3542 sunamitin

135 3563 226 3614 adhuc
250 3575 307 3612 esse
331 3559 470 3626 potuisset.
503 3556 628 3608 Maestae
645 3575 729 3621 arae,
754 3558 853 3610 Cicero
867 3571 928 3625 'pro
945 3556 1068 3613 Murena
1091 3558 1173 3627 (linis

137 3625 472 3698 ImaginemulugentemJ
506 3625 627 3704 Atraque
654 3642 801 3696 cupresso,¹
825 3627 925 3705 nigra,
944 3626 1065 3680 funesta.
1100 3626 1175 3679 Nam

86 3734 90 3744 ι
135 3698 232 3751 urseris
255 3704 416 3748 consecrata
439 3702 494 3761 est,
518 3710 583 3764 quia
599 3711 679 3746 caesa
702 3712 846 3764 nunquam
869 3695 1019 3747 revirescit.
1053 3694 1173 3775 [Dicittu

135 3776 231 3820 autem
249 3765 420 3833 Cyparissus
437 3783 488 3835 per
504 3763 661 3832 synaeresin
679 3764 849 3833 cypressus,
866 3762 971 3816 deiude
994 3778 1174 3817 conversione

133 3854 157 3904 y
173 3838 203 3889 in
222 3853 240 3884 u
249 3872 258 3899 ‚
281 3834 445 3901 Cupressus.
481 3833 531 3886 Est
545 3839 641 3885 autem
657 3828 892 3902 arbor'procera‚
916 3832 1032 3884 caudice
1049 3832 1172 3904 oblongo

137 3912 166 3958 et
188 3912 280 3968 recto,
308 3903 407 3955 fronde
431 3901 591 3966 iudeoidnr,
615 3901 701 3954 odore
725 3903 893 3956 vehementi.
936 3900 1005 3952 Duo¹
1025 3900 1086 3953 eius
1109 3910 1174 3954 sunt

137 3989 257 4042 genera3
274 3987 342 4024 narn
359 3987 429 4039 qliae
446 3970 546 4024 sterilis
563 3977 616 4035 est,
631 3971 736 4023 femina
754 3971 871 4035 dicitur,
888 3969 923 4024 ad
940 3977 1032 4026 metae
1048 3972 1173 4024 sormam

137 4044 167 4096 in
181 4040 292 4112 fasdffio
310 4039 468 4103 convoluta;
492 4039 566 4094 unde
584 4047 613 4092 et
628 4035 771 4108 merrdie
785 4040 923 4111 peculiari
938 4039 1063 4108 epitheto
1080 4039 1175 4113 appel·
