2454 4500
316 200 329 225 S

177 268 243 342 aar
429 222 573 322 'suun
590 227 941 325 houuaummus

174 447 259 500 fidem
280 445 348 499 fecit
368 461 446 515 posse
467 444 529 498 fieri
551 445 624 514 quad
646 446 826 499 metuendum
847 444 1033 515 praedicabat.
1062 471 1099 485 -
1140 451 1200 505 566

177 517 322 583 Praeceps3
345 516 465 567 festinus.
507 512 718 583 [Praecipitare;
744 531 794 586 pro
816 516 1032 583 praecipitandi.
1061 539 1097 553 -·
1138 520 1197 572 566

156 578 160 587 ’
177 585 333 648 Trabibus5
349 584 391 636 vel
406 583 530 648 navibus,
546 582 591 641 rel
605 583 705 648 remis,
720 591 751 633 ut
767 589 809 650 (3,
826 582 911 646 191.):
936 583 1109 651 Vestamque
1128 598 1196 632 aava

99 646 113 681 ¹*
175 655 252 704 trabe
269 654 409 703 currimus
426 668 535 718 aequor.
553 648 588 689 ·¹-
621 656 684 710 567,
699 650 840 703 collucere
851 650 947 718 sauss,
964 658 1081 723 propter
1098 651 1195 717 (594.):

174 721 252 772 Ferte
270 722 322 771 citi
331 721 483 789 flammas,
505 719 548 770 vel
563 721 650 770 funes.
685 719 825 785 [Famem
850 719 969 783 averho¹
978 719 1081 786 ferna,
1090 719 1193 787 fervis,

170 788 279 860 fervit]
290 814 325 828 -
357 793 418 846 569.
433 788 487 838 Eia
505 804 571 854 age3
587 788 640 838 hoc
656 788 716 859 locp
733 800 783 856 per
799 781 909 854 αὔξησιν
925 788 1081 840 orationem
1096 787 1191 854 imple·

174 860 309 924 rit„nam
326 856 442 909 eandem
458 872 519 907 rem
535 857 654 907 secundo
671 856 751 919 dixit,
767 871 831 906 cum
848 859 908 922 eia,
923 872 1005 926 saepe
1022 874 1076 924 age
1091 855 1191 924 signifi·

173 933 224 979 cet.
263 925 378 976 Varium
397 935 425 974 ea
439 924 571 974 mutabile
588 941 708 990 semper5
731 924 817 989 haec,
838 924 908 977 sicut
922 940 1007 994 supra
1022 924 1130 976 diotttm
1145 930 1190 988 est,

173 993 291 1046 obiectio
308 1001 364 1057 est,
387 992 434 1044 sed
450 1001 531 1044 amat.
548 1020 583 1030 -
617 998 676 1050 570.
694 991 779 1043 Nocti
795 1011 824 1044 se
840 990 1003 1044 'immiscuit
1020 1003 1117 1056 atree5
1137 991 1189 1044 hoo

171 1063 208 1115 ad
223 1062 310 1113 visum
331 1061 491 1113 somniantis
510 1061 687 1123 referendum
708 1068 763 1125 est,
784 1059 844 1114 ie.
865 1061 896 1113 in
911 1067 1025 1113 noctem
1046 1076 1077 1112 se
1098 1060 1194 1111 immi·

171 1130 253 1182 souit:
275 1136 302 1182 et
319 1142 423 1181 noctem
439 1145 491 1197 pro
512 1128 635 1181 tenebris
658 1129 761 1198 posuit,
784 1147 834 1199 per
851 1130 924 1198 quod
947 1135 1144 1197 apparacum
1158 1129 1193 1180 iu

171 1199 245 1251 claro
260 1196 365 1250 lumine
381 1198 462 1249 inisse
479 1214 543 1248 cum
558 1195 735 1266 loqueretur]
752 1221 786 1235 -
820 1205 880 1256 571.
901 1198 1031 1262 Labris5
1055 1203 1087 1247 ut
1106 1212 1194 1265 supra

169 1265 267 1334 (566.)ε
287 1265 398 1337 Ῑ<“οναιαι
413 1268 474 1331 dei5
497 1265 549 1332 [vel
574 1267 679 1317 umbris
702 1264 873 1330 terroribus]
890 1293 924 1304 -
960 1272 1022 1323 572.
1050 1264 1190 1333 Corripit3

171 1350 253 1386 omen
270 1332 331 1402 [est]
353 1335 461 1386 iutruae
482 1333 672 1402 tempestatim,
687 1334 762 1401 [cum
786 1332 892 1403 rumpit
907 1347 1037 1384 somnum
1072 1333 1189 1387 deorum

165 1401 291 1466 donum]
307 1427 341 1439 -
375 1407 434 1460 573.
453 1400 634 1469 Praecipites,·
657 1409 688 1452 ut
711 1417 794 1468 supra
816 1402 986 1453 Mercurius:
1047 1419 1083 1454 on
1100 1396 1185 1471 sapis

170 1469 237 1521 ltine
253 1470 402 1535 praeceps?
436 1468 516 1537 [Sane
540 1471 666 1521 nonnulli
689 1469 729 1520 ita
744 1468 926 1538 distinguunt:
952 1470 1185 1543 Sociosquefati·

169 1550 218 1607 gat
233 1541 413 1606 praecipites,
431 1546 460 1588 ut
474 1538 600 1609 allqcutio
617 1537 682 1589 h'inc
698 1538 820 1589 videatur
836 1538 971 1604 incipere:
992 1537 1114 1605 Vigilate
1129 1540 1184 1589 oiri

167 1620 195 1659 et
212 1606 347 1659 considite
364 1609 512 1672 transtris,
528 1614 556 1658 et
572 1613 612 1658 est
628 1607 725 1657 usitata
741 1605 844 1673 ligura,
855 1606 965 1674 fatigat
982 1618 1008 1657 et
1023 1609 1179 1675 praecipites

90 1700 97 1709 ·
167 1676 247 1744 facit
280 1675 408 1742 Eatigat3
431 1691 497 1726 cum
519 1674 641 1733 clamore
662 1674 800 1742 increpat,
825 1682 855 1724 ut
878 1680 926 1739 (7,
944 1674 1033 1736 582.)ι
1059 1672 1178 1743 Undique

168 1745 276 1796 collecti
293 1749 394 1796 cadunt
411 1741 582 1810 Martemque
599 1741 737 1810 fatigant.
778 1741 840 1793 Viri
845 1766 855 1806 ‚·
878 1743 965 1795 habet
980 1743 1051 1807 haec
1067 1760 1177 1801 comme·

167 1812 286 1865 motatio
302 1813 419 1864 multum
436 1811 647 1874 adhortationis,
673 1818 705 1860 ut
720 1810 786 1863 alibi
803 1814 845 1877 (2,
863 1813 945 1873 373.);
964 1811 1154 1879 festinaturi·
1162 1802 1175 1864 i.

168 1881 329 1945 Transtris3
354 1897 403 1962 pro
425 1880 456 1932 in
478 1879 611 1931 transtris.
653 1877 724 1944 citt,
748 1879 916 1931 celeres„-
961 1880 1176 1947 57fisFes3inau

159 1952 281 2020 jugam
305 1958 417 2018 antique
434 1956 465 1999 ut
481 1953 524 2015 (6,
541 1945 628 2009 176.);
651 1947 723 1996 Tum
742 1949 822 1997 iussa
839 1947 980 2013 Sibyllae,
993 1947 1082 1999 Haud
1100 1966 1177 2014 mora,

159 2020 312 2089 festinant.
347 2018 472 2068 Incidere
485 2017 573 2085 funes
578 2039 587 2078 ,·
604 2014 657 2065 hoc
673 2016 710 2069 ad
725 2032 789 2066 rem
805 2016 956 2068 festinantis
974 2017 1110 2083 pertinet,
1125 2018 1143 2069 i.
1158 2036 1176 2085 e.

165 2098 220 2138 non
237 2087 355 2150 solvere,
371 2085 418 2136 sed
433 2082 573 2148 incidera]
589 2107 623 2120 —-
656 2088 716 2141 676.
733 2083 801 2133 Eece
820 2086 919 2134 iterum
936 2086 1082 2147 stimulam
1098 2087 1177 2139 fann-

163 2155 203 2206 sia
224 2163 266 2206 est
288 2155 323 2206 ad
346 2154 483 2203 sociorum
505 2160 651 2203 terrorem.
685 2151 729 2202 Sic
752 2152 782 2203 in
806 2160 878 2204 sexto
903 2154 981 2218 (46.);
1008 2152 1103 2219 Deus,
1126 2172 1176 2204 ecee

165 2225 240 2273 deus.
276 2224 327 2289 [Aa
348 2225 446 2271 iterum
466 2221 512 2289 qui
529 2221 604 2290 prius
621 2221 775 2284 advenerat,
792 2238 855 2270 cum
873 2221 912 2271 ait
929 2221 1030 2287 (265.):
1051 2222 1094 2271 Tu
1110 2240 1177 2272 nune

164 2291 345 2357 Carthaginis
359 2289 450 2353 altae]
484 2289 581 2338 Sancte
596 2290 725 2352 deornm,
743 2289 889 2356 [emphasis
906 2290 983 2355 quusi
999 2290 1090 2341 adhue
1107 2310 1176 2360 prae·

162 2377 222 2411 sens
240 2361 304 2410 deus
322 2367 419 2427 urgeat
435 2359 579 2425 tiarigare,
602 2356 639 2420 et]
663 2364 710 2407 aut
732 2357 974 2424 distingue[ndum]
1001 2373 1112 2409 sancte:
1135 2367 1175 2412 aut

163 2431 266 2497 [sancte
285 2427 408 2490 deorum]
424 2426 573 2476 secundum
589 2425 710 2476 Ennium
727 2426 805 2477 dixit:
822 2427 977 2491 Respondit
995 2427 1069 2478 Iuno
1088 2429 1175 2478 Satur·

162 2501 212 2548 nia
237 2508 334 2545 sancta
361 2498 483 2544 deornm.
507 2521 542 2532 ·-·
583 2499 642 2550 577.
667 2492 804 2560 Quisquis
829 2513 873 2558 ω,-
898 2495 973 2560 atqui
997 2512 1079 2565 supra
1103 2498 1174 2559 dira:

162 2566 267 2618 Omnia
281 2563 422 2614 Mercurio
442 2565 554 2613 similis.
591 2560 644 2612 Sed
660 2563 801 2614 sciendum
819 2571 865 2627 est,
882 2563 1045 2630 [secundum
1062 2565 1174 2616 Tulliruu

159 2633 188 2684 in
205 2634 276 2685 libro
293 2633 335 2683 De
351 2633 474 2683 Deorum
492 2628 608 2693 Natura]
624 2637 680 2681 tres
697 2647 753 2682 esse
770 2632 935 2682 Mercurios:
960 2648 1109 2697 superum,
1125 2643 1173 2685 terv

64 2744 69 2763 ,.
158 2718 271 2765 renum,
290 2709 317 2752 et
333 2701 459 2751 inferum.
493 2701 567 2766 Ergo
585 2701 715 2764 quisquis
733 2718 776 2765 es,
798 2708 845 2750 aut
862 2700 1017 2766 quicunque
1035 2701 1069 2752 de
1086 2703 1172 2753 tribus.

158 2770 295 2839 [Quamvis
313 2769 360 2835 alii
377 2785 427 2819 nec
445 2769 522 2817 unius
539 2767 692 2836 potestatis,
716 2785 768 2818 nec
785 2768 864 2817 unius
882 2768 1015 2833 nominis,
1032 2786 1083 2821 nec
1102 2772 1171 2822 unius

157 2839 243 2889 vultus
266 2838 359 2886 volunt
381 2853 438 2887 esse
456 2836 634 2886 Mercurium.
678 2837 731 2886 Aut
755 2836 818 2902 quia
840 2835 955 2887 demum
979 2852 1043 2887 vera
1067 2841 1171 2890 nomina

156 2923 239 2957 nemo
257 2904 359 2968 novit3]
383 2912 430 2954 eut
446 2912 520 2955 certe
538 2905 572 2954 ad
589 2905 680 2954 Iovem
697 2913 814 2972 spectat,
837 2904 856 2954 i.
875 2923 898 2955 e.
917 2907 1047 2969 quisquis
1066 2925 1109 2971 es,
1132 2904 1171 2975 qui

156 2974 304 3041 praecipis:
329 2982 359 3022 ut
375 2973 405 3022 in
422 2989 493 3022 nono
513 2971 593 3035 (22.):
619 2971 756 3037 Quisquis
775 2976 805 3022 in
824 2990 902 3021 arma
920 2991 1021 3023 vocas:
1040 2991 1105 3025 cum
1122 2976 1170 3026 Irin

155 3043 274 3104 vidisset,
297 3042 315 3092 i.
333 3059 356 3092 e.
382 3041 535 3108 quicunque
560 3042 616 3090 lrin
640 3041 745 3090 misisti.
778 3041 860 3092 Plane
883 3041 949 3091 illud
967 3046 1089 3094 occurrit
1106 3041 1169 3112 quod

156 3111 206 3161 ait:
225 3111 303 3160 Deus
321 3108 426 3158 aethere
445 3112 548 3158 missus
567 3112 599 3159 alr
620 3111 691 3159 alto.-
710 3109 758 3158 uhi
775 3117 802 3159 et
818 3111 909 3160 Iovem
927 3111 1133 3178 cotrrplectitur,
1148 3118 1169 3163 et

154 3195 302 3248 supernum
318 3177 496 3228 Mercurium.
530 3178 581 3228 Sed
598 3185 687 3246 potest
704 3185 730 3228 et
747 3177 800 3227 hoc
817 3178 892 3240 loco,
910 3185 940 3225 ut
957 3179 1084 3245 diximus,
1101 3178 1169 3248 quasi

152 3249 298 3300 fantasiam
322 3248 414 3296 iacere
438 3252 550 3314 propter
573 3248 672 3297 socios:
703 3254 731 3296 et
754 3245 891 3312 Quisquis
922 3264 949 3294 es
982 3247 1045 3298 idon
1072 3250 1168 3300 dicero:

152 3316 232 3384 quia,
254 3316 318 3367 licet
341 3314 452 3375 viderit,
475 3329 531 3364 nan
554 3323 647 3365 tanren
672 3331 702 3364 re
726 3331 790 3364 vera
818 3316 892 3365 novit
915 3331 972 3366 esse
995 3315 1167 3368 Mercurium.

151 3384 229 3436 Unde
246 3384 285 3435 ait
301 3400 395 3452 supra:
420 3383 453 3429 Et
470 3382 596 3449 formam
616 3396 639 3432 et
657 3385 764 3432 vultum
782 3396 806 3432 et
824 3386 885 3432 uiso
905 3401 1015 3434 monere
1034 3398 1080 3434 est.
1104 3382 1168 3453 [Vel

151 3451 289 3518 Quisquis
313 3469 356 3513 es,
386 3451 535 3504 seeundum
559 3451 721 3500 Pontificum
746 3467 854 3501 moram
878 3452 925 3518 qui
950 3452 988 3502 sic
1013 3463 1168 3518 precantur:

150 3521 273 3587 Iuppiter
298 3522 486 3586 omnipotens,
509 3520 552 3568 uel
576 3536 629 3584 quo
655 3520 712 3570 alio
740 3523 851 3569 nornine
876 3521 1016 3585 appellare
1042 3524 1166 3572 valueris.

149 3587 280 3638 Nonnulli
303 3596 394 3639 tamen
413 3595 529 3656 quatuor
546 3587 699 3637 Mercurios
722 3589 848 3648 tradunt,
871 3605 958 3638 uuum
980 3589 1052 3640 caeli
1077 3599 1103 3641 et
1120 3586 1167 3642 disi

148 3654 250 3718 fitium,
268 3667 421 3707 amatorem
437 3656 631 3721 Proserpinae,
654 3657 774 3710 alterum
783 3694 790 3721 ,
808 3656 902 3708 Liberi
918 3658 1003 3725 patris
1022 3665 1050 3709 et
1066 3659 1167 3710 Proser·

146 3725 228 3794 pinse
244 3723 344 3773 filium:
367 3725 496 3786 tertium,
517 3723 586 3774 Iovis
604 3731 632 3774 et
647 3723 754 3787 Maiae,
777 3735 918 3792 quantum,
944 3724 1061 3792 Cyllenii
1078 3728 1167 3787 lilium,

146 3792 221 3842 cuius
239 3799 328 3844 nister
344 3809 400 3844 non
418 3792 542 3862 proditur
559 3809 576 3841 a
600 3807 653 3858 quo
677 3809 743 3843 arcu
761 3795 865 3858 (Argus)
889 3794 961 3845 clam
984 3794 1074 3846 occisa
1092 3794 1168 3862 (occi-

144 3858 197 3918 sus)
215 3867 268 3923 est,
285 3858 319 3926 [Ἴ
336 3862 382 3938 qui
400 3861 452 3911 hoc
470 3867 547 3910 metu
563 3859 591 3909 in
610 3862 761 3931 Aegyptum
778 3864 915 3931 profugit,
938 3870 966 3912 et
982 3860 1022 3912 ibi
1040 3864 1167 3915 invenisse

164 3927 266 3978 rimum
288 3927 459 3994 disciplinam
481 3929 626 3979 literarum
649 3936 678 3979 et
701 3945 851 3981 numerum
868 3932 983 3994 dicitur,
1006 3931 1054 3997 qni
1078 3931 1165 3999 lingua

181 3995 338 4066 gyptiorum
355 3995 449 4050 Thoth
472 3995 640 4068 appellatur,
662 3997 697 4050 de
722 3997 798 4051 cuius
823 3999 936 4053 nomine
955 3999 1048 4054 etiarn
1070 3998 1167 4055 mensis
