2454 4500
178 244 399 407 nuncu.
423 296 594 364 annno.
618 297 699 364 ιιι.
722 250 763 378 a
783 248 937 372 οο-ιι
1018 310 1081 374 sss

41 479 83 534 de
100 479 205 533 Aetolia
222 478 370 535 Diomedes
384 478 460 536 senis
476 484 523 554 qni
540 486 626 556 Arpos
641 485 672 537 iss
689 484 787 554 Apulia
802 485 998 539 collocavit-
1032 491 1085 545 29..

40 548 113 602 Μια
131 549 248 599 uulnera
276 563 397 621 restans,
422 560 452 602 nt
476 554 578 622 posim
602 555 706 607 iterun
731 555 875 608 vulnerari.
892 579 925 594 ··
959 562 1003 613 30·
1021 553 1077 606 Dt-

42 635 159 682 mser,-
177 625 297 687 expecto,
313 620 446 696 pustineo,
462 623 491 691 [ι’.
507 639 531 674 e.
548 629 580 672 ut
597 621 648 675 dee
666 624 826 675 mortalium
843 625 926 676 manis
943 623 1077 689 intersim,
1126 666 1130 670 .

7 712 10 717 ·
42 693 78 739 et
93 687 152 753 ipsa
169 684 341 756 depugnem‚
364 695 392 740 et
415 688 453 741 sic
477 690 546 742 disis
563 693 696 743 mortalia
714 708 794 742 ormo
819 691 894 744 utin
912 691 1075 744 duodecimo
1149 686 1151 707 ²

40 755 150 818 (797.):·
171 753 281 805 Vulnus
299 753 435 820 mortale]
451 783 486 797 -
521 764 563 816 31.
581 758 613 810 82·
638 764 700 812 sins
725 777 793 828 poce
817 773 882 823 suo;
906 760 928 812 si
951 759 1011 813 sine
1027 767 1075 812 tua

40 820 251 875 benevolentia:
289 824 367 892 [sine
397 827 534 880 voluntate
564 836 626 892 tua,
657 831 715 882 sine
747 836 795 881 tua
827 827 1015 894 concessione,
1045 837 1077 880 ut

42 893 98 957 (1,
115 891 206 952 519.):
233 891 356 944 Orontes
372 910 485 960 possm,
508 900 575 961 (11,
600 897 693 960 101.):
728 895 898 964 Veniomqus
920 892 1073 965 precantes.

40 959 118 1010 Item
134 964 170 1025 (3,
187 959 273 1020 370.):
288 960 405 1012 Exortus
420 981 515 1030 pacem
534 964 650 1016 Divum.
684 967 759 1037 Ergo
776 983 859 1034 poce,
875 964 1075 1033 benevolentia,

40 1029 195 1096 suffragio;
218 1028 261 1095 [ut
282 1030 351 1082 solet
367 1030 435 1082 dici:
459 1049 526 1098 poss
550 1035 630 1099 illius
650 1034 790 1101 dixerim]
822 1033 947 1086 Dicendo
964 1042 1073 1086 antem:

40 1093 75 1147 si
101 1095 136 1147 nd
158 1095 267 1149 ltaliam
296 1099 356 1150 sine
378 1098 495 1151 deornm
523 1100 662 1154 voluntate
687 1108 833 1168 venerunt,
863 1103 929 1154 dent
956 1117 1074 1169 poenas:

23 1164 178 1236 ‚osenna
200 1163 289 1217 fatum
305 1182 363 1219 esse
377 1167 541 1221 absolutum.
578 1171 625 1238 [Et
641 1171 824 1223 insinuatione
840 1171 940 1234 utitur,
963 1169 992 1221 id
1007 1169 1072 1222 ficta
1151 1211 1155 1225 .
1206 1176 1211 1183 '

42 1233 208 1286 condicione
225 1231 424 1301 concedendo,¹
437 1238 511 1305 quod
528 1253 583 1289 non
601 1253 659 1291 esse
676 1254 770 1292 serum
788 1240 878 1292 Venus
894 1236 1002 1289 conscia
1020 1245 1078 1307 estg

44 1307 79 1351 ut
96 1301 207 1366 deinde,
231 1319 316 1421 (ptum
334 1301 381 1355 diu
396 1320 459 1358 rem
480 1300 624 1373 indignam
642 1308 806 1372 ostenderit,
829 1314 858 1359 et
879 1305 1073 1374 indignitatem

23 1371 168 1437 ‚auxerim
183 1370 242 1422 nihi
267 1370 356 1424 simile
373 1390 389 1425 a
406 1374 555 1426 setectum
574 1375 734 1441 ostendens,
750 1376 839 1444 magis
855 1388 887 1427 sc
904 1375 991 1442 magis
1004 1374 1073 1426 Iovis
1164 1384 1167 1391 “

42 1445 142 1501 crocet
163 1439 305 1505 levorem]
339 1440 432 1494 Invito
451 1445 568 1494 numine
587 1442 691 1506 Troes,
717 1444 837 1512 syllepsis
855 1458 906 1511 per
923 1458 1008 1512 genus
1023 1450 1073 1495 est.
1149 1494 1153 1501 ,

42 1529 82 1549 ο-
116 1515 161 1564 32.
176 1504 273 1559 Luons
294 1522 421 1576 psooosa3
445 1510 543 1576 luant,
566 1511 584 1562 i.
602 1530 626 1563 e.
650 1510 799 1564 absolvant
832 1511 956 1563 Dicimus
980 1519 1073 1563 autem

42 1583 76 1629 et
92 1575 139 1627 luo
157 1593 288 1645 poenam,
310 1577 358 1629 sed
375 1579 472 1631 melius
490 1587 530 1631 est
545 1581 633 1644 (codd.
648 1580 770 1633 tantum:
787 1598 881 1648 poen,
897 1581 930 1639 et)
948 1580 996 1630 luo
1014 1592 1074 1645 pec·
1155 1586 1160 1595 ‘
1178 1556 1183 1565 ¹

44 1656 149 1697 cotum.
162 1710 168 1719 .
181 1645 255 1696 Nam
271 1653 417 1714 peccatum
434 1648 544 1700 solvitur
561 1664 659 1718 poena.
691 1649 746 1716 Qui
764 1651 840 1701 enim
857 1648 1075 1699 crimineuene·

42 1721 93 1767 tur
108 1713 254 1779 obnoxius,
277 1731 366 1797 poena
383 1731 447 1767 eum
465 1731 481 1766 a
498 1717 613 1786 pristina
629 1717 731 1770 liberat
748 1717 924 1785 obligations.
942 1714 1073 1780 ·Contre,

31 1783 96 1835 *luo
114 1799 246 1848 poenam:
263 1800 290 1836 ιι
302 1783 416 1850 dixeris,
437 1800 495 1837 non
511 1786 636 1852 procedit
651 1799 737 1854 qaaere
756 1785 868 1854 (quasi)
884 1799 974 1854 poena
990 1782 1074 1834 solva·

26 1858 100 1902 :tun
134 1851 241 1911 Tamen
258 1853 404 1905 auctoritas
428 1853 544 1906 licenter
567 1852 621 1906 ista
643 1854 787 1906 confundit
809 1868 903 1917 more,
926 1867 981 1920 quo
1006 1850 1075 1902 solet

45 1918 128 1991 poni,
151 1920 194 1973 vel
211 1939 227 1972 a
243 1921 365 1991 sequenti
384 1920 457 1990 quod
473 1922 629 1991 praecedit,
652 1919 694 1974 sel
710 1939 727 1972 a
743 1920 919 1991 praecedenti
943 1916 1017 1991 quod
1033 1934 1074 1969 se·
1127 1966 1130 1973 .

43 1989 147 2058 quitur.
164 2016 198 2026 -
233 1996 277 2048 33.
294 1989 389 2056 Neque
408 1990 474 2050 illos
491 1990 601 2041 luseris
618 1991 747 2053 ausili03
771 1989 937 2041 concessisus
961 1993 1001 2039 est
1023 1986 1074 2039 isse

43 2055 144 2108 modus
167 2058 318 2109 secundum
340 2058 477 2109 Ptobum:
506 2075 627 2126 namque
657 2058 687 2110 in
710 2057 816 2110 artibus
839 2073 895 2108 nou
927 2054 1073 2107 invenitur.

29 2127 91 2179 ·Fit
106 2123 216 2190 antem,
233 2128 358 2194 quotiens
372 2127 464 2178 taedio
481 2125 665 2181 contentionis
682 2126 760 2196 quasi
775 2125 899 2178 videmur
916 2121 1076 2187 concedere,

44 2193 122 2265 quod
144 2202 238 2247 tamen
262 2197 389 2248 nolumus
411 2195 490 2255 fieri.
527 2195 600 2250 Nam
623 2194 653 2246 id
675 2195 735 2264 egit
759 2185 924 2247 Venus'hoo
946 2190 1021 2263 loco,
1044 2197 1075 2239 ut

40 2263 168 2334 ¹Iuppiter
185 2265 272 2331 magis
289 2271 409 2334 praestet
432 2265 571 2315 auxilinm.
605 2263 752 2331 Responsa
770 2264 858 2315 secuti
864 2285 873 2324 ,-
896 2259 949 2310 hoc
973 2267 1029 2322 est,
1052 2257 1076 2308 si

17 2345 24 2353 '
43 2343 110 2387 non,
121 2331 209 2382 solnm
226 2333 360 2401 prohibiti
376 2349 432 2386 non
450 2341 526 2395 sunt,
549 2333 597 2385 sed
621 2331 659 2385 eis
680 2332 767 2385 etiam
791 2344 951 2383 concessum
975 2335 1022 2378 est.
1039 2349 1075 2363 ·-·

42 2407 90 2461 34
106 2399 283 2470 Superi;,[i.
301 2399 356 2466 e.,]
380 2407 411 2451 ut
433 2401 537 2469 Apollo.
551 2408 556 2426 “
571 2401 689 2469 Mones,·
713 2409 744 2453 ut
768 2400 871 2452 Creusa
894 2404 922 2448 et
944 2394 990 2462 (al.
1014 2395 1080 2456 vsl)'

41 2468 191 2533 Anchises,
206 2471 260 2537 [vel
275 2469 396 2536 Hector]
430 2469 605 2539 Quisquam,
627 2469 795 2523 verecunde:
818 2468 883 2536 quie
900 2464 973 2531 apud
990 2462 1075 2513 mari·

41 2546 107 2590 tum
125 2545 220 2590 contra
237 2554 351 2591 uxorem
368 2539 433 2608 agit.
449 2567 484 2578 —
519 2547 562 2597 35.
580 2538 673 2606 [Nona
693 2539 809 2589 condere
827 2536 911 2605 fastu
938 2546 1008 2598 quae
1026 2530 1075 2582 ad·

41 2621 137 2658 versus
155 2622 225 2674 quase
242 2607 378 2673 statuisti]
394 2633 429 2645 -
464 2604 507 2666 36.
523 2608 647 2673 Ειιιαιαι
665 2613 732 2667 etc.;
756 2608 840 2673 [nunc
857 2618 907 2672 per
925 2595 1072 2664 ἆντικατη·

41 2677 140 2746 μορίαν
156 2675 192 2726 ed
208 2676 412 2728 accusationem
429 2677 539 2728 alterius
556 2675 655 2727 transit
662 2673 681 2738 3]
698 2678 891 2740 argumentum
910 2676 950 2720 est
967 2665 1075 2736 [enim],

41 2752 141 2796 utrum
163 2743 266 2797 habeat
287 2745 455 2796 voluntatem
478 2743 596 2796 nocendi
613 2759 683 2811 quae
704 2739 806 2792 nocuit
840 2736 962 2804 Erycino
981 2742 1075 2786 entem

43 2815 79 2866 in
97 2813 193 2878 litore,
208 2812 359 2865 secundum
377 2813 536 2882 opinionem
551 2827 629 2862 suam
647 2808 720 2861 dixit.
753 2809 828 2859 Nom
842 2806 889 2858 alii
906 2803 979 2872 apud
997 2801 1075 2883 Coie:

41 2890 107 2933 tam
130 2881 225 2932 dicunt
247 2889 337 2933 exusta
361 2881 483 2947 navigia:
508 2878 580 2930 narde
605 2888 633 2931 et
658 2877 755 2928 Caieta
777 2876 850 2928 dicta
872 2880 913 2926 est
935 2867 1002 2940 [sind
1025 2889 1074 2924 του

42 2952 183 3005 καίεσθαι.
225 2947 354 3017 Quamvis
379 2956 507 3015 quattuor
530 2962 612 2998 naves
641 2954 750 2998 exustae
778 2952 856 3006 sunt,
888 2942 956 2994 haec
979 2949 1074 2993 tamen

41 3025 202 3088 exaggerat.
224 3042 260 3056 -
300 3025 343 3076 37.
365 3012 443 3084 Quid
468 3027 658 3081 tempestatum
691 3030 797 3085 regem5
828 3011 930 3078 ubique
956 3021 1075 3076 repetam

42 3087 266 3141 subandiendum
280 3085 339 3151 est]
353 3114 387 3124 -
422 3091 466 3142 38.
482 3085 578 3136 Actum
594 3085 718 3148 nubibus
730 3084 816 3146 Isim,
833 3079 988 3150 impulsam,
1004 3076 1075 3128 scili·

43 3163 92 3210 cet
108 3164 140 3206 ut
162 3157 340 3226 persuaderet
362 3152 496 3207 matribus
519 3152 680 3206 incondium
702 3151 823 3204 navium.
856 3151 909 3199 Aut
926 3146 1014 3212 (codd.
1034 3146 1075 3208 us)

42 3224 199 3279 secundum
215 3232 305 3277 artem
321 3223 518 3286 Rhetoricain,
540 3239 601 3274 rem
625 3235 711 3274 unam
734 3218 765 3272 in
786 3207 854 3268 dues
878 3214 967 3266 divisit
990 3213 1077 3280 (codd.

46 3292 188 3354 diviserit)
206 3295 249 3361 [ut
264 3293 344 3345 latius
361 3300 469 3361 peteret
483 3291 526 3344 rei
542 3289 687 3356 acerbitas,
700 3285 861 3358 interposito
872 3284 926 3334 olio
940 3278 1077 3346 crucilia]
1152 3318 1158 3330 .

44 3365 123 3416 Nam
139 3377 190 3433 per
206 3363 276 3420 Irim
291 3378 370 3414 naves
388 3367 495 3414 exustae
518 3367 588 3412 sunt.
623 3359 677 3412 Sed
698 3355 797 3412 melius
817 3359 873 3413 est3
896 3359 927 3430 ut
949 3366 1006 3428 non
1030 3348 1075 3416 (al.

46 3431 139 3484 omitt.
163 3433 232 3495 non)
254 3431 289 3482 sit
310 3430 439 3495 iteratio,
459 3429 495 3481 ed
517 3424 644 3480 Tumum
667 3428 780 3478 missam
804 3419 893 3491 [Irim]
916 3419 1076 3497 intellsgetse.

46 3501 109 3555 Nec
130 3515 181 3550 nos
203 3508 377 3550 commoveat
398 3500 466 3551 ordo
491 3514 642 3549 conversus.
684 3493 778 3547 Solent
799 3491 875 3543 enim
898 3488 1076 3569 graviorem

69 3568 192 3638 rincipiis
216 3577 244 3635 et
265 3568 296 3620 in
319 3567 375 3620 line
396 3567 546 3620 secundum
570 3574 664 3618 artem
679 3560 860 3616 Rhetoricam
875 3572 950 3626 poni.
983 3553 1076 3610 Nudo·

45 3586 120 3698 lum
144 3649 193 3706 per
214 3636 310 3690 nubes.
327 3663 363 3679 -
395 3640 439 3694 40.
458 3636 525 3688 Sors
550 3651 658 3699 rerum,
681 3633 699 3685 i.
723 3649 747 3684 e.
768 3642 896 3696 regnum.
931 3624 1004 3675 Nam
1025 3639 1078 3704 per

47 3714 155 3760 sortem
176 3705 249 3758 inter
273 3722 301 3758 se
323 3709 424 3758 fratres
449 3704 603 3773 [Iuppiter,
625 3705 785 3772 Neptunus,
806 3703 834 3748 et
847 3690 1078 3765 anunntmunn
1140 3720 1143 3729 ¹

47 3790 137 3842 regna
155 3772 317 3825 diviserunt:
340 3791 411 3842 quae
428 3774 496 3824 Iuno
519 3780 630 3842 practer
646 3772 751 3822 inferos
765 3767 796 3820 in
813 3762 998 3840 Troianorum
1008 3777 1078 3848 ptr·

48 3843 154 3897 niciem
171 3850 302 3896 moverat.
336 3843 451 3909 Superis
470 3843 616 3905 s'mmr's'sa3
640 3838 710 3891 acsi
728 3836 846 3895 diceret,
862 3846 918 3882 nou
935 3846 994 3910 mm
1013 3830 1077 3879 l'ro-

48 3913 134 3976 ionis,
150 3910 198 3962 sed
216 3910 274 3960 diis.
308 3912 437 3979 Respexit
454 3920 547 3962 autem
565 3911 601 3962 ad
616 3907 684 3960 illud
700 3912 743 3971 (7,
761 3901 848 3963 543.):
871 3899 905 3948 Et
923 3899 992 3949 cosls
1011 3913 1076 3948 con-

49 3988 122 4035 vena
147 3986 196 4046 μιν
220 3997 316 4030 ouras.
334 4007 368 4017 -
401 3985 445 4036 41.
462 3979 604 4029 Bacchoto
619 3995 667 4043 per
686 3975 784 4036 urbes,-
808 3973 875 4037 [non
896 3975 1008 4046 vagata,
1030 3964 1078 4016 sed

49 4049 203 4114 bacchata,
219 4046 237 4099 i·
254 4046 290 4115 e·]
305 4049 457 4121 perlatuit,
480 4057 508 4102 et
525 4050 595 4102 bene
613 4043 748 4098 bacchata
764 4056 813 4106 per
831 4038 927 4127 urbes,
949 4050 1013 4104 qun
1030 4049 1079 4102 per
