2454 4500
115 364 119 369 Ι
146 254 181 337 'a
204 220 941 348 naen.nauam.s1's.'1x,7os÷-ns.
995 273 1062 340 su

12 454 239 526 :ducendamque
256 464 304 511 aut
317 456 426 511 vulnere
441 457 560 523 hostem,
574 465 622 511 aut
634 457 699 525 igne
711 453 866 520 consumit]
896 454 955 506 Hos
967 461 1062 508 autem

28 526 99 579 teto·
120 536 257 597 pugnatur
286 528 320 579 de
344 528 486 591 turribus,
510 542 577 595 quas
607 524 706 593 phalas
732 524 785 575 diei
813 525 990 576 manifestum
1013 532 1061 578 est.

12 594 132 663 :wude
153 597 231 647 etin
253 595 326 647 circo
345 594 447 646 Pbalne
469 596 597 647 dictmtur
619 593 760 645 divisiones
781 591 853 644 inter
874 592 1009 663 Euripum
1031 601 1062 645 et

12 669 145 727 ‚meua
168 665 241 731 quod
257 664 297 715 ibi
312 663 473 715 constructis
489 663 525 715 ad
547 671 655 730 tempus
676 659 812 725 turribus,
833 659 876 711 his
891 660 951 711 telis
968 676 1063 730 pugna

12 730 88 785 'adi
111 731 234 797 solebat]
265 732 411 784 Iuvenalis:
434 732 565 783 Consulit
588 743 652 781 onte
668 729 791 795 'pholos,
814 728 1060 794 delphinorumque

12 798 198 865 ,aerumnae
221 802 296 869 Ergo
306 818 323 851 a
335 799 430 867 phalis
442 800 515 851 dieta
528 809 569 851 est
580 800 740 864 phalaricae
756 797 825 847 sieut
838 812 918 847 muro
931 798 1059 849 muralis.

11 904 25 933 .·.
33 864 113 919 Sane
127 869 305 948 phalaricam
321 868 448 919 Lucanus
465 867 532 918 dixit
547 868 634 919 nervis
651 865 723 941 mitti
739 864 876 915 tortilibus
898 883 915 916 e
938 866 1059 933 quadam

20 935 178 1003 ,machaa
211 937 248 987 Ut
264 942 307 1003 (6,
324 938 409 997 198·):
432 934 519 986 Hune
541 948 591 985 out
612 934 755 986 tortilibus
778 934 889 983 vibrato
911 934 1059 999 phalarica

11 1006 138 1075 ,neruis
155 1006 272 1057 obruat.
305 1005 433 1073 Virgilius
455 1020 520 1055 vero
544 1004 596 1069 ait,
621 1004 748 1053 'l'urnum
769 1016 855 1052 manu
877 1002 990 1053 iacsdari
1012 1018 1059 1072 po-

16 1070 132 1144 ,tuisse
164 1072 241 1124 Unde
258 1081 384 1145 apparet,
408 1079 457 1139 aut
473 1089 490 1124 a
506 1072 618 1122 Lucano
642 1070 677 1121 ad
700 1069 807 1120 auxesin
828 1068 899 1119 illius
917 1071 964 1138 qui
988 1069 1059 1121 occi-

18 1136 144 1211 ²tiendus
159 1143 264 1206 tuerat,
280 1157 338 1194 esse
355 1139 471 1190 dictums
489 1148 536 1191 aut
551 1159 568 1192 a
584 1138 697 1208 Virgilio
715 1136 750 1188 ad
765 1137 875 1188 laudem
892 1138 994 1202 Turni,
1011 1139 1059 1205 qui

11 1206 127 1271 ²„talem
143 1210 250 1261 hastam
266 1225 351 1262 manu
367 1208 497 1259 iaculatus
515 1217 562 1259 est.
575 1234 610 1244 -
643 1211 703 1263 706.
720 1204 862 1255 Fulminis
879 1219 942 1255 astu
961 1208 1057 1271 modo,

11 1272 22 1285 ⁹
35 1284 119 1327 mat
133 1279 189 1330 tela
206 1293 269 1329 oum
285 1280 390 1347 impetu
405 1276 542 1327 venientia
564 1275 724 1325 fulminibus
742 1288 910 1340 comparare.
945 1274 1058 1326 Taurea

14 1342 134 1411 §tergam
152 1344 289 1415 usurpavit
305 1360 357 1413 pro
373 1346 498 1394 taurina.
531 1343 604 1394 Alibi
620 1343 666 1409 (G.
678 1347 705 1406 4,
722 1341 804 1401 171.):
823 1341 960 1393 Taurinis
972 1343 1057 1411 folli-

11 1410 21 1471 ⁹.
36 1412 104 1465 bus.
137 1412 214 1465 Unde
228 1414 297 1467 sicut
309 1421 337 1465 et
348 1412 447 1464 Plinius
462 1410 543 1463 dicit:
561 1410 757 1461 Derivationes
768 1408 872 1477 firmos
887 1427 944 1461 non
957 1410 1059 1462 habeut

13 1480 171 1547 iugulor,
193 1483 241 1533 sed
264 1493 364 1533 essunt
385 1491 469 1549 prout
492 1481 654 1530 auctoribus
696 1479 773 1528 laert.
807 1478 882 1531 Beue
898 1487 991 1531 autem
1007 1495 1058 1547 por
1145 1524 1148 1529 .

11 1542 186 1629 :hanutum
203 1552 260 1603 eius
276 1565 355 1601 arma
369 1547 564 1617 descripsit-
596 1554 656 1604 707.
701 1544 790 1612 uplisi
801 1563 918 1614 squama
932 1559 957 1597 et
970 1560 1058 1611 aum

12 1670 17 1687 Ι
35 1614 58 1667 i.
76 1634 102 1669 e.
118 1616 271 1687 duplicibus
288 1618 407 1685 squamis
423 1616 521 1668 astreis.
547 1613 687 1682 ,squamae
711 1622 803 1665 autom
825 1623 888 1665 sunt
909 1615 1059 1667 loricarum

11 1690 15 1699 ’
35 1692 155 1737 amnas
171 1686 201 1736 in
217 1685 330 1736 modum
345 1700 476 1753 squamae
492 1683 664 1753 compositae.
697 1680 768 1734 Sane
785 1698 902 1749 squama
920 1690 947 1734 et
969 1683 1059 1752 splen-

11 1736 139 1817 {dorem
155 1753 303 1820 signifieat,
324 1755 347 1805 si
364 1770 381 1805 a
402 1751 520 1822 pinibus
536 1751 639 1803 veniat:
663 1757 691 1802 et
705 1751 812 1815 sordes,
834 1752 857 1803 si
873 1751 908 1801 ab
925 1753 1058 1819 squalore.

10 1822 19 1885 ζ
34 1818 92 1873 Sed
108 1821 138 1872 in
149 1822 263 1888 Virgilio
279 1822 452 1889 splendorem
469 1818 571 1899 ubique
586 1819 728 1887 significat.
739 1846 775 1857 -··
806 1824 868 1875 709.
884 1819 919 1869 Et
931 1821 1058 1888 elypeum

10 1888 18 1961 ζ
37 1891 235 1957 superintonet
251 1893 367 1957 ingensr
384 1897 431 1941 aut
446 1887 505 1954 ipse
521 1903 618 1955 sugens
634 1904 715 1957 super
731 1886 856 1957 clypeum
872 1888 991 1941 intonat:
1008 1897 1058 1940 aut

10 1956 136 2025 :ingens
153 1957 276 2027 elypemn
299 1974 379 2027 super
402 1957 492 2025 ipsum
515 1963 600 2006 tonat.
633 1956 705 2007 Nam
727 1955 829 2006 loetum
847 1963 887 2004 ost
903 1958 989 2008 etiam
1004 1956 1057 2007 hos

14 2080 18 2091 ,
37 2026 182 2093 emptum,
198 2034 229 2076 ut
242 2028 342 2096 probat
355 2026 458 2096 Caper:
475 2022 548 2090 quod
565 2024 652 2090 magis
669 2024 800 2089 debemus
817 2024 873 2075 acci
894 2042 949 2076 ere.
983 2025 1058 2077 Nam

10 2092 18 2113 '⁶
37 2092 193 2146 Homerum
208 2095 330 2146 imitatus
346 2101 386 2146 est
402 2092 449 2161 qui
465 2094 506 2143 ait
521 2092 563 2159 (ll.
574 2088 599 2155 ὃ,
616 2091 701 2153 soah:
716 2086 852 2161 ’Λρὰβησε
868 2042 897 2145 li
913 2088 998 2157 τεύχε’
1014 2087 1058 2147 ἐπ’

10 2151 121 2230 {⁸25qu
138 2188 173 2202 ····
205 2169 266 2219 710.
283 2162 406 2215 Euboico
424 2160 559 2210 Baiarum
584 2162 679 2223 litore,
700 2160 771 2213 bene
788 2162 924 2213 Baiarum
946 2163 1058 2229 addidit,

10 2236 74 2297 [ne
98 2230 241 2283 Euboeam
264 2231 379 2283 insulam
406 2229 633 2296 intelligeremus,
658 2229 730 2281 unde
754 2230 944 2282 Chalcidenses
967 2230 1055 2298 (codd

10 2299 180 2361 'calebid.)
202 2307 350 2365 venerunt,
378 2297 427 2367 qui
456 2296 637 2349 condiderunt
660 2297 776 2361 Cumas,
805 2315 875 2366 orsae
898 2306 961 2350 sunt
982 2300 1056 2351 Baiis

10 2354 150 2421 3vicinae.
183 2367 345 2436 [Postumius
357 2367 399 2420 De
412 2366 536 2417 Aduentu
547 2367 654 2417 Aeneae
674 2372 702 2416 et
717 2366 840 2418 Lutatisu
858 2366 1056 2418 Communium
1144 2414 1148 2431 ,

10 2436 13 2453 ²
30 2434 237 2500 Historiarum,
260 2436 358 2488 Boiam
373 2433 481 2487 Euxirni
498 2434 606 2484 comitis
622 2435 730 2485 Aeneae
746 2435 885 2487 nutricem
901 2443 930 2487 et
946 2436 981 2487 ab
998 2436 1056 2488 eius

29 2505 152 2559 nomine
174 2504 263 2556 Baias
285 2504 387 2571 (Boias)
415 2510 522 2554 vocatas
535 2503 645 2553 dicunt.
693 2503 803 2556 Veteres
825 2511 920 2555 tamen
941 2515 1054 2570 portum

29 2570 126 2623 Baias
142 2571 252 2638 dixisse,
274 2575 361 2625 Varro
378 2579 439 2624 eta
455 2571 525 2622 Baio
543 2570 626 2621 Ulixis
649 2571 763 2636 comite,
786 2574 834 2638 qui
855 2572 912 2623 illic
934 2573 1055 2640 sepultus

24 2648 90 2706 est,
106 2640 194 2691 Boias
211 2642 295 2693 dictas
310 2641 401 2693 tradit.
435 2639 599 2706 Quondam,
622 2637 668 2688 hic
691 2639 829 2705 quondam
851 2654 901 2708 pro
924 2640 1054 2708 expletiva

26 2708 135 2781 posuit.
166 2709 219 2760 Alii
236 2711 374 2778 quondam
396 2707 481 2759 medii
503 2705 637 2772 temporis
658 2706 765 2770 volunt,
787 2706 899 2775 quidam
914 2706 1054 2775 quondam

23 2777 72 2835 ast
94 2778 306 2845 perpetuitatem
328 2777 459 2842 temporis
482 2776 623 2835 referunt,
650 2772 703 2822 hoo
726 2781 767 2825 est
791 2782 821 2823 ut
842 2776 912 2827 solet
933 2775 1002 2827 fieri.
1018 2802 1053 2814 -

28 2850 100 2904 712
119 2844 204 2896 Ponto
223 2848 347 2907 iaciunt3
371 2844 423 2895 hoc
441 2850 482 2895 est
498 2848 593 2892 eontra
607 2840 732 2891 Pontum.
765 2842 811 2892 Sis
828 2844 898 2906 illo,⁸
921 2842 974 2908 sie,
989 2860 1053 2911 pro·
1079 2882 1087 2889 .

25 2912 217 2979 trahendum,
238 2929 303 2965 narn
320 2928 384 2963 oum
400 2910 508 2963 dixisset
523 2907 624 2975 qualis,
646 2908 764 2975 addidit,
786 2909 825 2961 sis
840 2909 908 2976 illa]
923 2936 957 2951 -·
990 2920 1054 2971 713.-

26 2980 130 3035 Prona
154 2980 255 3046 trobit‚·
285 2982 325 3033 ita
348 2979 423 3032 enim
446 2976 644 3030 exaedificetur.
667 3001 701 3015 -·
746 2983 807 3036 715.
830 2978 966 3046 Prochyta
992 2982 1052 3032 alta

26 3052 144 3115 tremit,-
166 3051 242 3119 atqui
257 3049 325 3102 haee
341 3048 429 3100 insula
445 3047 526 3116 plana
544 3053 596 3097 est:
618 3044 667 3096 sed
689 3045 829 3117 epitheton
845 3048 880 3100 de
901 3051 1051 3118 praeterito

27 3118 128 3171 traxit.
159 3119 231 3169 Nam
255 3118 373 3170 ut‘dicit
395 3115 496 3168 Plinius
518 3114 548 3165 in
570 3113 694 3165 Naturali
717 3116 836 3166 Historia
861 3120 912 3183 (2,
928 3124 971 3174 88.
990 3117 1053 3181 89.),

26 3182 169 3241 Inarimes
179 3186 265 3237 insula
278 3186 330 3237 fuit
342 3186 406 3250 alta,
418 3200 488 3251 quae
499 3191 589 3234 terrae
601 3189 678 3231 motu
689 3182 784 3234 diffusa
796 3184 839 3250 (R.
848 3185 878 3236 V.
892 3184 982 3236 Guell.
990 3186 1051 3236 1.11.
1108 3216 1112 3223 ·

23 3254 125 3325 steph.
142 3255 176 3307 al·
188 3255 230 3305 In.
249 3272 328 3306 mons
339 3254 410 3322 suit,
427 3254 477 3320 qui
493 3262 580 3304 terroe
599 3267 633 3300 m.
651 3250 783 3319 diffusus,
798 3269 819 3304 s.
832 3254 864 3304 de
881 3270 913 3304 ea
925 3254 1015 3323 fusus
1032 3271 1053 3306 s.

29 3324 165 3386 derasus)
182 3324 298 3375 alteram
314 3323 432 3374 insulam
448 3318 525 3384 feeit,
541 3337 610 3389 quae
626 3317 760 3386 Prochyta
779 3321 814 3373 ab
832 3322 964 3375 effusione
981 3322 1053 3375 dicta

30 3400 93 3452 θοὴ
121 3391 236 3444 fundere
261 3392 336 3444 enim
358 3398 399 3443 est
420 3388 528 3452 ἰκκίειν.
568 3390 662 3457 [Hanc
685 3388 799 3442 Naevius
822 3391 852 3442 in
873 3389 964 3460 primo
987 3391 1053 3444 belli

27 3460 130 3513 Punici
151 3461 185 3510 de
207 3467 324 3529 cognata
345 3461 453 3511 Aeneae
475 3472 579 3511 nomen
601 3457 735 3524 accepisse
758 3458 839 3524 dicit,
862 3459 909 3510 sed
931 3460 1051 3512 Inarime

30 3545 109 3583 asmo
125 3530 242 3581 Aenaria
257 3529 372 3592 dicitur,
394 3534 423 3578 et
437 3542 519 3593 saepe
540 3525 692 3592 fulgoribus
715 3527 832 3592 petitur,
856 3526 891 3577 ob
907 3526 960 3579 hoc
977 3530 1053 3597 quod

24 3597 197 3667 Typhoeum
213 3609 335 3667 premat,
358 3602 387 3647 et
402 3594 466 3664 quia
484 3596 514 3645 in
531 3593 648 3647 eandem
663 3595 857 3647 contumeliam
873 3596 969 3648 simiae
985 3598 1051 3652 mis-

29 3680 82 3718 sae
96 3672 160 3716 sunt
176 3682 242 3733 quas
258 3666 397 3718 *aterum
414 3660 583 3728 (Graiorum)
605 3662 808 3729 hugunnanus
830 3658 966 3731 (ἆῤῥῖνασ,
990 3666 1008 3716 i.
1024 3685 1049 3719 e.
1100 3658 1104 3669 ¹

30 3732 169 3794 Etruriae)
194 3732 300 3801 dieunt,
323 3730 359 3782 ob
382 3746 466 3799 quam
490 3745 600 3782 samam
623 3729 794 3782 Pithecusam
816 3732 903 3784 etiam
925 3733 1052 3801 vocitant,

31 3800 99 3854 licet
114 3801 211 3854 diversi
234 3811 356 3854 assetores
378 3800 452 3852 varie
474 3798 573 3850 dicant
606 3800 678 3850 Nam
701 3799 749 3851 olii
771 3800 841 3852 bauo
863 3802 979 3855 insulam
997 3803 1050 3871 Ty-

30 3871 168 3940 phoeum,
190 3870 236 3921 alii
252 3868 418 3921 Enceladum
439 3866 551 3919 tradunt
573 3884 714 3936 premere,
739 3875 769 3920 et
790 3876 901 3936 putatur
924 3887 993 3924 nove
1008 3871 1049 3923 di-

31 3947 109 3990 otum
133 3938 298 3999 inarimem,
325 3936 398 4005 quod
419 3941 450 3987 et
470 3935 601 4002 singulari
623 3951 754 4003 numero,
784 3944 813 3989 et
835 3938 926 3990 addita
948 3940 1049 4007 syllaba

29 4006 142 4074 dixerit,
171 4021 236 4058 oum
258 4007 392 4063 Homerus
413 3999 526 4075 sisaplos
550 4000 597 4071 (εἰν
621 3999 739 4075 delusus)
762 4007 897 4075 posuerit,
918 4016 950 4061 ut
971 4009 1048 4077 prior
