2454 4500
19 216 68 323 ’χ
159 264 198 307 ιι
219 244 376 308 vinou.
392 246 571 343 ,sauma
594 247 676 310 na
699 247 757 326 111,
782 208 1000 337 ,saa-assa,
1028 259 1093 337 sis

14 500 17 507 Ι
53 445 98 481 ros
116 430 303 489 matrimonio
325 428 392 485 fides
408 449 464 485 non
487 432 608 499 statium]
629 432 702 487 surde
725 440 753 486 et
775 432 931 485 hahendam
949 433 1029 501 dixit,
1052 436 1093 505 [et

10 512 19 555 Γ
55 500 237 571 transmisit.-
270 503 336 569 quia
364 501 413 553 alii
440 502 559 555 tradidit'
579 542 583 553 .
600 503 714 572 quidam
736 502 864 569 permisit
887 502 1032 573 accipiunt.
1056 529 1090 542 -

55 575 116 625 330.
141 568 260 648 βνοριαι
284 572 431 637 coniugis3
459 573 531 624 hanc
556 541 727 623 ilermionen
751 572 864 639 quidam
888 571 995 635 dicum,
1023 588 1089 623 cum

57 636 150 715 Qrestr
167 645 240 690 esset
255 638 425 717 desponsata,
441 648 537 710 posta
554 640 693 705 Menelao,
709 640 782 720 apud
799 639 915 692 Troiam
932 640 1089 693 admirante

56 712 189 759 urtutem
205 706 318 774 Pyrrhi,
340 724 405 760 eam
426 708 602 778 promissam,
632 709 685 761 Alii
709 709 819 773 dicunt,
842 727 859 760 a
875 709 1006 760 Menelao
1066 709 1088 760 i·

57 770 120 825 dem
143 774 220 842 apud
234 774 317 827 Ilium
333 775 439 845 Pyrrho
456 777 647 844 desponsatam
685 777 733 829 sed
749 776 888 844 Tyndario
906 776 965 844 (sed
983 793 999 825 a
1016 725 1088 845 'lqyun-

58 841 134 903 duro)
151 841 262 908 Oresti,
285 853 413 903 morante
431 847 504 912 apud
521 846 637 898 Troiam
653 815 771 914 i’yrrho,
792 852 823 895 ut
860 845 953 896 uidam
971 845 1088 913 promis-

58 925 130 976 cam,
154 919 186 963 ut
203 911 317 981 qaudam
333 913 509 967 conirmctam
525 915 653 967 uadunt:
670 930 754 982 qtram
772 863 972 982 cumhynhus
1004 912 1085 965 conli-

59 994 98 1031 sus
114 979 258 1033 voluntate
274 980 411 1047 Menelai,
435 991 556 1036 arnratus
574 983 748 1035 multitudine
766 984 914 1049 rapuisset,
936 981 972 1033 ab
990 980 1088 1035 Oreste

58 1047 163 1102 insidiis
188 1049 350 1131 iraterfectrp
374 1059 422 1103 est
449 1051 483 1130 ¹Si
500 1066 567 1133 erpo
586 1051 696 1131 Orestes
723 1068 786 1130 eam
803 1066 917 1103 uxorem
934 1068 990 1103 non
1007 1049 1087 1102 dure-

59 1124 201 1305 ἔῖιὶιιὲἷ
209 1119 485 1256 ιῖιῖιῖἶιξὶξὲ,Ρὶἶῗ“Ξῗ
502 1119 770 1254 seiisiighiliiffi
791 1119 1094 1268 millimihi,

10 1304 18 1403 p
58 1270 150 1386 itionid
164 1255 1087 1393 Buppnpppnlppsicpjpgp·lscihcepdl·[gp{}{:ptpm{plptpg‚m1lpettltnppltpgitp

10 1410 17 1451 f
58 1389 143 1458 lilius,
167 1392 394 1471 opininterlecto
411 1401 489 1464 patre
509 1411 525 1443 a
542 1394 760 1462 Clytaemnestra
775 1394 892 1461 coniuge
916 1400 944 1444 et
962 1392 1092 1449 adidtero

10 1454 17 1533 ξ
59 1460 172 1528 Aegysto
186 1477 245 1530 ipse
257 1462 411 1514 subtractus
425 1463 546 1530 periculo
559 1470 636 1526 esset,
653 1461 726 1528 apud
739 1460 883 1514 Stroficum
897 1459 1088 1531 (Strophium),

90 1536 165 1581 trem
181 1529 302 1597 Pyladis,
327 1531 456 1583 educatus
473 1539 520 1582 est.
555 1530 627 1598 Qui,
650 1545 715 1581 cum
738 1529 898 1583 adolevisset
915 1546 979 1580 cum
997 1529 1086 1583 amico
1132 1543 1136 1551 ’

58 1545 244 1665 iilade,tam
261 1600 408 1667 Aegystum
426 1616 510 1668 quam
528 1609 651 1651 matrem
667 1598 798 1719 peremit:
817 1597 852 1648 ob
871 1613 956 1664 quiam
973 1611 1094 1648 cainam.
1115 1614 1118 1619 ·

10 1538 17 1613 l

10 1642 20 1757 ξ
57 1666 135 1745 iuriis
160 1666 278 1734 agitatus
301 1675 356 1733 est,
379 1686 431 1719 nec
449 1676 513 1719 ante
536 1670 630 1719 furore
646 1666 667 1717 li
689 1674 793 1731 eratus,
809 1682 900 1746 'quam
918 1665 1088 1735 pervenisset

10 1770 20 1815 ἦ
58 1752 85 1785 ιιι
102 1735 253 1787 Tauricam
269 1736 428 1803 regionam,
454 1737 500 1787 nbi
518 1752 596 1787 soror
614 1735 672 1787 eius
689 1734 833 1802 Iphigenia
850 1734 984 1785 subducta
1000 1733 1087 1785 Acha-

10 1816 19 1859 ':-
58 1818 92 1854 na
114 1807 142 1870 (a
159 1803 260 1864 Diana)
283 1805 357 1871 apud
373 1804 499 1857 Aulidem
522 1803 671 1868 sacrificio,
692 1803 796 1872 templo
821 1803 927 1855 Dianae
950 1798 1091 1869 praeerat,

10 1868 19 1943 i
59 1879 87 1924 et
109 1887 190 1924 more
215 1874 322 1941 gentis,
351 1874 419 1924 deae
446 1873 567 1940 hospites
591 1872 764 1924 immolabat
810 1870 852 1922 lbi
877 1887 941 1921 cnm
966 1871 1001 1922 ad
1019 1886 1086 1922 aras

10 1948 18 1997 Γ
58 1948 210 2010 pertractus
232 1951 318 2006 esset,
340 1949 372 1992 ut
391 1949 525 2010 tanquam
548 1942 648 2008 hospes
670 1941 855 2006 occideretur,
879 1940 987 2008 agnitus
1011 1956 1028 1991 a
1045 1945 1093 1999 so·'‚

10 2014 12 2019 '
57 2025 134 2075 rore,
149 2009 305 2060 cabuanus
322 2018 363 2062 est
378 2013 477 2062 morti:
500 2018 574 2080 post,
598 2016 713 2080 accepto
729 2024 875 2075 responso,
898 2008 1004 2061 sublato
1022 2006 1086 2059 Dia-

56 2095 109 2130 nae
124 2077 283 2144 simulacro,
298 2094 423 2130 sororem
440 2079 547 2131 redusit
562 2079 592 2129 in
608 2080 735 2144 Atticam,
752 2076 808 2144 ubi,
824 2077 853 2128 in
870 2077 1006 2129 honorem
1023 2091 1088 2128 con-

57 2146 154 2198 servati
177 2147 313 2210 numinis,
339 2147 431 2199 Tauro
454 2148 509 2199 olin
538 2144 707 2218 appellavit]
748 2147 895 2213 Agitams3
926 2144 1088 2196 stimulatus.

54 2214 165 2283 [Cicero
180 2215 211 2265 in
226 2214 364 2267 Rosciana
379 2163 460 2280 (2452
483 2217 595 2285 Agitari
613 2226 637 2265 et
654 2217 801 2282 perterreri
818 2214 970 2282 furiarum
995 2215 1085 2266 taedis
1174 2266 1179 2279 x
1201 2220 1206 2231 ¹

58 2283 248 2348 ardentibus]
272 2310 307 2321 -
350 2291 412 2342 332.
438 2285 565 2354 Excipit3
595 2283 657 2334 dolo
682 2282 829 2348 interficit,
856 2285 904 2350 [ut
922 2286 970 2348 (6,
995 2281 1088 2344 173.):
1199 2286 1203 2297 '

57 2353 190 2405 Aemulus
208 2365 349 2420 exceptum
369 2352 490 2418 Triton]
525 2354 637 2403 Patrius
656 2370 739 2420 aras3
766 2351 812 2402 alii
829 2350 962 2403 Achilleas
988 2349 1088 2403 intelli·

12 2482 15 2489 .
57 2430 138 2490 gunt,
155 2421 218 2489 [ubi
234 2422 280 2475 ille
300 2421 434 2473 adorabat
450 2422 622 2489 Apollinem,
639 2428 687 2472 aut
703 2421 777 2488 quod
793 2419 834 2470 ibi
849 2418 965 2471 Achilles
983 2418 1088 2469 occisus

11 2510 14 2515 ·
56 2490 120 2555 sit:)
138 2508 209 2542 nam
226 2491 359 2559 Pyrrhus,
382 2498 414 2540 ut
429 2491 460 2541 in
477 2491 591 2541 historia
607 2489 742 2558 legimus,
766 2489 855 2540 occiso
872 2495 953 2556 patre
970 2487 1000 2538 in
1016 2495 1086 2540 tem·

55 2558 98 2628 plo
115 2559 250 2626 Apollinis
268 2558 432 2626 Tymbraei,
448 2575 569 2610 reversus
586 2559 621 2611 ad
639 2558 776 2625 patriam,
791 2557 822 2608 in
839 2556 959 2607 numinis
975 2555 1089 2606 insulto·

10 2656 14 2697 ,-
56 2627 177 2692 tionem,
200 2628 352 2694 intemplo
370 2627 426 2678 eius
443 2627 577 2695 Delphico
596 2643 656 2679 aras
674 2627 747 2696 patri
763 2625 918 2690 constituit,
942 2632 972 2677 et
986 2624 1043 2675 illic
1061 2623 1088 2675 ei

57 2697 147 2766 coepit
163 2695 332 2748 sacrificare:
357 2697 458 2763 [neque
482 2698 559 2748 ezrim
576 2703 623 2749 ant
639 2696 771 2763 Pyrrhus,
795 2701 843 2747 aut
858 2693 955 2761 Apollo
969 2691 1088 2758 Delphis
1126 2746 1129 2751 ἢ

57 2765 167 2817 oriundi
189 2763 273 2828 sunt]
306 2763 359 2815 Alii
382 2764 507 2829 patrias,
530 2764 685 2830 Apollineas
708 2764 816 2828 volrmt,
840 2780 857 2814 a
880 2762 973 2813 Patris
998 2760 1088 2827 (codd.

56 2841 166 2902 praeter
182 2832 273 2884 Guelf.
290 2834 310 2883 Ι.
328 2831 448 2899 Patras),
463 2833 582 2885 Achaiae
599 2832 716 2897 civitate,
731 2833 762 2884 in
779 2847 834 2900 qna
850 2828 988 2898 [Patrius]
1005 2829 1088 2898 Apol-

10 2928 14 2965 ι
57 2901 211 2953 incolitur.
244 2901 303 2952 Nec
326 2900 459 2953 debemus
483 2918 633 2970 quaerere,
656 2917 706 2952 cur
727 2916 784 2952 non
801 2898 956 2964 Delphicas
981 2897 1089 2963 dixerit,

10 3024 12 3031 ¹
57 2971 119 3038 quia
135 2970 262 3039 epitheta
284 2970 314 3020 in
331 2970 420 3021 alieno
444 2970 556 3038 negotio
600 2970 744 3037 lertnnque
761 2969 815 3020 alia
832 2974 987 3038 ponuntur,
1010 2965 1088 3017 utin

56 3047 153 3108 quarto
168 3037 267 3104 (345.):
284 3038 400 3089 Italiam
419 3054 549 3106 magnam
566 2987 714 3105 (irynneus
728 3038 836 3104 Apollo,
852 3036 967 3086 Italiam
981 3033 1088 3101 Lyciae

58 3111 165 3160 iussere
182 3123 323 3172 capessere
342 3120 442 3159 sortes:
465 3124 529 3158 cum
547 3126 563 3159 a
581 3108 662 3158 Delio
679 3115 789 3158 tantum
806 3120 872 3157 eum
889 3111 995 3155 constet
1011 3119 1088 3153 acce·

55 3177 123 3246 pisse
148 3188 289 3243 responsa.
313 3175 416 3244 {Simt
438 3176 486 3244 qui
509 3177 619 3241 dicunt,
642 3175 677 3227 ab
702 3174 815 3227 Aescnla
834 3174 862 3222 io
883 3187 945 3223 aras
968 3169 1089 3238 Apollini

56 3252 169 3297 statutas
186 3247 296 3311 patrias
314 3245 478 3296 nominatas.
512 3245 565 3295 Alii
581 3245 611 3294 in
628 3242 733 3308 templo
751 3244 809 3310 Apo
833 3242 883 3292 'nis
900 3254 980 3292 aram
1005 3237 1089 3289 fuisse
1167 3290 1171 3297 ,

10 3328 15 3363 t
54 3312 233 3381 inscriptam:
255 3317 434 3380 IIATPIOY
448 3314 712 3368 ΛΠΟΛΛΩΝΟΣε
742 3311 777 3362 ab
800 3311 868 3374 hoc,
885 3307 959 3379 quod
982 3305 1088 3358 Icadius

55 3383 199 3449 (Icadius),
215 3383 345 3450 Apollinis
368 3389 397 3436 et
421 3383 566 3451 Nymphae
590 3380 691 3448 Lyciae
714 3379 800 3444 lilius,
823 3393 888 3429 cum
912 3378 942 3427 in
964 3375 1088 3428 adultam

55 3459 177 3506 aetatem
194 3451 323 3515 venisset,
346 3451 439 3519 primo
456 3453 617 3519 regionem,
640 3449 671 3509 in
692 3466 747 3518 qua
763 3456 843 3500 natus
862 3453 937 3512 erat,
961 3464 978 3496 a
995 3451 1087 3495 matre

55 3520 172 3590 Lyciam
195 3519 363 3585 nominavit,
386 3520 484 3573 deinde
507 3521 536 3571 in
555 3535 587 3571 ea
612 3518 711 3571 urbem
734 3532 843 3586 quoque
859 3514 978 3586 Apollini
993 3512 1088 3566 condi-

53 3591 108 3655 dit,
132 3595 220 3640 sortes
245 3596 274 3640 et
296 3590 435 3641 cortinam
461 3588 643 3654 consecravit,
667 3596 709 3651 et,
738 3594 769 3636 ut
792 3585 870 3636 illum
894 3584 1004 3653 patrosin
1027 3597 1085 3635 esse

52 3665 218 3722 testaretur,
250 3656 351 3709 Patara
383 3657 594 3725 cognominavit.
640 3656 707 3709 Inde
737 3670 802 3705 oum
831 3651 941 3706 Italiam
971 3658 1089 3718 peteret,

52 3726 204 3794 natifragio
221 3735 328 3778 vesanas
345 3727 476 3798 Delphini
492 3735 571 3794 tergo
588 3733 714 3792 exceptus
732 3724 846 3787 dicittu,
869 3739 902 3773 ac
918 3736 1007 3789 prope
1024 3721 1088 3770 Par·

50 3813 166 3849 nassum
183 3803 308 3847 montem
324 3796 443 3859 delatus,
466 3796 537 3862 patri
555 3795 673 3862 Apollini
695 3792 832 3859 templum
855 3791 1039 3853 constituisse,
1061 3796 1090 3840 et

49 3884 66 3919 a
84 3863 229 3934 Delphino
251 3864 343 3916 locum
359 3865 481 3932 Delphos
498 3866 661 3934 appellasse:
686 3878 746 3912 aras
770 3858 869 3911 deinde
886 3858 1005 3925 Apollini
1027 3865 1087 3908 tan*

47 3951 138 4005 quam
156 3933 231 4000 patri
248 3949 436 3998 consecrasse,
461 3950 527 4001 quas
545 3935 640 3985 ferunt
655 3932 735 3998 vulgo
760 3929 870 3995 patrias
888 3927 981 3982 dictas.
1016 3926 1087 4004 Hinc

47 4020 118 4073 ergo
137 4010 168 4055 et
185 4002 357 4069 Delphinum
374 4002 452 4056 nituit
474 4003 548 4053 inter
566 4008 672 4054 sacrata
689 3996 820 4069 Apollinis
836 4003 995 4066 receptum,
1013 4010 1089 4046 mirus
