2454 4500
171 294 209 339 m
228 273 383 339 rnen.
407 271 577 336 launo.
600 269 680 334 ma.
702 250 756 347 1'v,
779 272 972 340 tto-176.
1024 274 1089 340 ass

68 459 193 527 laudern,
209 458 249 513 sic
266 450 412 512 Terentius
429 458 510 525 (Eun.
529 465 561 523 ³,
579 462 612 525 5,
629 457 695 519 56.):
719 456 797 524 Quid
815 454 898 507 rum?
914 454 1022 524 setae?
1038 453 1090 524 fs-

66 541 123 581 reor.
159 528 256 583 Prima
281 539 307 579 et
331 528 428 579 Tellus
435 549 444 595 3
468 528 532 581 satis
557 527 646 597 perite
669 526 798 594 loquitur.
842 525 914 577 Nam
939 524 1090 576 secundum

63 596 203 651 Etruscam
225 597 396 666 disciplinam
420 596 490 652 nihil
511 604 569 646 tam
592 597 776 663 incongruum
800 591 981 656 nubentibus,
1004 608 1090 662 quam

61 672 258 717 terraemotus
281 665 324 716 vel
340 664 409 716 coeli
427 664 546 732 [dicitur.
580 663 699 730 Quidam
723 679 789 715 sarie
807 661 945 713 Tellurem
964 676 1092 730 praeesse

59 733 158 804 nuptiis
173 733 296 798 tradunt,
312 736 378 784 n'am
396 740 424 784 et
440 734 469 784 in
486 731 614 799 auspiciis
630 731 790 799 nuptiarum
806 736 927 796 vocatrn,
943 729 988 780 cui
1005 729 1091 781 etiam

58 798 181 870 virgines
199 800 243 854 ael
266 817 331 853 cum
354 801 397 852 ire
420 802 455 853 nd
472 802 587 853 domum
610 801 707 851 mariti
722 799 880 866 coeperint,
901 798 944 849 rel
967 796 1024 849 iam
1047 796 1090 848 ibi

56 866 163 986 positae
188 869 301 922 diversis
324 869 496 934 nominibus,
524 869 567 920 vel
595 868 651 920 ritu
680 865 863 931 sacrificant]
902 866 936 916 Et
960 866 1090 933 pronuba

70 956 146 1004 uno3
171 954 243 1007 quse
266 937 433 990 nubentibus
456 945 571 1008 praeest.
612 937 746 989 Iunonem
770 943 865 987 autem
882 933 989 987 dedisse
1011 934 1090 1002 signa

53 1024 104 1081 per
122 1012 321 1075 tempestatem
339 1013 445 1057 constat
461 1014 490 1059 et
505 1004 623 1078 pluvias,
645 1022 716 1075 quae
740 1005 775 1057 de
793 1008 857 1056 a'e're
880 1001 959 1055 fiunt
991 1004 1092 1071 [Varro

55 1076 217 1143 pronubam
242 1074 308 1127 dicit
331 1090 403 1144 quae
428 1083 492 1126 ante
515 1072 655 1144 nupserit3
680 1093 715 1126 n,
755 1091 770 1125 e

54 1144 104 1195 uui
120 1150 234 1195 tantm
250 1150 336 1211 nupta
354 1151 402 1208 est,
418 1144 539 1211 ideoque,
552 1141 675 1212 auspices
691 1089 848 1209 deddguntur
865 1157 881 1192 a
916 1139 1091 1212 nuptias}-

53 1216 116 1270 167.
134 1210 251 1263 Ful-rere
270 1214 364 1277 igner;
383 1214 425 1279 [ut
439 1211 483 1263 dei
499 1209 656 1279 nuptiales]
687 1212 776 1262 Varro
793 1209 875 1262 dicit:
890 1209 969 1276 Aqua
985 1221 1010 1259 et
1027 1209 1093 1276 igni

54 1280 158 1346 (Guell.
181 1279 202 1331 I.
228 1295 332 1349 aquam
357 1292 382 1332 et
406 1280 515 1348 ignem)
539 1281 637 1329 mariti
662 1296 763 1331 uxores
787 1279 970 1345 accipiebant.
1013 1277 1091 1330 Unde

53 1348 197 1417 hodieque
220 1356 248 1399 et
270 1350 345 1400 faces
367 1349 529 1419 praelucent
567 1355 595 1401 et
611 1363 683 1415 aqua
706 1347 789 1418 petita
808 1348 843 1399 de
860 1361 930 1416 puro
947 1347 1024 1398 fonte
1041 1361 1092 1416 pet·

52 1432 177 1491 puerum
191 1416 380 1470 felicissimum
397 1385 555 1485 [aliqueml‚
572 1422 620 1467 ant
637 1416 774 1484 puellam,
789 1416 905 1467 interest
921 1414 1040 1485 nuptiis,
1055 1413 1091 1466 ds

53 1500 111 1553 qua
124 1484 303 1537 'nubentibus
326 1485 453 1540 solebant
476 1485 560 1555 pedes
583 1485 677 1537 lavari.
721 1484 790 1552 [Alii
806 1483 920 1553 fulsere
942 1499 994 1563 pro
1017 1478 1092 1534 malo

54 1554 152 1606 omine
168 1552 291 1633 positum
308 1553 408 1605 volunt.
443 1555 515 1606 Cum
532 1552 608 1604 enim
626 1553 666 1603 ait
681 1552 806 1622 fulsisse
825 1555 919 1619 ignes,
941 1552 1094 1603 infaustum

17 1655 21 1660 -
53 1620 230 1674 connubium
245 1621 352 1674 videtin
370 1623 529 1686 ostendere,
545 1621 610 1690 qsria
627 1622 700 1673 actio
716 1620 864 1691 perimitur
880 1635 946 1671 cum
962 1619 999 1672 de
1015 1617 1092 1671 coelo

55 1698 197 1743 servatum
215 1696 270 1750 est,
294 1697 322 1741 et
339 1690 410 1742 bene
427 1691 481 1742 hoc
496 1696 588 1742 totum
605 1690 640 1741 ad
657 1690 792 1742 Iunonem
808 1690 945 1752 refertur,
962 1688 1027 1754 quia
1044 1690 1093 1738 a'er

54 1775 118 1814 esse
131 1757 247 1821 dicitur;
264 1758 337 1809 unde
354 1775 438 1826 aquas
455 1774 521 1809 curn
538 1757 650 1828 ignibus
665 1756 806 1822 deditJ-
840 1761 902 1814 168.
921 1755 1094 1820 Ulularunt5

54 1828 133 1881 bene
156 1824 283 1878 medium
306 1827 390 1878 alsit
413 1843 582 1880 sermonem.
623 1827 703 1879 .Nam
725 1827 765 1878 ait
788 1825 916 1876 Lucanus
940 1828 991 1890 (6,
1008 1821 1095 1886 261.>τ

55 1895 126 1951 Non
143 1906 175 1946 tu
194 1895 278 1963 laetis
296 1843 407 1947 ululare
425 1895 585 1962 triumphis.
621 1896 653 1946 In
676 1896 751 1946 luctu
776 1900 869 1945 autem
888 1894 1014 1959 ululari,
1037 1906 1095 1943 non

55 1964 178 2018 dubium
194 1971 243 2015 est.
278 1963 326 2031 [Et
341 1964 404 2016 ideo
418 1965 543 2019 medium
557 1964 640 2033 elegit
651 1979 817 2027 sermonem,
834 1961 900 2031 quia
908 1978 942 2083 p<
953 1969 974 2011 ·t
985 1959 1096 2031 nuptias

55 2049 136 2086 mors
150 2038 366 2084 consecutam.
401 2033 532 2085 Nonnulli
548 2033 588 2085 ita
611 2033 765 2103 accipiunt,
788 2030 862 2099 quod
887 2048 905 2081 u
921 2032 1000 2082 ulcre
1023 2035 1096 2081 vete·

49 2117 104 2169 ¹res
126 2101 214 2154 suam
242 2099 273 2152 in
299 2100 383 2152 sacris
405 2102 550 2166 dicebant,
580 2117 612 2153 ex
636 2102 746 2153 Graeca
767 2100 972 2152 conaretudine.
1020 2097 1096 2166 Ergo

56 2170 213 2223 ulularunt
226 2167 388 2236 Nymphae,
406 2170 483 2237 quasi
500 2171 661 2239 nuptiarum
677 2185 756 2221 sacra
773 2167 958 2237 celebrarunt
993 2164 1097 2218 Graeci

56 2246 154 2292 autem
169 2233 320 2306 ὀλολυγμὸν
336 2239 482 2307 appellant,
498 2255 566 2290 nam
584 2246 613 2289 et
628 2238 750 2306 primam
763 2237 986 2305 congressionem
1000 2229 1097 2288 dialo-

83 2304 91 2325 “
131 2306 245 2370 dicunt,
268 2307 349 2374 quod,
365 2306 493 2372 Virgilius
517 2307 637 2357 ostendit
654 2310 715 2373 (11,
732 2305 820 2369 662.):
849 2321 1006 2372 magnoque
1033 2305 1096 2355 ulu-

55 2326 135 2431 ἔξω
152 2374 299 2440 tumultu]
316 2401 346 2412 -·
385 2382 445 2433 170.
462 2374 557 2443 Specie
573 2374 692 2443 famave
711 2386 853 2439 movetur,-
878 2377 984 2441 speeies
1000 2387 1098 2426 rerum

54 2441 201 2519 [Didonis]
222 2443 410 2514 praesentium
434 2451 491 2510 est,
514 2443 589 2512 quod
613 2445 690 2512 quasi
713 2443 857 2513 aspicitur:
884 2444 971 2512 sama
994 2449 1098 2505 sutem,

55 2528 156 2567 rerum
173 2512 340 2569 absentium.
374 2513 433 2562 Hoc
451 2528 520 2581 ergo
538 2511 618 2576 dicit,
642 2512 706 2565 Non
731 2529 794 2564 eam
811 2519 918 2578 movet,
942 2527 994 2564 nec
1018 2527 1097 2578 prae·

16 2634 25 2641 ‚
56 2598 121 2637 sens
137 2579 318 2647 deformitas,
333 2581 408 2650 quod
424 2596 481 2632 non
497 2581 528 2632 in
544 2579 684 2646 thalamo,
708 2580 802 2633 sedin
819 2596 903 2650 specu
920 2580 964 2649 (al.
984 2580 1098 2648 spelun-

57 2653 107 2711 ca)
123 2648 327 2701 concubuerat.-
349 2647 418 2717 [sed]
436 2666 488 2701 nec
505 2650 599 2700 sutura
616 2665 681 2700 mot
702 2650 786 2700 fama.
820 2648 885 2717 [Alii
896 2649 981 2716 joma
999 2644 1099 2718 accipi-

56 2726 116 2772 unt
125 2719 202 2771 lacta
219 2717 305 2784 (facti)
323 2718 470 2786 qualitate,
494 2725 542 2769 aut
558 2725 686 2787 respectu
708 2716 875 2782 honestatis,
899 2715 939 2785 τιξὶ
954 2719 1098 2788 πρέποντι.

55 2788 135 2841 Adeo
152 2786 232 2839 illam
256 2803 308 2837 nec
326 2786 475 2854 Tyriorum
492 2785 616 2853 pudebat
632 2785 783 2838 videntium
806 2785 887 2851 talia,
910 2803 962 2839 nec
979 2786 1099 2838 aliarum

55 2855 187 2927 gentium
203 2870 276 2924 quae
295 2854 451 2907 audiebant.
487 2855 563 2921 Ergo
575 2854 671 2922 fama,
688 2855 764 2907 deest
781 2852 923 2917 mols.]-
957 2860 1020 2913 171.
1039 2853 1099 2905 Me-

58 2927 186 2991 ditatur3
217 2930 339 2984 exercet3
362 2924 401 2974 sic
419 2923 548 2973 Horatius
573 2925 617 2988 (4,
636 2927 684 2988 14,
702 2923 772 2986 27.):
796 2922 832 2973 Et
849 2921 995 2974 horridam
1014 2922 1100 2974 cultis

57 2995 133 3063 (Vos.
152 2992 275 3054 cunctis)
296 2993 431 3042 diluviem
447 2992 598 3041 meditatur
611 2993 699 3058 egris.
734 2991 792 3045 Nec
812 2992 966 3060 incongrue
986 2991 1099 3044 dictum.

57 3065 143 3116 Actus
166 3060 244 3114 enim
268 3068 310 3111 est
332 3061 362 3111 in
386 3064 445 3127 ipsa
462 3059 652 3111 meditatione.
686 3060 760 3111 Nem
778 3059 940 3113 exercitium
956 3067 999 3112 est
1014 3057 1102 3110 medi·

56 3130 138 3184 tatio.
174 3126 327 3180 Sciendum
351 3137 446 3180 tamen
482 3127 545 3192 estJ,
579 3128 632 3178 hoc
657 3127 739 3179 hodie
762 3128 792 3179 in
817 3144 869 3179 usu
892 3143 950 3179 non
973 3143 1041 3181 esse.
1066 3151 1101 3165 -

57 3207 123 3258 172.
139 3195 310 3267 [Praeterit;
327 3197 471 3266 praelegit.
520 3196 655 3264 Calpem,-
675 3203 805 3263 utsupra
823 3196 904 3261 (19.).·
919 3195 1104 3246 Succumbere

59 3268 169 3334 culpae.
196 3293 230 3303 -
273 3268 333 3322 174.
358 3265 446 3315 Fama
471 3266 577 3314 malum
602 3282 674 3330 qno,·
706 3264 830 3317 delinitio
855 3271 908 3328 est,
937 3272 969 3314 ut
992 3281 1046 3332 quo
1072 3278 1104 3315 ex

59 3333 242 3408 praecedenti
265 3334 386 3402 pendeat
408 3335 535 3385 nominc:
560 3349 719 3400 quanquam
745 3333 792 3385 alii
818 3351 875 3402 qun
896 3332 999 3400 legant.
1033 3331 1104 3383 Sane

59 3422 117 3474 quo
140 3404 195 3456 nisi
212 3402 335 3453 definitio
352 3403 399 3463 sit,
423 3403 478 3468 legi
496 3417 552 3452 non
576 3409 678 3471 potest:
702 3420 753 3454 nec
779 3403 881 3469 (Guelf.
900 3401 920 3451 I.
941 3400 1003 3461 nil)
1027 3400 1104 3454 enim

60 3472 203 3545 procedit,
226 3478 259 3520 ut
282 3471 349 3522 ordo
373 3471 421 3522 sit:
446 3472 534 3520 Fama
554 3487 608 3538 quo
628 3488 685 3522 uon
710 3474 792 3523 eliud
818 3472 924 3522 malum
950 3469 1012 3538 [est]
1030 3471 1103 3521 velo-

62 3544 134 3593 cius.
179 3541 234 3608 (Et
257 3538 319 3590 ideo
345 3540 470 3591 medium
494 3554 653 3592 sermonem
678 3541 786 3607 posuit,
817 3541 883 3608 quia
913 3547 975 3609 post
996 3538 1106 3609 nuptias

60 3624 138 3662 mors
155 3618 198 3661 est
215 3608 329 3670 secuta.)
344 3637 379 3645 -
415 3613 474 3666 175.
493 3608 653 3659 Mobiliente
672 3612 761 3676 viget,
780 3610 827 3661 dat
844 3610 869 3660 ei
888 3605 1105 3676 oupasoncsluu:

61 3688 90 3732 et
106 3678 236 3731 laudata
254 3677 403 3728 contrario.
439 3678 512 3728 Cum
530 3677 605 3728 enim
624 3678 718 3729 omnia
735 3678 833 3730 labore
852 3676 1022 3742 minuantur,
1038 3677 1108 3729 haec

61 3746 171 3801 crescit.
187 3782 191 3787 -
207 3746 288 3813 [Saue
299 3749 376 3811 uiget
391 3746 504 3812 quidam
522 3761 573 3814 pro
587 3748 705 3813 vigeseit
720 3747 865 3816 accipiunt.
878 3770 912 3782 ··
947 3751 1007 3804 176.
1026 3745 1106 3796 Metu

61 3819 171 3887 primo,⁸
185 3831 247 3873 ‚raon
264 3817 355 3880 primo
376 3827 464 3879 metu,
481 3816 527 3866 sed
545 3818 685 3881 primum,
703 3817 775 3884 quod
793 3816 873 3866 initio
891 3815 997 3883 cautius
1014 3815 1109 3883 loqua-

63 3894 123 3950 tur,
148 3885 167 3935 i.
186 3902 210 3935 e.
227 3883 257 3933 iu
283 3884 435 3950 primipio:
459 3901 523 3934 cum
549 3886 626 3935 euim
645 3882 705 3951 quis
731 3892 841 3936 veretur
861 3900 896 3934 ue
914 3892 1011 3934 auctor
1028 3884 1051 3934 is
1068 3884 1112 3947 rit,

62 3953 137 4023 quod
163 3953 241 4003 audit
266 3950 404 4015 continet,
436 3961 464 4002 at
489 3952 536 4002 ubi
561 3953 596 4002 sit
622 3954 761 4019 vulgatum
785 3946 887 4023 passim
914 3952 1052 4017 locuntur,
1083 3961 1111 4005 et

62 4023 149 4075 modo
174 4019 272 4093 i'rimo
298 4021 460 4072 adverbium
486 4029 539 4087 ast,
565 4038 621 4073 non
647 4021 772 4086 nomen]
813 4021 922 4072 Attollit
947 4021 977 4070 iu
1005 4037 1110 4099 nurum

796 1076 879 1141 (quae
918 1090 933 1124 e
955 1088 975 1122 s.
995 1068 1089 1139 atque)
1170 1088 1177 1095 ·
