2454 4500
253 295 308 336 „n
332 274 488 340 naeu
511 275 685 340 acuam.
708 277 787 341 uve.
810 278 843 358 1,
866 285 897 350 s.
916 285 947 350 7.
973 340 978 347 ,
1041 252 1063 327 ·'
1108 289 1132 352 r

92 455 137 505 aul
157 450 283 506 Romam
305 455 450 525 significat.
473 482 509 497 ·-
542 463 568 516 6.
593 457 765 527 inferretque
791 458 857 510 deos
881 456 982 512 Latio·
1012 456 1126 516 taurin

93 521 186 592 duplex
204 531 263 590 est,
288 538 377 576 unum
394 543 411 577 a
428 526 526 579 Tiberi
543 542 628 595 neque
646 527 682 578 ad
699 526 823 580 Fundos:
846 527 919 579 uliud
936 502 1015 595 inde,
1038 546 1069 582 us
1107 550 1124 587 a

93 588 126 643 ed
139 589 307 642 Vulturnum
323 593 458 660 [fluvium.
492 595 618 664 Denique
635 595 693 666 ipse
710 595 790 648 dixit:
811 594 942 664 Veteresq.
962 597 1024 649 Lat.
1032 636 1043 666 ,
1061 600 1071 651 i
1091 616 1126 651 eo

92 659 153 728 quie
169 658 222 710 scit
239 676 298 712 esse
323 661 410 713 etiam
432 679 531 729 novos,
554 663 571 715 i.
589 683 612 716 e.
637 683 653 716 a
671 663 772 715 Fundis
797 679 882 732 usqne
905 665 940 717 ad
958 666 1124 722 Vulturnum

91 727 357 847 pplvislturnimnld
390 729 505 782 Latium
521 740 615 784 antem
631 732 736 785 dictum
753 740 809 809 est,
826 732 900 799 qnod
916 734 973 787 illie
990 735 1124 789 Saturum

116 796 208 848 tuerit.
244 795 386 864 (Saufeius
403 797 519 851 Latium
543 801 649 851 dietum
666 801 720 867 ait,
743 801 817 868 quod
833 801 873 852 ibi
890 801 1032 855 latuerunt
1047 803 1123 857 inco·

89 862 145 930 he,
167 865 218 932 qui
234 866 369 944 quoniam
384 867 414 919 in
431 870 503 921 cavis
520 869 658 920 montium
675 869 717 923 vel
740 869 867 934 occultis,
890 879 1018 923 caventes
1035 873 1088 924 sibi
1105 890 1122 927 ι

90 933 152 985 ieris
168 933 285 998 bellrus,
309 934 351 987 vel
367 951 383 987 e
400 936 612 1003 valentioribus,
636 938 710 992 vela
732 939 957 1018 tempestatibus,
980 939 1122 997 hubitavo⁴

89 1000 145 1054 rint
160 1001 255 1055 Cassei
272 1002 379 1069 (Casei)
402 1006 493 1058 vocati
510 1014 587 1070 sunt,
611 1021 678 1074 quos
695 1013 798 1077 posteri
815 1006 979 1077 Aborigines
996 1011 1122 1063 nomina·

89 1078 198 1122 rerunt:
220 1071 356 1138 quomam
381 1074 441 1126 aliis
459 1083 533 1125 ortos
551 1090 610 1126 esse
628 1075 879 1141 recognoscebant,
903 1077 1050 1144 exquibus
1067 1078 1121 1133 La·

87 1138 158 1191 tinos
173 1138 264 1190 etiam
279 1139 385 1204 dictos.)
418 1143 594 1213 inferretque
612 1143 677 1195 deos
688 1147 843 1264 1'[:;penates,
859 1143 902 1196 vel
918 1162 996 1197 suam
1014 1147 1122 1214 genitu-

87 1205 166 1272 ram]
200 1206 304 1274 Latio;
327 1208 381 1260 hoc
407 1219 448 1264 est
479 1215 508 1264 in
522 1211 654 1265 'Latium
713 1220 725 1263 t
748 1219 789 1264 est
810 1212 901 1278 figura
925 1214 1025 1266 unitata
1048 1234 1063 1266 a
1085 1213 1123 1269 ud

87 1273 239 1344 virgilium
274 1276 356 1346 Quod
378 1280 456 1332 enim
477 1298 528 1352 per
544 1279 728 1332 accusativum
751 1296 817 1331 cum
831 1282 1036 1360 praepositione
1080 1282 1120 1336 ci-

86 1358 161 1410 mus,
188 1343 237 1398 ille
297 1362 313 1398 r
335 1345 459 1400 dativum
490 1350 569 1419 ponit
598 1348 658 1401 sine
687 1351 899 1421 praepositione.
947 1349 1023 1403 Sicut
1052 1350 1120 1404 alibi

84 1416 128 1535 pp,
143 1417 207 1470 451.
225 1432 232 1466 :
256 1362 297 1469 ἴ
307 1415 414 1468 clamor
431 1418 525 1481 coelo,
550 1433 601 1488 pro
624 1417 653 1469 in
679 1418 795 1471 coelum.
831 1416 923 1486 (Deos
941 1433 1006 1473 vero
1024 1428 1123 1473 utrum

105 1488 213 1549 euntes,
235 1489 269 1534 ut
291 1487 318 1550 (3
325 1521 333 1550 ,
350 1485 437 1551 172)2
463 1487 584 1538 Talibus
610 1488 751 1538 cnonitus
769 1488 842 1537 visis
860 1498 885 1537 et
902 1503 967 1539 voca
986 1488 1120 1554 deorum

83 1566 121 1601 an
142 1566 172 1602 se
194 1557 224 1603 et
246 1552 408 1619 Ascanium,
438 1561 485 1609 et·
500 1563 624 1626 posteros
648 1570 746 1625 sitos„
760 1556 796 1606 de
819 1554 918 1623 quibus
944 1555 1051 1608 dictum
1080 1564 1122 1608 est

83 1618 218 1690 (9,642):
233 1619 305 1671 Diis
341 1625 424 1687 snite,
442 1635 469 1675 et
485 1626 614 1692 geniture
631 1622 727 1686 Deos.)
764 1622 860 1675 Genus
879 1624 951 1674 unde
964 1622 1120 1693 Latinum,-

81 1684 179 1739 eiiam
195 1688 313 1741 fuerunt
365 1691 433 1759 tini,
456 1700 486 1745 et
502 1693 560 1744 iam
575 1691 689 1745 Latium
705 1691 865 1758 dicebatur,
881 1694 1055 1745 contrarium
1072 1701 1122 1760 est,

82 1755 156 1824 quod
179 1756 250 1808 dicit
274 1758 311 1810 ab
333 1758 425 1814 Aenea
448 1760 563 1814 Latinos
587 1761 727 1828 originem
750 1760 860 1813 ducere.
901 1758 996 1813 Prima
1013 1769 1056 1814 est
1077 1762 1121 1813 iu·

80 1824 171 1879 orande
188 1824 341 1894 absolutio,
365 1836 397 1878 ut
415 1827 494 1880 Unde
512 1846 570 1882 non
585 1831 692 1882 releras
709 1826 744 1881 ad
781 1844 926 1894 ersonam,
947 1829 996 1880 sed
1018 1829 1054 1882 ad
1077 1829 1118 1881 lo·

79 1894 160 1946 turm
187 1894 319 1963 Namque
344 1895 424 1948 Unde
447 1898 611 1952 adverbium
635 1904 677 1950 est
706 1846 842 1963 deloco,
866 1912 922 1948 non
947 1897 1074 1949 deductio
1100 1915 1120 1953 a

78 1976 208 2082 w
242 1964 352 2018 Tamen
366 1966 435 2018 Cato
452 1968 481 2018 in
497 1967 660 2033 Originibus
675 1966 730 2019 hoc
742 1964 816 2032 dicit,
833 1963 909 2016 cuius
923 1967 1118 2018 auctoritatem

180 2032 222 2082 ‘ns
237 2033 362 2100 seqmtm
383 2034 415 2087 in
437 2035 510 2088 bello
534 2036 671 2087 Catilinae
697 2039 729 2102 (c.
746 2034 796 2096 6.):
822 2033 915 2086 Primo
935 2033 1056 2085 -Italiam
1081 2045 1119 2085 te«

79 2094 335 2218 nuissejuosdam
354 2104 637 2187 qui.appe·llabantur
654 2102 830 2185 Aborigines.
873 2099 1048 2183 Hosposte'ct
1067 2103 1116 2154 ad·

78 2179 162 2220 ventu
206 2186 290 2220 eneae
308 2169 468 2240 Phrygibus
485 2184 614 2238 iunctos,
639 2170 762 2223 Latinos
787 2189 843 2223 une
869 2187 982 2221 nomme
1007 2188 1118 2222 rauneu·

75 2249 167 2304 patos.
218 2236 297 2304 Ergo
320 2240 489 2295 descendrmt
512 2241 605 2294 Latini
629 2256 686 2293 non
709 2247 819 2293 tantuma
850 2255 868 2291 e
893 2238 1036 2304 Troianis,
1068 2237 1138 2295 sed*
1215 2282 1218 2287 .

77 2305 164 2360 etiam
176 2304 215 2358 ab
228 2306 434 2377 Aboriginibus.
467 2311 517 2363 Est
533 2318 627 2363 autem
643 2326 711 2363 vera
728 2307 860 2379 expositio
877 2305 961 2361 haec:
977 2308 1117 2374 Novimus,

76 2374 153 2446 quod
168 2375 235 2427 victi
251 2375 389 2429 victorum
410 2392 516 2432 nomen
533 2378 680 2448 accipiunt.
713 2377 806 2429 Potuit
823 2391 890 2443 ergo
907 2377 1011 2430 victore
1023 2379 1117 2433 Aenea

129 2443 171 2496 'e
194 2458 300 2496 nomen
323 2445 464 2499 Latinum.
505 2447 559 2500 Sed
583 2447 676 2498 volens
698 2445 752 2499 sibi
776 2447 903 2498 favorem
925 2444 1000 2497 Latii
1024 2445 1116 2499 conci·

75 2458 162 2578 ΕΞ,
186 2527 293 2564 nomen
309 2513 442 2567 Latinum
464 2529 523 2567 non
538 2516 628 2567 solum
650 2514 703 2565 illis
727 2530 785 2566 non
807 2513 937 2579 sustulit,
953 2513 1001 2565 sed
1025 2514 1114 2566 etiam

77 2579 208 2633 'I'roimis
223 2581 364 2652 imposuit
397 2584 501 2637 Merito
519 2599 586 2653 ergo
603 2582 643 2634 illi
660 2581 809 2648 tribuitur,
832 2583 906 2650 quod
931 2581 1037 2652 inipso
1055 2583 1114 2635 fue·

77 2656 137 2716 rat,
159 2655 193 2701 ut
208 2652 418 2722 posset'perire.
452 2652 532 2706 Unde
549 2660 579 2704 et
594 2652 651 2723 ipse
668 2649 774 2703 inducit
800 2651 831 2702 in
851 2649 908 2703 ΧΠ.
934 2649 1007 2703 libro
1031 2650 1114 2717 (823.)

78 2725 227 2786 rogantem
249 2719 400 2786 Iunonem,
423 2737 460 2775 ne
484 2729 581 2790 pereat
603 2737 706 2773 nomen
730 2718 870 2771 Latinum.
904 2721 976 2775 Item
999 2718 1029 2771 in
1054 2735 1115 2772 exe·

80 2786 203 2840 natione
219 2786 336 2839 Didonis
350 2788 469 2858 legimus
486 2793 528 2858 (4,
546 2791 632 2851 619.)τ
653 2787 712 2840 Nec
730 2804 793 2838 cum
812 2805 840 2837 se
858 2789 910 2839 sub
936 2789 1009 2855 leges
1032 2790 1114 2858 pacis

81 2856 197 2925 iniquae
216 2854 388 2910 Tradiderit.
423 2858 521 2927 Iniqua
545 2859 620 2909 enim
636 2873 689 2927 pax
707 2864 761 2922 est,
784 2857 887 2926 inqua
910 2872 1013 2908 nomen
1031 2855 1114 2911 amit-

81 2923 116 2975 tit
134 2924 182 2975 ille
199 2923 250 2993 qui
272 2926 350 2993 vicit,
372 2927 505 2995 [reservat
527 2923 631 2990 victus]
665 2924 728 2991 (Sed
751 2932 857 2981 veteres
883 2926 955 2976 unde
973 2921 1114 2979 etiamad

82 3008 228 3065 personam
245 2993 437 3064 applicabant,
459 2995 499 3047 ita
522 3002 558 3057 ut¹
571 2993 605 3045 ad
623 3009 706 3047 omne
722 3008 810 3062 genus
835 3002 863 3046 et
880 2994 914 3044 ed
931 3008 1044 3048 omnem
1061 3008 1112 3044 nu·

85 3075 192 3114 merum
207 3061 373 3129 iungerent3
396 3071 428 3115 ut
449 3065 504 3116 hoc
526 3063 602 3114 loco:
626 3077 714 3129 genus
731 3077 758 3114 u.
775 3060 821 3125 L.,
844 3061 995 3114 masculino
1013 3059 1114 3129 generi

86 3135 113 3184 et
124 3144 242 3182 numero
259 3131 393 3199 singulari
415 3131 516 3194 iunxit3
543 3131 610 3184 alibi
627 3145 713 3198 genus
730 3129 899 3184 femininum
917 3138 945 3180 et
961 3140 1112 3181 numerum

85 3195 214 3268 plitalem
229 3192 411 3319 reibrrety,
426 3200 494 3263 71.):
517 3199 680 3266 Nymphae,
705 3197 862 3248 Laurentes
880 3197 1043 3264 Nymphae,
1067 3213 1113 3264 ge·

88 3280 136 3315 nus
159 3268 295 3318 amnibus
321 3286 360 3319 un
381 3287 394 3320 e
419 3279 476 3320 ests
500 3268 570 3320 sicut
593 3268 661 3317 hinc
684 3266 850 3336 particulam
872 3267 971 3317 sumsit
986 3265 1046 3316 loco
1061 3263 1111 3316 ad·

88 3333 165 3387 terbii
182 3335 345 3388 Terentius.
369 3354 434 3389 cum
450 3345 554 3388 vetuste
578 3336 613 3387 ad
636 3350 784 3404 personam
800 3335 972 3387 transtulerit
989 3332 1064 3400 (Adel
1083 3332 1111 3385 h.

90 3403 230 3471 t‚3,7.):
254 3405 308 3457 sea
332 3390 426 3457 eccum
450 3406 553 3473 Syrum
579 3404 704 3454 incedere
721 3403 818 3457 video:
845 3403 911 3453 hinc
937 3405 995 3455 iam
1020 3352 1110 3465 scibo,
1139 3402 1150 3415 ’

89 3472 154 3538 quid·
165 3471 238 3538 siet.)
255 3501 291 3525 ,-
325 3483 350 3532 7.
367 3473 525 3540 Albanique
542 3485 651 3540 patres;
668 3472 768 3525 Albam
785 3472 821 3523 ab
837 3471 952 3525 Ascanio
966 3472 1111 3531 conditam

90 3548 199 3597 nunt:
215 3541 265 3594 sed
282 3559 301 3596 a
317 3559 373 3610 quo
388 3545 544 3606 incertum,
560 3549 655 3592 utrum
671 3559 688 3592 a
703 3541 822 3595 Creiisae
842 3557 878 3595 en
891 3539 1021 3592 Lauiniae
1037 3537 1110 3593 filios

89 3606 117 3662 de
136 3627 192 3680 qua
214 3627 248 3664 re
272 3609 359 3664 etiam
381 3612 473 3664 Livius
499 3610 613 3663 dubitat
660 3612 738 3664 Hanc
762 3618 857 3661 antem
880 3625 945 3661 cum
969 3609 1112 3661 evertisset

88 3673 173 3740 Tullus
190 3680 280 3745 (codd.
300 3680 428 3743 Tullius)
445 3680 589 3743 Hostilius,
614 3684 709 3731 omnes
726 3678 833 3733 nobiles
850 3679 969 3731 familias
986 3677 1109 3730 Romam

72 3746 226 3800 'transtulit
265 3749 304 3802 Et
325 3749 483 3814 sciendum,
513 3750 586 3804 bene
608 3748 683 3800 hunc
708 3748 834 3802 ordinem
857 3763 967 3816 semper
997 3759 1108 3798 servaro

86 3813 241 3886 Virgilium,
269 3824 303 3868 ut
324 3827 390 3871 ante
414 3819 489 3871 dicat
509 3817 637 3881 Latium,
667 3816 731 3868 inde
754 3815 868 3882 Albam,
916 3823 958 3865 ost
979 3815 1109 3866 Romam.

85 3881 157 3953 Quod
174 3892 208 3938 et
222 3884 278 3937 hoc
294 3886 357 3938 loco
374 3888 455 3942 fecit:
473 3886 545 3939 etin
562 3886 658 3955 quinto
674 3884 747 3937 libro
765 3885 858 3952 (598.);
883 3833 995 3935 Pbisecs
1013 3884 1110 3934 docuit

83 3954 216 4007 celebrare
230 3952 361 4007 Latinos.
396 3955 434 4007 Et
445 3955 558 4008 deinde:
574 3954 679 4005 Albani
692 3954 808 4006 docuere
826 3970 914 4020 suos,
927 3967 1002 4002 nune
1021 3951 1111 4001 maxi·

83 4037 123 4077 ns
145 4041 234 4094 porro
252 4023 365 4095 Accepit
388 4023 551 4096 domaret
571 4024 695 4095 patrium
720 4022 842 4076 servavit
865 4021 1005 4077 bonorem.
1038 4019 1110 4072 Item
