2454 4500
211 278 247 323 n
270 261 426 324 vmmt.
449 262 618 327 aruum.
641 249 720 325 tte.
741 264 795 336 tx,
819 262 1012 333 cose—ote.
1058 269 1143 335 aas

99 447 174 513 608.ἱ
187 443 301 496 Terram
323 445 435 511 ,domate
461 445 531 499 bene
555 447 653 499 bellico
676 452 738 498 usus
761 455 801 499 est
823 445 921 498 verbo:
945 453 975 498 et
996 463 1031 496 ne
1055 460 1071 494 a
1093 461 1125 496 re

100 512 221 563 militari
244 513 409 577 discederet,
431 530 487 564 non
503 516 568 566 dixit
586 528 674 567 terrae
691 517 826 580 colimus,
842 514 891 566 sed
907 515 1068 564 domamus:
1090 529 1123 562 ac

99 579 129 629 si
146 579 264 644 diceret,
286 598 351 631 cum
371 582 462 633 hostes
486 583 599 648 desunt,
619 594 707 637 terras
729 586 805 647 ferro
828 583 980 634 domamus.
1013 579 1124 648 [Quatir

101 649 208 713 oppida
232 649 317 714 bello;
344 650 474 716 oppidum
498 650 610 718 quidem
632 669 649 702 a
671 650 729 704 vicd
749 651 912 718 castelloque
936 649 1124 716 magnitudine

89 724 265 778 secernunt3
290 717 335 767 alii
351 718 443 768 locum
459 733 555 784 muro,
580 722 695 784 fossore,
718 720 803 771 aliave
821 735 874 786 qua
890 717 1043 770 munitione
1060 730 1132 766 con·¹

98 783 225 847 clusum,
248 784 296 835 elii
311 785 549 845 locumaediliciis
564 789 754 854 constitutum,
778 786 826 837 ubi
841 787 952 849 fairina,
974 781 1126 855 comitium,

98 852 198 915 forum
216 859 243 904 et
259 869 353 904 murus
370 855 419 914 sit3
441 856 488 906 alii
507 858 637 923 oppidum
656 857 709 907 dici
732 856 768 907 ab
786 854 955 925 oppositione
971 860 1126 916 murorum,

99 919 148 996 vel
164 919 237 987 quod
253 921 410 972 hominibus
425 922 501 974 locus
518 934 588 975 esset
605 922 742 992 oppletus,
759 925 807 974 rel
824 923 896 990 quod
914 936 978 991 opes
1000 921 1047 971 illo
1065 934 1125 968 mu·

63 992 66 997 '
101 986 217 1039 rationis
232 989 322 1055 gratia
338 998 482 1057 congestae
498 991 579 1058 sunt]
596 1020 630 1030 -
664 997 724 1050 609.
745 992 829 1042 Versa
847 996 912 1051 etc.;
929 988 1127 1056 agriculturam

102 1055 167 1108 sine
183 1054 272 1106 officio
289 1057 356 1109 belli
372 1073 427 1110 non
445 1060 575 1126 gerimus.
608 1060 656 1111 Est
673 1068 765 1112 autem
777 1054 973 1129 aaraoivsirror
988 1064 1016 1109 et
1033 1050 1126 1124 ὅμοιο-

101 1121 235 1178 riisaror.
276 1126 366 1193 [Nam
389 1140 482 1194 terga,
507 1145 571 1179 curn
594 1129 692 1180 eodem
715 1129 777 1185 line,
795 1143 871 1179 casus
894 1126 1074 1188 terminatur,
1097 1130 1129 1173 ut

102 1210 187 1244 versa
204 1192 294 1246 hasta.
327 1195 400 1245 Nam
418 1203 457 1246 est
471 1196 525 1249 ita:
552 1214 632 1247 versa
654 1195 737 1248 kasta
762 1198 942 1247 iuvencorum
966 1205 1042 1260 terga
1054 1192 1126 1261 sari·

90 1271 226 1327 gamus,
247 1261 266 1312 i.
289 1278 312 1313 e.
335 1263 473 1316 caedendo
495 1281 634 1333 urgemus.
651 1289 684 1302 ·-
727 1270 788 1322 610.
814 1264 909 1315 Tarda
934 1273 1074 1325 senectus,
1098 1260 1129 1310 in

103 1329 166 1379 aliis
183 1347 245 1380 sera
263 1330 407 1397 senectus]
423 1333 472 1369 -·‘
489 1339 550 1392 611.
567 1332 624 1384 Nec
639 1346 764 1384 senectus
776 1331 916 1391 ,Debitum
928 1333 1002 1383 vires
1020 1329 1128 1387 animis
1213 1382 1215 1387 ,

103 1395 179 1448 bene
203 1399 310 1463 animi,
340 1401 405 1467 quia
434 1415 491 1452 non
511 1409 561 1453 est
584 1418 662 1451 atrsus
685 1400 808 1467 corporis
830 1399 930 1452 dicere.
971 1399 1028 1449 Nec
1053 1396 1130 1451 enim

84 1473 198 1534 ..potest
226 1465 304 1530 fieri,
322 1476 364 1535 ,ut
386 1468 509 1535 quamvis
538 1468 664 1522 robustus
688 1484 783 1533 senex,
813 1468 882 1520 vires
907 1467 1008 1519 habeat
1031 1463 1131 1530 prioris

97 1533 219 1598 ‚aeteae
234 1541 270 1585 et
286 1549 350 1586 suae
367 1542 543 1605 comparetur
559 1536 765 1589 adolescentiae.
798 1536 878 1586 Nunc
896 1550 962 1603 ergo
978 1533 1050 1584 licet
1060 1531 1135 1583 dicat

104 1603 193 1653 t'ortes
210 1617 267 1655 esse
285 1602 369 1654 etiam
386 1619 479 1668 senes,
501 1604 575 1656 bona
598 1612 694 1656 tamen
711 1598 780 1655 =usus
803 1612 843 1656 est
864 1599 1078 1671 temperatione,
1102 1604 1134 1648 ut

105 1669 229 1734 diceret,
249 1668 319 1721 nihil
335 1672 492 1722 animorum
509 1673 596 1740 vigori
613 1672 748 1741 derogare
763 1671 896 1742 temporis
912 1675 1079 1723 vetustatem
1098 1693 1133 1704 -

60 1764 64 1769 ·
92 1743 171 1801 ,sta
194 1737 354 1804 [caniciem
376 1741 457 1807 galea
481 1744 649 1808 premimus,-
672 1741 691 1792 i.
716 1759 739 1793 e.
765 1755 874 1809 semper
898 1734 1076 1799 militamus]
1098 1756 1133 1771 --

105 1811 178 1869 614..
191 1804 276 1856 Vobis
299 1809 374 1874 picta
393 1823 489 1873 croco,
512 1809 676 1878 vituperatio
693 1809 895 1871 Troianorum,
918 1808 1027 1875 inqua
1049 1803 1136 1853 utitur
1179 1867 1182 1873 y

107 1872 296 1940 argumentis,
312 1892 382 1943 quae
399 1874 427 1926 in
445 1876 590 1929 rhetoricis
607 1883 809 1928 commemorat
826 1876 940 1941 Cicero,
957 1891 973 1924 a
989 1876 1081 1942 gente,
1099 1868 1135 1920 ab

108 1941 223 2005 habitu,
245 1958 262 1992 a
285 1950 365 2008 gestu
387 1943 434 2024 [ab
458 1945 561 1996 animo.
600 1945 637 1996 Et
658 1953 724 1997 suut,
743 1943 881 1995 molliores
904 1958 994 1994 versus
1019 1937 1075 2008 apti
1098 1937 1135 1990 ad

107 2008 279 2075 carpendam
294 2010 452 2064 molliorem.
487 2012 557 2065 Sane
575 2020 660 2063 vestes
685 2027 735 2061 acu
751 2012 839 2079 pictas
862 2010 998 2061 coloribus
1015 2009 1136 2074 Phryges

108 2077 196 2147 primi
212 2077 389 2144 invenerunt,
410 2095 476 2129 nam
491 2080 553 2132 ideo
572 2089 599 2131 et
615 2080 732 2131 artifices
755 2078 852 2130 talium
868 2079 982 2130 vestium
1001 2074 1136 2141 Phrygio-

107 2162 160 2201 nes
178 2145 370 2212 appellantur]
404 2146 536 2214 Fulgenti
554 2151 674 2212 murice,-
698 2164 828 2217 purpura.
863 2148 939 2198 Hanc
963 2152 1056 2195 autem
1072 2142 1138 2191 vitio
1187 2200 1189 2209 ἱ

98 2221 140 2266 ·et
163 2213 292 2264 dedecori
316 2214 390 2282 apud
411 2215 529 2268 maiores
552 2215 635 2268 fuisse
659 2223 772 2267 constat.
803 2215 942 2267 ¹luterialis
968 2217 1034 2280 (14,
1052 2210 1140 2268 tsi->1
1201 2206 1223 2239 ⁸

88 2281 261 2348 „Peregrina
285 2283 437 2349 ignotaque
460 2286 542 2336 nobis
559 2284 601 2333 Aa
626 2285 715 2337 scelus
741 2296 822 2349 atque
848 2283 930 2402 ηοζοε
957 2288 1136 2348 quaecunque

109 2362 153 2400 est
169 2366 295 2415 purpura
314 2350 398 2400 ducit.
415 2376 449 2389 -·
483 2358 544 2410 615.
565 2351 699 2402 Desidiae
725 2353 819 2416 cordi,
844 2367 878 2402 vo
898 2351 920 2401 is
943 2358 1020 2413 sunt,
1042 2348 1081 2415 [et
1098 2354 1140 2397 eit
1215 2380 1221 2399 .

108 2418 147 2469 ab
170 2417 264 2468 animo
288 2416 510 2489 argumentum]
550 2419 681 2483 Chorrir,
711 2421 826 2472 servavit
847 2421 901 2471 hoc
925 2420 986 2469 loco
1010 2420 1138 2466 naturam

108 2485 245 2553 syllabae,
266 2500 350 2552 quam
373 2487 402 2538 in
426 2495 500 2541 sexto
524 2489 604 2553 (644.)
622 2487 704 2539 metri
728 2504 811 2538 caiisa
827 2482 975 2554 corripuit3
999 2491 1043 2533 ut:
1068 2482 1138 2531 Pars

108 2555 229 2621 pedibus
245 2554 387 2620 plaudunt
404 2553 533 2620 choreas,
550 2568 575 2606 et
593 2558 720 2607 carmina
740 2556 847 2607 dicunt.
864 2581 898 2592 -
932 2558 993 2610 616.
1010 2550 1044 2601 Et
1061 2550 1137 2600 tuai-

97 2634 161 2685 ‚e'ae
179 2623 323 2686 manicas;
340 2621 449 2674 tunicae
466 2630 572 2675 vestrae
588 2623 693 2687 habent
708 2624 839 2686 manicas,
856 2622 928 2690 quod
942 2620 1025 2671 etiarn
1039 2615 1138 2669 Cicero
1221 2620 1224 2625 '

110 2691 262 2759 vituperat,
284 2688 378 2740 dicens
395 2690 483 2754 (Catil.
500 2701 533 2753 2,
551 2692 619 2753 10.):
643 2690 799 2742 Manicarir
817 2707 851 2738 ac
868 2684 1008 2738 talaribus
1025 2687 1140 2735 tunicis«

103 2758 186 2810 ‘Nam
208 2756 322 2807 colobiis
349 2757 497 2811 utebantur
524 2759 630 2826 antiqui
658 2759 747 2826 [quae
775 2765 838 2808 sunt
863 2748 917 2808 cirri
943 2747 992 2808 roi>
1016 2747 1138 2822 κολοβοῦ.

108 2826 183 2877 Sane
200 2824 302 2875 liabent
324 2825 366 2874 bis
387 2824 625 2889 subaudiendum]
657 2825 692 2874 Et
710 2825 810 2876 habent
834 2825 998 2876 redimicula
1024 2820 1140 2883 mitrae,

110 2892 181 2946 illud
197 2892 320 2943 dicutrus
336 2893 440 2943 fuerat:
457 2892 569 2943 Habetis
585 2893 615 2943 in
631 2893 711 2961 pileis
727 2893 902 2945 redimicula:
920 2888 992 2958 quod
1006 2888 1141 2941 convertit

96 2961 146 3014 ‚in
170 2960 399 3027 vituperationem
428 2961 577 3024 maiorem,
607 2961 714 3012 diruens:
742 2961 881 3029 Religatas
904 2958 1012 3012 habetis
1038 2958 1141 3008 mitras.

110 3029 189 3083 Nam
210 3028 288 3094 pilia„
309 3027 440 3079 virorum*
456 3036 531 3080 sunt:
562 3030 662 3079 mitrae
686 3029 871 3095 seminarum,
894 3044 962 3098 quas
985 3027 1142 3077 calanticas

114 3098 160 3164 (L.
184 3094 220 3147 R.
244 3096 334 3147 Guelf.
358 3096 379 3145 1.
403 3099 520 3160 calana,
545 3095 639 3167 steph,
662 3097 761 3158 calar.)
785 3096 887 3148 dicunt.
929 3092 1018 3151 Mitra
1048 3100 1142 3144 autem

112 3165 227 3235 proprie
250 3163 393 3231 Lydorum
413 3165 480 3229 fuit,
504 3173 535 3214 ut
557 3168 604 3230 (4,
621 3162 714 3227 2'16.):
744 3164 878 3216 Maeonia
904 3173 1024 3215 meritum
1050 3164 1142 3223 mirra.
1186 3152 1189 3167 ¹

116 3234 208 3301 Quem
232 3232 360 3296 habitum
382 3230 483 3284 imitati
506 3240 569 3283 sunt
590 3231 712 3284 Troiani.
751 3233 815 3300 [Alii
839 3235 939 3284 mitras
963 3223 1144 3283 meretrictim

115 3299 347 3366 essevoluerunt,
390 3300 445 3351 uod
467 3300 512 3352 hic
531 3309 572 3352 est
585 3309 724 3367 ‘tanquam
747 3301 910 3354 effeminatis
934 3295 1092 3363 obiectum]
1109 3314 1144 3334 ω

115 3376 180 3426 617.
199 3367 225 3419 0
250 3386 329 3418 verae
357 3316 509 3436 Plrygiae3
533 3369 605 3437 ipsos
628 3369 684 3420 vitu
705 3376 833 3427 creverat
852 3368 988 3434 Phryges:
1012 3377 1086 3417 nunc
1109 3364 1145 3416 ad

101 3437 256 3499 ¹mitiorem
276 3434 408 3488 iniuriam
432 3436 571 3503 Phrygias
594 3453 651 3488 non
696 3436 730 3486 ἢν
749 3454 795 3503 ges
820 3436 896 3488 dicit.
928 3435 982 3503 [Sic
1005 3434 1144 3485 Homerus

71 3567 83 3576 .
116 3505 211 3570 (tta,
228 3501 294 3564 96.);
310 3496 349 3556 ’Ὠ
366 3509 414 3573 μοὶ
431 3501 622 3573 ἀπειλητῆρες,
640 3454 779 3570 Ἀκοὶϊιῖοσ,
796 3499 845 3557 οὒκ
862 3499 899 3558 ἔτ’
915 3499 1044 3567 'Azaeoial
1079 3502 1143 3551 Alta

118 3573 286 3639 Dindyma,-
313 3582 422 3626 montes
445 3573 541 3626 matris
565 3575 655 3626 deiim.
689 3574 740 3642 [lte
764 3580 858 3626 autem
874 3591 922 3640 per
939 3573 999 3623 alta
1016 3570 1055 3621 sic
1072 3569 1146 3633 dixit,

117 3641 199 3710 quasi
216 3640 318 3692 currite
336 3658 386 3709 per
402 3641 554 3711 Dindyma,
580 3651 608 3694 et
624 3643 715 3695 ducite
732 3641 831 3692 choros
848 3659 900 3713 per
918 3640 1068 3709 Dindyma:
1091 3652 1144 3689 nec

117 3708 220 3765 irrrfficit
241 3708 369 3761 Numano
391 3709 468 3777 loqui
489 3709 620 3771 iniuriam
643 3708 843 3773 Troianorum,
871 3705 925 3760 nisi
948 3704 1040 3760 etiem*
1062 3700 1146 3757 sacris

119 3776 269 3831 numinum
293 3777 469 3829 coniunctim
491 3778 581 3829 faciat.
617 3776 669 3830 Sed
692 3779 745 3828 hoc
768 3778 825 3827 iam
843 3778 919 3845 quasi
942 3776 1091 3829 moriturus
1107 3773 1146 3823 lo-

95 3845 230 3914 -quitur,
252 3845 305 3897 hoc
329 3853 370 3897 est
393 3843 469 3898 enirn
486 3841 585 3914 Digna
609 3856 691 3911 arque
716 3845 836 3912 indigna
863 3845 952 3898 relatu
973 3842 1149 3912 Vociferans,

120 3921 154 3964 ut
177 3913 266 3980 digna
294 3912 361 3978 sint,
393 3932 462 3982 quae
488 3914 520 3966 de
543 3929 656 3965 suorum
680 3915 778 3964 virtute
808 3913 887 3978 dixit,
911 3915 1046 3980 indigna,
1078 3922 1149 3976 quae

127 3980 218 4049 impia
233 3988 262 4035 et
277 3981 306 4034 in
323 3980 388 4034 deos
405 3998 483 4035 ausus
500 3979 559 4047 est]
573 4006 608 4021 —
642 3983 704 4040 618.
722 3980 912 4051 Biforem'dat
928 3983 1000 4034 tibia
1019 3989 1154 4040 cantum5
