2454 4500
155 258 222 322 m
411 251 551 317 sautu
574 232 958 321 counaurnutus'

156 446 188 491 ut
209 444 258 505 (1,
275 439 350 502 2113
380 437 456 491 Hine
477 442 612 510 populum
637 445 700 495 late·
719 462 817 513 regem.
859 444 924 499 Ideo
948 454 1048 499 atatem
1071 446 1191 514 gratus

156 504 275 561 ablativo
291 509 426 577 iungitur:
449 512 514 578 qiua
537 512 620 564 etiam
644 517 743 580 gravis
770 516 822 565 illa
847 533 874 565 re
892 516 1019 567 dicimus.
1056 514 1134 573 Uutle
1149 523 1188 569 est

154 579 237 631 hstias
259 580 337 646 origo
360 580 504 630 sermonis.
538 580 581 631 Sic
603 581 714 633 Plautus
736 583 766 634 in
783 584 984 654 Amphitryone
1010 586 1057 650 (2,
1073 593 1106 649 2,
1121 582 1187 647 Stis

159 647 236 700 Uxor
258 660 308 698 tua
333 662 391 698 non
412 666 514 715 puero,
538 650 585 699 sed
608 662 681 717 peste
704 652 827 717 gravida
851 651 897 718 (al.
912 654 1025 720 gravis)
1044 664 1094 703 est.
1127 650 1184 721 [Alii
1217 700 1219 705 .

155 718 230 769 hunc
248 716 374 768 ordinem
391 718 497 768 volunt:
519 718 568 770 sed
590 719 650 770 lore
674 720 723 787 qui
739 720 849 771 ltaliam
873 722 1019 788 gravidam
1044 718 1118 773 bello
1133 722 1184 773 fre·

155 794 280 838 mentem
302 785 427 852 imperiis
448 783 578 852 regeret]
617 784 748 855 Bellaque
765 788 933 856 frementem
941 813 951 854 ,-
976 788 1098 859 exceptis
1119 794 1182 841 tem·

155 854 268 922 poribus
285 854 383 921 quibus
401 872 417 906 a
434 854 533 906 Latino
550 858 712 922 regebatur:
736 864 767 906 ut
791 863 832 924 (7,
848 857 921 921 463:
945 857 1051 925 Longa
1067 850 1103 923 po
1123 858 1180 908 ulos

157 926 270 989 inperce
286 923 403 988 regebat.
436 923 508 975 Nam
522 923 699 990 altistGuelf.
712 926 736 991 l.v
746 924 833 988 alias)
849 926 979 978 bellicosa
991 926 1072 977 fuitl
1112 926 1180 977 ἰ·
1208 942 1214 949 ·

155 999 218 1048 230.
233 991 323 1059 [Alto;
341 991 454 1056 illustri,
470 991 576 1056 nobili]
589 1018 623 1029 -
657 1001 719 1050 231.
737 990 881 1058 Proderet,·
900 995 985 1046 modo
1002 990 1178 1064 protenderet,

154 1058 208 1110 hoc
225 1067 267 1111 est
281 1067 454 1129 propagaret.
489 1059 613 1127 Propagc
632 1069 726 1113 autem
743 1062 767 1113 si
782 1079 868 1130 genus
885 1063 1036 1129 significet,
1053 1059 1105 1115 Pro
1122 1061 1190 1129 breg

154 1127 194 1177 vis
210 1136 261 1180 est:
278 1134 309 1176 ut
326 1134 388 1194 (12,
404 1128 492 1191 827.);
515 1129 557 1179 Sit
573 1129 703 1180 Romana
721 1128 818 1197 potens
836 1131 910 1181 Itala
929 1134 1036 1183 virtute
1052 1147 1173 1198 propaga.

154 1194 184 1246 Si
200 1197 235 1249 de
250 1196 352 1248 arbore
369 1196 450 1260 dicas,
466 1198 626 1267 producitur
643 1198 729 1264 [pralz
748 1207 778 1249 ut
795 1200 840 1265 (G.
859 1209 892 1263 ,2,
909 1200 979 1261 26.);
1002 1200 1104 1252 Flexos
1117 1214 1173 1265 pro·

155 1266 272 1332 paginis
294 1281 392 1329 arcus,
416 1261 586 1331 Exspectant.
619 1266 740 1320 Prodere
765 1281 830 1319 sane
845 1267 993 1336 ,significat
1013 1270 1056 1337 [et
1077 1266 1173 1319 occulta
1218 1306 1219 1319 .

153 1332 300 1401 detegere,
323 1333 396 1385 unde
431 1334 567 1386 roditores
583 1332 681 1399 dicti,]
704 1344 732 1387 et
748 1336 878 1403 decipere
894 1333 1115 1407 [vel-perderes]
1134 1341 1172 1384 ut:

157 1401 251 1453 Unius
268 1403 302 1452 ob
321 1402 395 1451 iram
413 1352 577 1454 lrodimar:
602 1401 673 1455 Sane
695 1402 727 1457 in
748 1404 888 1456 infinitum
908 1404 980 1456 haec
996 1412 1039 1456 ast
1054 1396 1121 1467 λέξις
1134 1400 1172 1468 (sl.

154 1471 298 1537 glossula,
321 1485 341 1520 s.
366 1470 512 1534 clausula)
537 1472 698 1538 polysemos.
739 1470 867 1541 [Plautus
890 1470 988 1540 (urin.
1005 1483 1040 1538 2,
1063 1482 1095 1538 2,
1114 1468 1173 1531 sul:
1194 1500 1197 1505 -

154 1536 245 1605 Nam,
262 1538 352 1603 illud,
369 1539 442 1606 quod
460 1541 522 1604 dat,
537 1542 635 1607 perdit,
650 1550 677 1590 'et
695 1543 742 1593 illi
758 1544 853 1608 prodit
869 1544 957 1592 vitam
976 1542 1013 1591 ad
1032 1543 1141 1593 miserie

153 1622 220 1659 cum
243 1608 288 1671 de;
318 1623 422 1727 aspere
445 1606 625 1676 loqueretur]
643 1636 678 1646 —
711 1617 774 1667 233.
792 1611 880 1677 Super
903 1626 957 1660 sua
976 1609 1079 1673 laudm
1100 1554 1174 1677 [til

190 1692 207 1726 o
230 1625 396 1729 sualane:
420 1681 447 1726 et
464 1676 605 1729 Graecum
629 1684 671 1729 est
687 1678 806 1731 schema.
841 1677 884 1729 Sic
910 1679 987 1730 enim
1004 1678 1100 1747 dicunt
1114 1672 1173 1745 iulo

152 1748 270 1809 enteca,
287 1744 305 1796 i.
323 1763 346 1798 e.
363 1758 414 1813 pro
430 1742 487 1796 illo.
520 1745 768 1813 [Demosthenes,]
796 1744 863 1818 ὖπὲρ
881 1742 931 1799 τοῦ
947 1742 1098 1814 serpitur,
1113 1746 1131 1797 i.
1145 1760 1173 1808 e,

151 1831 203 1883 pro
221 1829 331 1875 corona.
366 1812 504 1877 Molitur,·
528 1822 678 1884 praeparat
693 1823 742 1866 aut
763 1826 879 1879 exercet.
896 1843 930 1853 -
965 1819 1028 1874 234.
1050 1813 1174 1865 Ascanio·

62 1934 69 1951 ,
154 1898 203 1948 ηις
221 1890 334 1953 propter
350 1881 419 1933 illud
436 1882 509 1950 quod
526 1886 688 1951 frequenter
701 1884 826 1950 diximus,
842 1882 895 1952 ipsi
910 1885 952 1935 im
973 1885 1066 1936 erittm
1078 1878 1173 1936 deteri

127 1952 215 2005 ‘Ideo
232 1960 326 2003 autem
342 1950 395 2001 hoc
412 1950 509 2002 asserit
523 1952 621 2017 Poeta,
637 1959 668 2001 ut
683 1950 821 2009 laudando
837 1955 942 2016 lubun,
984 1950 1110 2005 cesarem
1123 1950 1175 2002 lau·

152 2022 212 2073 det:
235 2020 300 2089 quia
317 2019 353 2071 ab
371 2034 404 2070 eo
422 2019 559 2086 originem
577 2017 665 2071 du'cit:
690 2029 720 2071 ut
737 2027 779 2089 (1,
796 2023 885 2084 288.):
912 2022 1010 2073 lulius
1035 2040 1054 2070 a
1078 2034 1172 2087 magno

151 2090 304 2141 demissum
328 2104 428 2139 nomen
452 2086 523 2139 lilla.
557 2088 705 2140 Romanas
723 2093 939 2152 invidetur-ces5
963 2089 1107 2141 honestior
1126 2086 1175 2139 elo-
1217 2118 1219 2137 ÷

151 2157 224 2209 cutio
242 2165 296 2221 est,
312 2155 334 2207 si
352 2156 492 2220 addamus,
510 2175 593 2222 quam
609 2173 672 2209 rern
688 2159 848 2224 invidemus,
865 2166 895 2208 ut
912 2159 951 2225 (E.
970 2163 997 2223 7,
1014 2154 1081 2219 58.):
1097 2152 1174 2205 Liler

150 2227 316 2295 pampineas
339 2226 443 2274 invidit
461 2225 581 2276 collibus
600 2229 722 2276 umbras.
741 2253 773 2263 -
808 2234 869 2284 235.
888 2227 1010 2276 Iuirnt'ca
1037 2228 1069 2276 in
1086 2236 1172 2292 gerum

169 2302 333 2362 raeoccupat
350 2294 425 2361 quasi
443 2296 597 2360 praescius·,
616 2296 692 2361 [nam
709 2296 833 2348 nondum
849 2297 964 2346 inimica
983 2303 1030 2346 est
1049 2321 1083 2330 -
1117 2296 1171 2349 236·

149 2314 208 2416 lter
224 2365 329 2431 prolem
344 2364 516 2425 Ausoninm3
534 2362 609 2413 utin
626 2373 699 2415 serto
717 2365 810 2430 (756.);
827 2364 912 2414 Nunc
931 2381 982 2430 age
999 2363 1173 2413 Dardaniam

149 2434 253 2501 prolem
272 2450 342 2498 quae
360 2430 458 2482 deinde
477 2443 604 2497 sequetur
624 2429 732 2484 Gloria.
769 2433 836 2501 [Vel
860 2434 923 2512 (puin
948 2433 983 2483 de
1001 2429 1115 2482 Lavinia
1131 2429 1174 2479 Sil·

149 2503 224 2553 vium
246 2499 368 2564 habuit]
390 2528 424 2536 —
468 2509 529 2556 237.
554 2500 631 2550 Haec
658 2520 768 2551 summa
794 2515 847 2567 est3
872 2520 890 2551 1.
908 2519 931 2552 e.
956 2500 1015 2552 mei
1041 2496 1174 2569 praecepti

148 2570 279 2623 collectio.
315 2571 391 2638 [Hoc
415 2576 455 2620 est
476 2576 566 2620 toturn
589 2579 704 2638 propter
729 2570 803 2638 quod
825 2570 957 2633 mitteris,
982 2567 1023 2631 ut]
1046 2567 1174 2620 Iuvenalis

148 2643 185 2759 pp,
200 2639 270 2704 79.):
288 2639 323 2689 lu
340 2656 459 2703 summa,
477 2654 534 2688 non
552 2636 676 2698 Maurus
694 2652 761 2703 erat,
779 2656 827 2689 nec
844 2639 982 2701 Sarmata,
1000 2638 1062 2704 [nec
1078 2635 1174 2688 Thrax.

178 2711 204 2759 ic
228 2711 318 2760 nostri
344 2707 478 2772 nuntius;
504 2724 556 2774 pro
579 2707 654 2771 talis,
678 2716 708 2757 ut
725 2713 790 2774 (11,
809 2709 873 2770 16.);
897 2706 1092 2774 Manr'busque
1110 2705 1173 2755 meis

147 2776 305 2830 Mezentius
323 2776 369 2828 laic
394 2788 450 2840 est,
473 2783 500 2828 et
517 2780 558 2843 (9,
575 2774 662 2836 tall:
687 2775 772 2825 Hunc
797 2794 845 2844 ego
871 2788 895 2825 te
912 2772 1037 2841 Euryale
1063 2776 1173 2842 aspicio,

165 2863 198 2898 ro
214 2845 319 2913 talem]
332 2871 367 2893 -·.-
400 2851 461 2903 238.
481 2844 579 2895 Parere
595 2847 731 2912 purabnt3
750 2861 804 2895 non
822 2839 962 2912 respondit
980 2842 1059 2911 qtsasi
1075 2859 1173 2895 numen

145 2916 274 2969 ruferius:
291 2916 339 2968 sed
355 2914 433 2966 dictis
451 2912 545 2965 obtem
566 2921 634 2965 erat
666 2914 715 2982 [Ut
733 2919 773 2980 (1,
790 2912 877 2975 689.);
897 2911 977 2961 Paret
995 2930 1077 2963 amar
1095 2911 1171 2963 dictis

146 3002 229 3036 carae
253 2986 409 3054 genitricis.
454 2980 523 3035 Sane
546 2931 592 3033 iiic
614 2981 689 3032 locus
712 2982 828 3034 Homeri
851 2990 894 3033 est
917 2980 980 3046 (Od.
998 2999 1025 3046 a,
1043 2981 1114 3042 43.).·
1129 2976 1173 3032 ‘oa

146 3049 232 3124 ἔφατ’,
251 3050 300 3108 οὐκ
318 3049 344 3107 al.
364 3050 388 3107 t.
407 3051 475 3119 (sine
492 3049 567 3103 varia
582 3046 714 3114 lectione,
731 3051 784 3102 nisi
802 3051 874 3118 quod
891 3067 913 3100 ν.
929 3051 973 3104 44.
990 3050 1107 3118 legitur:
1123 3042 1172 3102 lna*

145 3132 221 3178 uocat
239 3118 262 3177 δ’
279 3122 357 3190 itm,
382 3147 416 3163 .-
457 3127 519 3179 239.
544 3118 663 3170 Talaria
689 3123 788 3179 nectr't3
811 3118 966 3171 Mercurius
989 3118 1054 3170 ideo
1077 3118 1172 3170 dicittu

145 3195 250 3248 habere
267 3207 385 3266 pennas,
409 3188 473 3258 quia
497 3187 576 3240 citius
598 3188 634 3239 ab
659 3187 787 3238 omnibus
804 3188 919 3256 planetis
935 3187 964 3236 in
982 3195 1079 3238 ortum
1095 3201 1172 3238 stum

142 3263 270 3319 recurrit.
304 3262 382 3313 Unde
400 3266 428 3310 et
445 3260 525 3309 velox
545 3265 574 3310 et
591 3271 690 3308 errans
709 3256 822 3306 dicitur:
840 3266 870 3307 ut
887 3257 930 3325 (G.
949 3261 974 3317 1,
992 3254 1080 3318 337·):
1098 3255 1172 3322 Quos

145 3336 223 3402 ignis
248 3331 319 3383 coeti
345 3328 491 3395 Cyllenius
517 3338 587 3377 erret
611 3328 643 3376 in
667 3324 754 3377 ortes.
784 3353 818 3362 -
867 3328 928 3383 242.
955 3321 1027 3373 Tum
1065 3325 1172 3393 virgum

145 3404 235 3468 εφη
260 3400 278 3451 i.
302 3418 325 3451 e.
349 3396 517 3447 caduceum:
547 3395 621 3461 quod
664 3386 736 3445 rimo
760 3393 856 3460 Apollo
880 3393 998 3456 habuit‚·.
1015 3400 1044 3444 et
1068 3390 1173 3446 donavit

142 3468 283 3523 Mercurio
309 3468 433 3534 [accepta
457 3463 492 3514 ab
511 3460 620 3526 eodem]
643 3413 702 3530 lira
720 3462 821 3527 (Guelf.
840 3464 859 3512 I.
879 3482 896 3512 a
915 3462 1018 3529 cylira)
1043 3462 1097 3514 sibi
1120 3471 1172 3513 tru-

142 3540 207 3591 dita.
242 3536 284 3588 Sic
308 3531 437 3585 Horatius
462 3531 573 3599 (Carni.
593 3535 624 3596 1,
648 3536 698 3595 21,
724 3530 789 3592 12.):
812 3526 1002 3597 Fraternnpue
1027 3530 1172 3583 humerum

144 3605 215 3675 ly'rn.
251 3602 337 3655 Huius
355 3607 449 3654 autem
466 3599 559 3668 virgae
577 3600 645 3649 haec
662 3599 732 3651 ratio
751 3606 807 3650 est:
825 3601 980 3650 Mercurius
999 3608 1026 3651 et
1043 3599 1172 3652 orationis

143 3678 211 3729 deus
229 3672 344 3737 dicitur,
370 3676 398 3723 et
414 3670 549 3734 interpres
567 3667 690 3718 deorum.
728 3668 805 3718 Unde
822 3669 898 3736 virga
914 3676 1055 3737 serpentes
1073 3668 1172 3732 dividit,

141 3745 160 3797 i.
180 3762 202 3796 e.
228 3758 340 3794 veneua.
373 3740 447 3789 Nam
470 3739 619 3805 [serpentes
643 3733 705 3787 ideo
732 3736 883 3787 introrsum
906 3738 1061 3816 spectantia
1083 3737 1172 3804 capita

142 3813 261 3877 hubent,
293 3819 325 3860 ut
347 3806 502 3876 significent
529 3805 603 3855 inter
629 3822 656 3857 se
681 3806 785 3873 legatos
816 3805 933 3873 colloqur
966 3818 994 3856 et
1025 3807 1172 3858 convenire

141 3883 259 3946 debere,
290 3875 371 3946 qrria]
395 3874 527 3929 bellantes
550 3872 735 3942 interpretum
766 3874 888 3925 oratione
911 3872 1050 3926 sedantur.
1096 3874 1172 3926 Unde

141 3950 294 4004 secundum
308 3945 415 3997 Livium
432 3943 516 4013 legati
554 3942 608 4003 acis
626 3943 820 3992 caduceatores
838 3941 972 3994 dicuntur.
1007 3939 1083 3994 Sicut
1099 3943 1173 3996 enim

141 4036 191 4094 per
211 4016 328 4090 fetiales
354 4016 381 4085 [a
404 4014 498 4070 ledere
516 4015 527 4080 (
548 4008 636 4079 'ctos)]
660 4011 732 4066 bella
754 4009 961 4079 mdicebantur,
984 4011 1023 4064 ita
1045 4029 1099 4084 pax
1122 4027 1172 4084 per
