2454 4500
101 272 167 334 sao
272 272 276 279 ·
365 244 504 329 sautu
525 262 879 351 communiamus
910 290 914 301 ι
1134 39 1151 343 l

101 448 191 517 lium]
207 476 242 489 -
275 455 336 511 151.
352 451 447 503 Rebus
464 463 584 517 spectata
604 453 750 514 iuuentus3
773 453 992 522 [experimentis
1014 456 1115 524 probata]
1149 428 1155 521 i

101 520 245 573 decennali
260 521 384 588 [scilicet]
400 521 511 590 praelio.
545 521 582 570 Et
598 521 669 572 bene
696 523 915 588 promissionem
940 526 1028 576 rebus
1043 527 1116 578 soon·
1152 568 1156 585 ,

101 597 162 640 mat
185 598 213 640 et
234 590 411 653 testimoniis,
433 605 505 658 quae
528 597 569 638 est
592 589 681 640 verbis
703 589 833 641 invalida.
851 620 889 631 -
934 601 999 651 152.
1015 594 1074 661 [tue
1093 613 1118 659 os,
1151 604 1157 651 Ι

102 657 253 725 oculosque
272 659 428 724 loquentiu
451 659 596 708 suffecerat
620 658 655 708 ad
677 658 905 711 recordationem
923 662 1061 715 Anchase
1081 663 1119 714 ml

103 736 164 777 tum
183 725 337 795 agnovisse,
353 725 470 779 addidit:
486 725 520 773 Et
537 737 626 775 totum
643 727 783 776 lustrabat
799 729 912 780 lumine
931 748 1054 798 corpus,
1068 731 1121 799 quoi

101 798 160 858 sine
183 795 267 846 dubio
291 810 348 846 non
371 801 457 845 vacat.
490 794 564 842 Nam
585 795 649 862 quia
665 797 769 846 Aeneas
793 796 823 846 in
848 799 955 850 virtute
980 815 1032 851 sua
1054 800 1121 851 mua

100 863 288 935 praedixerat,
318 863 472 914 orationem
502 863 560 914 eius
591 861 675 913 volarit
705 864 855 917 aestimare
879 869 918 920 de
944 884 1081 934 corpore,
1103 875 1121 920 et
1155 914 1158 927 ,

101 940 246 1001 postquam
272 932 339 982 fides
362 934 435 989 lacta
460 937 514 996 est,
538 931 601 982 inde
626 932 730 1001 coepit:
759 932 795 982 Ut
819 945 860 1000 te,
877 937 1051 1004 fortissime
1068 936 1122 987 Teu-

101 1017 196 1064 crum,
220 999 349 1068 accipin]
366 1024 400 1037 -
440 1007 500 1056 153.
524 997 692 1063 Lustraban
717 1009 836 1068 paterna
857 1004 890 1055 in
910 1020 945 1058 eo
968 1006 1122 1058 lineamenta

101 1084 273 1137 cognoscens.
307 1066 456 1135 [Lumine5
479 1083 530 1133 pro
553 1068 716 1119 luminibus:
740 1070 801 1122 ie.
827 1073 941 1139 oculis]
959 1066 1073 1124 'Pauca
1095 1092 1122 1124 rs
1155 1096 1158 1165 p

97 1139 172 1208 sert;
196 1153 253 1189 non
274 1153 382 1204 pauca,
405 1137 453 1189 sed
474 1138 589 1201 pausis.-
613 1138 631 1188 i.
649 1155 672 1188 e.
696 1138 827 1191 breviter.
867 1142 932 1193 Hoc
956 1143 1018 1196 vult
1039 1144 1122 1207 dicare,

100 1207 189 1259 multa
213 1223 277 1257 eum
301 1206 410 1270 dixisse,
432 1205 480 1256 sed
503 1206 602 1272 paucis.
626 1205 686 1323 &Ut
703 1219 744 1271 tc,·
769 1211 1121 1275 quemadmodumz·Utu
1154 1222 1158 1271 1

94 1276 255 1344 fortissime
274 1275 427 1338 Teucrum,
444 1273 479 1324 ad
498 1275 607 1339 Optime
653 1277 830 1342 raiugeaura,
846 1281 983 1347 reddidit,
1001 1281 1119 1333 Fortius.
1156 1294 1158 1311 ι

103 1363 145 1394 mc
170 1340 329 1406 Teucrum]
346 1370 381 1380 —
416 1349 475 1399 155.
500 1345 681 1409 Agnoscoquc
705 1345 809 1405 libanu
832 1357 989 1417 postquam
1013 1350 1121 1420 probarit
1156 1374 1158 1379 ·

99 1430 132 1466 ex
148 1413 246 1464 habitu
263 1411 386 1480 corporis
410 1428 474 1463 vera
492 1427 549 1463 esse
567 1428 635 1479 quae
652 1412 761 1464 dicebat
776 1416 901 1482 Aeneas,
926 1436 980 1487 per
998 1419 1119 1471 Anchisen
1156 1422 1158 1429 '

98 1498 164 1535 eum
180 1482 274 1533 laudat
289 1479 444 1532 adulatione
462 1479 592 1546 deposita.
625 1479 695 1532 Sane
712 1482 785 1533 inter
801 1500 930 1549 agnosco
950 1494 980 1538 et
998 1503 1119 1554 cognosco

97 1551 239 1618 superfluo
262 1549 378 1617 quidam
399 1548 492 1599 volunt
514 1549 606 1600 facere
629 1549 837 1614 discretionem,
867 1562 901 1602 ut
928 1572 1119 1623 cognoscamus

98 1634 197 1697 novos,
215 1635 403 1687 agnoscamus
420 1617 559 1684 antiquos:
576 1617 624 1670 sed
639 1618 708 1670 haec
724 1634 742 1670 a
757 1621 846 1686 po'e'tis
862 1623 953 1673 metri
970 1624 1118 1676 nenessitas

97 1689 246 1740 variantur.
286 1687 359 1737 Nam
382 1703 503 1752 agnosco
528 1694 643 1755 propter
664 1686 865 1756 Synaloepham
891 1691 969 1742 dixit
996 1718 1035 1731 ·——
1073 1699 1118 1751 15u

97 1757 210 1826 [Kocaem
230 1756 370 1806 Anchisae
388 1756 501 1822 magai5
519 1754 592 1806 mire
610 1756 683 1822 quod
698 1748 755 1808 hon
771 1758 838 1808 fecit
850 1760 970 1812 Aenean
986 1761 1121 1823 dicentem,

98 1820 146 1894 qui
163 1826 213 1875 scit
229 1825 389 1875 Euandrum
407 1821 636 1892 cognoscentem]
648 1851 683 1861 -
716 1830 777 1882 157.
795 1824 944 1878 Hesionae
962 1838 1033 1891 etc.;
1049 1833 1119 1898 [oon-

97 1893 293 1947 memorationi
323 1891 528 1944 necessitudinis
558 1892 649 1957 reddit
677 1896 983 1948 commemorationem
1013 1898 1119 1968 hospitii·

97 1963 168 2016 Sane
190 1962 284 2014 fabula
306 1962 340 2013 de
363 1961 480 2012 Hesione
504 1968 532 2011 et
553 1969 619 2011 nota
644 1968 699 2027 est,
721 1968 750 2014 et
772 1963 877 2031 aliquot
901 1965 972 2016 locis
997 1967 1119 2036 expuam

63 2088 69 2103 Ι
97 2034 158 2101 quis
183 2031 257 2082 enim
281 2029 368 2081 nescit
391 2046 408 2080 a
423 2028 610 2081 Laomedonte
631 2030 791 2082 mercedem
807 2032 942 2102 Neptuno
967 2043 1000 2086 et
1015 2031 1119 2101 Apollini

98 2102 135 2151 ob
165 2114 259 2149 muros
283 2097 384 2149 Troiae
413 2097 560 2148 fabricatos
586 2106 729 2167 negatam,
759 2115 878 2168 cumque
903 2101 1024 2154 incursu
1048 2102 1119 2154 mari

96 2169 189 2220 civitas
212 2174 368 2230 vexaretur,
391 2175 517 2216 coactum
540 2166 758 2218 Laomedontem
780 2168 866 2220 filiam
889 2170 1048 2223 Hesionam
1071 2180 1119 2223 ceto

98 2238 235 2298 obiicere,
259 2251 375 2301 eamque
395 2235 429 2284 ab
447 2235 564 2285 Hercule
588 2236 749 2299 liberatam,
774 2254 868 2288 eversa
888 2237 977 2291 Troia
997 2250 1027 2292 et
1043 2241 1119 2290 uacuo

96 2304 301 2365 Laomedonte,
324 2310 437 2370 propter
460 2310 592 2369 negatum
616 2305 784 2374 praemium,
806 2306 956 2359 Telamoni
981 2311 1013 2360 in
1037 2308 1120 2361 matri·

96 2375 223 2424 monium
240 2373 347 2434 datam,
371 2387 440 2437 quae
458 2387 537 2421 causa
561 2374 640 2436 fecit,
670 2381 699 2424 ut
715 2373 839 2424 Priamus
862 2376 899 2426 ad
916 2377 1032 2429 visenda
1055 2392 1117 2429 soro-

96 2445 134 2494 ris
151 2457 238 2507 regna
254 2439 426 2508 proficiscens
443 2455 507 2488 cum
524 2439 661 2492 Salamina
676 2441 816 2504 tenderet,
842 2451 869 2494 et
892 2444 948 2495 iter
976 2463 1030 2513 per
1047 2449 1118 2497 Arca-

96 2512 172 2562 diam
197 2511 314 2572 laceret,
345 2515 373 2558 et
402 2515 467 2556 tunc
499 2509 534 2557 ah
558 2511 685 2561 Euandro
711 2517 781 2560 esset
809 2521 952 2580 susceptus
978 2510 1118 2576 Anchises]

97 2580 194 2648 (Codd.
213 2584 239 2627 et
256 2578 305 2627 al:
325 2577 361 2624 Ut
377 2576 491 2625 diximus
509 2594 590 2645 supra
608 2585 648 2644 (1,
666 2577 753 2637 623),
776 2579 909 2643 Hercules
928 2598 1026 2634 eversa
1044 2583 1116 2633 Troia

96 2649 258 2708 Hesionam,
282 2645 476 2696 Laomedontis
497 2645 597 2710 filiam,
621 2645 763 2697 Telamoni
786 2662 835 2695 suo
859 2649 959 2699 comiti
984 2652 1072 2717 dedit,
1092 2665 1117 2701 er

97 2734 150 2784 qua
174 2723 252 2766 natus
276 2723 315 2764 est
331 2716 444 2765 Teucer.
480 2713 604 2764 Priamus
627 2723 719 2784 postea
741 2729 805 2764 cum
828 2713 971 2770 Salamina
995 2722 1117 2781 tenderet,

96 2787 131 2837 nd
147 2785 288 2836 visendum
311 2798 430 2850 regnum
454 2784 567 2848 sororis,
589 2801 639 2851 per
656 2781 800 2834 Arcadiam
823 2784 879 2835 iter
902 2788 987 2852 iecit,
1011 2797 1040 2841 et
1060 2796 1116 2838 truie

96 2855 131 2905 ab
157 2852 285 2903 Euandro
310 2859 448 2916 susceptus
473 2858 514 2900 est
536 2852 690 2914 Anchises.)
737 2850 874 2901 Visentem
899 2872 1009 2921 rcgna;
1034 2856 1115 2908 videre

95 2925 260 2988 cupientem.
277 2947 310 2957 -
346 2926 405 2976 159.
424 2917 554 2969 Protinus
561 2944 571 2984 ,·
595 2936 650 2970 uno
669 2920 819 2986 eodemque
843 2929 990 2992 tempore:
1014 2925 1115 2976 honest

95 2991 162 3042 dum
186 2990 289 3055 pergit,
314 2988 378 3037 vidit
394 2987 546 3037 Arcadiam⁴
581 2990 652 3039 Nam
676 3004 731 3038 non
755 3003 899 3055 possumus
918 2994 1011 3044 simul
1027 2993 1114 3046 intelli·

95 3076 175 3127 gere,
199 3075 262 3106 cum
280 3056 417 3106 Salamina
440 3054 527 3106 insula
551 3056 600 3122 sit,
626 3056 740 3107 Arcadia
764 3058 793 3106 in
810 3059 976 3112 continenti.
994 3089 1030 3099 —
1062 3067 1114 3120 161.

96 3128 278 3192 Miraturque
292 3128 375 3175 duces
390 3122 526 3185 Teucros3
543 3125 593 3174 hos
610 3126 715 3176 laudat:
732 3141 786 3192 quo
803 3125 904 3176 melior
921 3129 958 3178 sit
974 3131 1023 3183 ille
1039 3147 1114 3199 quem

94 3198 222 3268 praefert,
243 3221 276 3230 —-
311 3199 370 3250 152.
389 3192 515 3259 [Cunctis
539 3195 638 3257 altior,-
666 3210 722 3244 non
743 3193 832 3242 solum
855 3195 892 3246 ad
915 3204 1053 3252 staturam
1074 3198 1115 3250 sed

95 3263 259 3329 adomnia]
277 3292 308 3300 -
345 3267 405 3318 163.
423 3260 552 3312 iuvenali
571 3263 684 3312 ardebat
702 3280 809 3324 omorc‚·
834 3262 908 3314 inest
925 3269 1008 3318 enim
1024 3267 1115 3319 iuveni·

94 3336 145 3386 bus
174 3331 323 3400 [strenuis]
352 3329 472 3379 studium
494 3331 725 3397 acquirendarum
754 3329 949 3385 amicitiarum.
998 3336 1114 3388 Horatius

95 3408 159 3465 (Art.
177 3404 204 3452 P.
224 3402 304 3462 166.);
328 3401 500 3460 Animosque
525 3401 619 3449 virilis
639 3399 757 3466 Quaerit
782 3417 845 3464 opes
869 3413 896 3450 ct
914 3407 1067 3456 amicitias.
1084 3430 1114 3442 ·-

96 3477 155 3527 165.
172 3471 325 3537 [Cupidus;
343 3463 506 3533 guidonum]
542 3468 642 3518 Phenei
660 3470 711 3518 sub
726 3470 850 3529 moenia;
868 3471 967 3537 oppidi
981 3474 1112 3526 Arcadiae.

95 3541 230 3588 Homerus
253 3540 292 3604 (Il.
310 3542 344 3606 β,
361 3536 447 3597 605.);
464 3539 492 3587 o‘i
513 3535 610 3588 Φένεόν
626 3533 651 3590 τ’
668 3536 792 3603 ἐνέμοντο
817 3543 861 3590 καὶ
878 3533 1048 3609 Ὀρχομενόν
1067 3560 1111 3592 πο-

95 3603 219 3672 λύμηλον.
255 3608 312 3656 Nec
336 3621 384 3655 nos
407 3605 490 3657 debet
512 3622 636 3670 movere,
653 3607 740 3674 quod,
760 3622 825 3656 cum
849 3607 1041 3671 Euander,de
1061 3609 1110 3662 Pal

95 3675 186 3725 lauteo
204 3675 252 3736 sit,
274 3676 341 3725 dicit
358 3672 459 3723 Phenei
475 3675 526 3724 sub
547 3678 670 3726 incenia:
694 3691 758 3725 cum
774 3675 892 3725 sciamus
908 3682 1007 3743 poetas
1024 3681 1110 3733 vicinas

95 3759 190 3792 omnes
212 3759 263 3811 pro
289 3760 341 3792 uua
365 3742 469 3793 habere
491 3743 625 3794 civitates:
646 3743 717 3793 sicut
739 3745 772 3794 de
796 3744 906 3795 Didone
929 3748 1015 3815 facit,
1037 3763 1109 3818 quam

54 3869 57 3873 ,
95 3827 292 3878 nonnunquam
310 3811 439 3877 Tyriam,
462 3810 624 3878 aliquotiens
648 3812 788 3865 Sidoniam
811 3820 895 3864 vocat.
920 3839 956 3853 -
993 3825 1050 3877 166.
1066 3817 1109 3866 llic

97 3880 167 3930 mihi
186 3881 325 3946 insignem
343 3879 514 3942 pharetram3
537 3881 578 3931 ius
595 3880 706 3949 hospitii
722 3880 806 3930 habet
822 3880 894 3931 inter
911 3899 940 3934 se
958 3902 1107 3938 remunera·

95 3949 214 4000 tionem:
238 3948 284 3998 sed
300 3950 452 4000 verecunde
468 3957 541 3999 tacet
557 3950 683 4001 Euander
700 3948 734 3999 de
750 3949 804 3998 suis
820 3952 992 4005 muneribus.
1025 3955 1106 4022 [Lyci-

98 4035 183 4085 asque
208 4018 341 4083 sagittas,
374 4019 559 4072 enumerando
583 4017 703 4086 singula,
733 4017 817 4068 efficit
845 4036 881 4070 na
905 4025 1063 4077 communis
1082 4028 1104 4073 at
