2454 4500
258 103 264 137 ι
317 124 320 131 ,

253 175 263 213 i

209 309 245 351 ru
268 288 427 369 VIRGIL.
449 291 620 356 AENEID.
643 293 721 393 tiu.
742 293 780 366 X,
804 244 999 360 ddi-655·
1063 242 1130 362 td&

129 372 134 398 l

65 493 81 526 :t
96 472 181 541 Quae
194 474 341 540 gravissim
366 473 448 526 alitei·
463 492 520 528 non
538 477 653 528 dicimus
670 478 699 529 in
716 475 993 543 hacsignificatione.
1026 475 1128 529 Simili-

95 550 139 594 ter
156 542 240 593 etiam
258 544 409 593 accusativo
427 559 491 593 casu
509 546 626 611 utimur,
644 562 707 595 curn
726 546 847 595 volumus
865 546 1017 596 absolutam
1033 549 1128 599 facere

65 634 81 663 :-
93 610 297 663 elocutionem:
320 618 347 661 et
370 627 421 680 per
444 612 559 680 gerundi
578 614 691 664 modum
709 612 812 681 aliquid
829 607 938 664 dicere:
962 621 1007 663 ut:
1031 613 1125 664 Peten-

75 680 164 730 idnm
184 678 255 728 milii
272 692 311 729 est
329 696 444 745 equum,
468 683 603 747 codicem,
622 684 744 749 byrrum.
780 681 851 731 Hinc
868 681 996 746 Virgilius
1013 682 1051 732 ait
1069 689 1123 748 (11,

69 770 80 800 ;,
93 747 183 807 230.)·:
201 746 295 796 Pacem
313 747 437 798 Troiano
453 751 486 799 ab
507 768 567 816 rege
584 753 737 816 petendum.
772 747 837 817 [Sic]
850 748 1003 819 Sallustius:
1022 749 1121 800 Castra

73 818 160 873 ‚sine
178 817 290 866 vulnere
309 819 462 867 introitum.
498 819 569 868 Nem
588 821 609 870 si
623 822 719 870 dixeris
738 819 870 884 petendus
889 829 928 867 est
947 819 1048 868 codes.-
1065 820 1122 869 iam

65 898 154 940 anon
177 880 227 951 per
251 885 367 951 gerundi
389 885 470 952 [agis]
494 888 624 951 modum,
649 889 697 940 sed
720 885 926 956 participialiter
944 886 1070 953 loqueris.
1088 911 1123 926 ··-

65 979 67 1007 ;
91 955 158 1009 629.
175 952 267 1017 Rasa;
286 951 383 1018 firma,
399 964 539 1021 perpetua.
553 982 586 992 —·
620 956 681 1013 631.
703 957 766 1006 Veri
783 972 857 1004 vana
869 955 966 1021 seron
983 954 1003 1004 i.
1022 973 1045 1006 e.
1062 970 1123 1006 sum

65 1069 67 1075 ,
91 1021 217 1072 veritatis
238 1018 343 1088 ignara.
367 1047 401 1058 -·
440 1030 502 1080 632.
526 1025 629 1091 [Orsa;
655 1040 704 1094 pro
728 1023 805 1075 dictis
828 1030 856 1073 et
877 1021 962 1086 fatis]
982 1046 1016 1059 -
1057 1027 1119 1080 634.
1192 1042 1196 1057 ·

90 1086 200 1142 Nimio
215 1092 374 1155 succincta,-
391 1090 419 1158 [i.
433 1091 466 1155 e.]
485 1094 616 1144 nubibus:
633 1094 697 1160 quia
711 1091 866 1160 praemisit:
885 1093 977 1158 Agens
990 1089 1123 1151 hiemem:
1172 1128 1178 1148 Ι

113 1157 170 1206 uod
193 1158 245 1209 nisi
268 1166 350 1217 esset,
373 1159 547 1226 splendorem
573 1162 771 1230 acciperemus,
793 1161 840 1228 qui
864 1167 904 1210 cst
927 1160 999 1210 circu
1024 1176 1123 1228 corpus

80 1173 219 1276 deonna.
241 1251 274 1263 -
308 1233 368 1284 636.
386 1227 469 1296 [Tum
491 1211 556 1292 dea,
581 1237 670 1298 potest
692 1247 772 1282 sensu
794 1232 902 1295 integro
924 1229 973 1276 dea
995 1226 1127 1294 detrahi]

91 1291 180 1346 Nube
197 1310 282 1358 cava,·
307 1296 360 1346 erit
382 1282 563 1349 nominativus
589 1299 654 1347 liaeo
674 1301 767 1349 nudes.
803 1298 875 1347 Nam
894 1297 965 1345 nubs
982 1296 1124 1371 nondioi-
1189 1324 1194 1329 -

87 1376 172 1427 mm,
202 1362 275 1429 quod
297 1363 336 1414 ait
357 1364 448 1435 Livius
471 1365 654 1430 Andronicus,
689 1368 736 1435 qui
760 1365 866 1435 primus
890 1364 976 1416 edidit
998 1365 1121 1415 fabulam

89 1428 225 1480 Latinam
242 1433 315 1499 apud
330 1448 387 1484 nos.
405 1459 437 1471 -·
470 1439 531 1491 638.
550 1436 701 1500 latasque,-
719 1442 831 1505 propter
849 1433 978 1500 equinam
996 1433 1123 1495 casidam,

90 1513 243 1568 quaeesse
259 1500 365 1551 solebat
379 1503 408 1552 in
426 1501 523 1569 galeis,
548 1505 620 1555 unde
645 1513 685 1554 est
702 1503 798 1571 (869.):
824 1501 968 1564 cristaque
993 1500 1123 1550 hirsutus

89 1569 208 1634 equina.
227 1595 262 1605 -
284 1568 356 1627 'aaa
374 1569 478 1621 Divini
496 1574 598 1637 capitis
605 1595 614 1635 ;
637 1572 690 1622 hoc
715 1589 746 1623 er
762 1585 878 1642 persona
902 1574 998 1636 poiitae
1016 1568 1120 1621 dictum

90 1634 137 1688 ‘est
153 1637 198 1702 [de
214 1637 316 1700 Aenea]
331 1639 461 1689 intuentis
478 1640 521 1703 (al.
534 1640 640 1700 ,innuli
652 1642 752 1691 futura,
786 1640 858 1688 Nam
876 1645 936 1706 post
952 1644 1072 1687 mortem
1089 1636 1120 1688 in
1138 1645 1141 1651 ’
1167 1671 1171 1680 ·

88 1718 243 1756 numerum
267 1707 402 1756 releretur
423 1707 550 1758 deorum.
592 1709 709 1770 inania,
739 1723 791 1758 noc
815 1725 830 1757 a
856 1706 1005 1768 membris,
1028 1714 1079 1756 nec
1102 1721 1120 1755 a

84 1779 190 1823 merite
214 1774 358 1826 venientia,
380 1800 412 1812 -
446 1781 513 1832 o-it.
539 1777 638 1838 Orissa
661 1775 776 1847 [morte]
800 1782 922 1843 sumpta,
945 1780 1068 1840 suscepta
1092 1780 1123 1824 et
1179 1810 1181 1817 .
1208 1821 1218 1829 ,

90 1841 240 1907 completa.
256 1869 290 1879 ·-
324 1848 384 1898 642.
401 1844 467 1910 [Aut
484 1862 553 1909 quise
571 1849 690 1911 sopitos,·
719 1862 788 1912 quae
807 1845 933 1907 scannia,
951 1858 1001 1908 pro
1020 1842 1117 1908 qualia

65 1910 240 1971 ,insomnia
265 1927 334 1977 quae
360 1926 411 1976 per
433 1928 560 1964 somnum
579 1912 720 1977 videmus]
736 1915 771 1951 '-
804 1916 865 1969 643.
883 1907 1015 1976 Exultat}
1040 1911 1118 1960 exul-

71 1989 171 2042 ssare,
189 1986 229 2028 est
246 1972 379 2041 gaudere:
401 1988 429 2030 et
446 1998 540 2048 perse
557 1983 668 2050 plenum
687 1990 733 2035 est.
767 1982 838 2031 Nam
857 1981 1007 2042 insultare,
1026 1986 1066 2029 est
1081 1978 1120 2045 ir·

89 2044 186 2097 ridere
203 2046 341 2097 inimicos:
364 2053 391 2098 et
414 2047 527 2100 dicimus
552 2053 658 2102 insulta
684 2053 751 2101 tibi:
774 2049 840 2099 licet
855 2048 993 2098 Sallustius
1010 2045 1123 2097 dixerit:

91 2112 203 2165 Multos
222 2115 254 2164 ali
275 2116 462 2166 adulescentia
481 2114 573 2170 honos*
587 2122 780 2170 insultaverat.
814 2121 833 2169 Ι.
852 2134 874 2167 e.
900 2117 944 2185 [iu
961 2115 1045 2183 ipsos]
1066 2113 1119 2164 im·

92 2189 190 2252 petum
207 2184 324 2248 fecerat,
350 2187 470 2251 quantus
494 2186 579 2253 possit
600 2188 654 2239 illic
672 2189 725 2239 alia
742 2203 799 2238 esse
815 2184 989 2252 significatio:
1016 2183 1119 2234 multos

92 2252 340 2300 insultaverat-
374 2258 435 2310 644.
452 2255 604 2321 irritatque
622 2260 714 2308 virum
733 2256 811 2319 telis;
836 2255 897 2304 ideo
915 2253 967 2305 hac
985 2258 1044 2302 arte
1062 2251 1120 2317 agit
1176 2317 1179 2321 θ

92 2319 178 2383 Iuno,
200 2326 228 2371 et
250 2314 371 2388 imagine
390 2322 497 2391 decepit
513 2325 652 2378 Turnum:
679 2325 744 2393 quia
768 2322 790 2373 si
808 2323 832 2374 ei
851 2338 882 2371 ex
900 2327 995 2390 aperto
1019 2321 1117 2386 fugam

86 2387 239 2451 suaderet,
261 2404 340 2440 more
358 2389 408 2440 viri
425 2391 518 2456 lortis,
539 2393 584 2444 ille
601 2397 682 2460 fugae
700 2398 883 2462 praeponeret
899 2397 1035 2451 mortem,
1052 2403 1118 2441 cunt

65 2506 70 2514 ,
94 2460 260 2522 praesertim
282 2458 339 2526 ipse
363 2459 584 2526 insequentibus
607 2463 679 2513 dicat
703 2466 767 2527 (12,
784 2460 871 2522 stol:
899 2457 989 2523 Usque
1014 2457 1121 2507 adeone

65 2528 69 2539 '
94 2527 171 2575 mori
195 2528 326 2576 miserum
351 2527 411 2576 est?
431 2554 463 2564 -
499 2528 564 2586 ¹648.
592 2531 750 2586 Turbidus3
773 2528 869 2589 elatus,
895 2524 1053 2588 arrogantia
1075 2531 1120 2573 tu-

93 2608 181 2643 mens.
199 2621 231 2631 —
272 2600 332 2651 649.
356 2595 479 2664 [Pactam
502 2615 575 2648 nuiio
599 2600 748 2666 passivum,
772 2604 815 2657 ut,
840 2594 923 2642 Pacta
947 2589 1060 2658 puelia]
1084 2617 1118 2630 -
1141 2658 1144 2663 Ι

94 2667 156 2719 650.
176 2661 269 2713 Tellus
287 2667 412 2727 quaesita
431 2682 479 2729 per
498 2668 604 2733 iindas;
623 2668 660 2716 sic
676 2665 741 2715 alibi
756 2665 905 2727 (12‚359.):
923 2661 964 2709 En
983 2676 1075 2726 agras,
1093 2671 1119 2708 es

94 2745 179 2795 quam
194 2733 263 2781 bello
274 2731 395 2782 Troiane
410 2734 503 2797 petisti
510 2732 673 2797 Hesperiam
686 2737 779 2783 metire
794 2733 895 2779 iacens.
911 2754 943 2764 -
960 2733 1020 2784 651.
1039 2727 1117 2777 Voci-

88 2797 192 2865 jerans
207 2803 346 2865 aequitum
363 2815 477 2866 sequens
488 2801 631 2852 clamabat.
660 2802 731 2861 Nam
746 2797 790 2865 (al.
799 2797 864 2854 non)
877 2805 940 2849 oute
954 2795 1026 2861 dixit,
1040 2802 1067 2847 et
1080 2797 1120 2845 sio

93 2873 136 2918 est
147 2875 261 2917 secutus,
275 2890 308 2904 -
342 2875 402 2924 652.
421 2865 478 2916 Nec
487 2869 566 2937 ferre
579 2879 646 2931 etc.;
662 2866 838 2939 proverbium
852 2872 904 2918 est:
925 2865 1005 2913 Venti
1017 2864 1121 2933 seruas

95 2936 218 3002 gaiidia,
242 2935 260 2986 i.
285 2954 324 2999 e.‚
344 2935 502 3003 laeta[n]tur
524 2940 667 2991 incassum.
707 2937 750 2987 Sic
774 2952 855 3002 supra
883 2937 933 2998 (9,
951 2939 1040 2990 siai:
1065 2932 1119 2982 Sed

96 3021 184 3053 auras
203 3005 308 3056 Omnia
326 3007 493 3070 discerpunt.
527 3008 597 3058 Item
617 3012 677 3072 (11,
694 3005 780 3069 795.):
800 3003 906 3054 Partem
924 3000 1015 3051 Mente
1034 3002 1125 3066 dedis,
1176 3038 1185 3045 -.
1205 3058 1206 3065 ,

94 3069 201 3139 partem
224 3075 351 3125 volucres
375 3075 505 3139 dispersit
530 3077 560 3125 in
585 3095 679 3127 auras.
696 3101 731 3116 -
747 3108 753 3116 „
772 3077 832 3133 653.
857 3071 1051 3132 Foramina·
1072 3069 1118 3120 ‘10⁴

96 3142 208 3210 scriptio
226 3159 275 3210 per
292 3148 457 3213 παρέκβασιν
473 3145 559 3196 facta:
582 3162 639 3197 non
663 3146 739 3214 enim,
760 3161 777 3195 a
800 3139 984 3209 superioribus
1009 3137 1119 3204 pendet,

95 3209 143 3260 sed
160 3213 302 3264 antedictis
324 3213 495 3280 adiungitur:
521 3219 551 3263 ut
575 3215 718 3281 (8,416.):
742 3211 841 3262 insula
865 3209 1010 3260 Sicanium
1036 3208 1133 3284 iusta·
1159 3259 1162 3263 ,
1209 3276 1211 3281 Ι

94 3279 181 3337 lasus.
215 3283 269 3331 Has
283 3289 375 3333 autem
390 3281 583 3349 descriptiones
595 3299 653 3333 esse
670 3289 745 3351 aptas
760 3288 787 3332 et
803 3294 880 3329 raras
893 3275 1031 3333 convenit:
1049 3281 1122 3324 sicut

96 3346 182 3398 etiam
198 3350 324 3401 Horatius
341 3352 421 3400 docet
436 3350 464 3400 iu
483 3359 541 3401 arte
560 3351 665 3421 politica
682 3350 744 3419 (15.)
761 3349 866 3400 dicem:
882 3345 1046 3408 *Purpureus
1063 3342 1135 3420 late*

96 3418 148 3482 qui
171 3420 313 3483 splendeat
337 3437 411 3469 unus
435 3431 460 3468 et
484 3421 553 3470 alter
578 3414 712 3470 Assuitur
734 3418 778 3484 (al.
804 3414 1131 3492 adsumiturlpannusp'

94 3492 160 3533 sunt
183 3488 256 3537 enim
284 3488 400 3539 ornatui.
438 3486 586 3556 Cre'pidine
610 3491 690 3551 saxi,
722 3486 831 3552 crepido
864 3490 905 3534 est
928 3482 1038 3547 abrupti
1061 3493 1119 3529 sarr

95 3551 219 3606 altitudo.
254 3557 427 3624 [crepidines
451 3558 535 3608 etiam
558 3557 726 3626 templorum
751 3553 805 3606 dici
830 3553 902 3619 ipsos
925 3555 1064 3628 suggestas
1088 3548 1128 3598 in·

96 3621 197 3687 quibus
213 3627 294 3678 aedes
316 3635 378 3677 sunt
400 3627 571 3691 conlocatae,
594 3635 622 3677 et
646 3625 800 3694 crepidines
823 3623 929 3671 viarum
952 3620 969 3669 i.
994 3636 1017 3669 e.
1040 3632 1120 3683 ipsae

96 3691 264 3746 eminentiae
280 3696 389 3750 dextrae
406 3694 604 3762 sinistraeque]
637 3695 708 3746 Sane
729 3694 782 3744 hoo
802 3692 862 3741 loco
880 3688 1024 3756 antiptosis
1045 3687 1119 3736 facta
1205 3716 1212 3726 =

96 3764 140 3810 est
155 3765 409 3830 propter'mstrum.
445 3763 600 3816 Coniuncta
625 3779 690 3831 ergo
715 3761 869 3824 crepidine,
892 3771 942 3825 pro
962 3755 1119 3823 crepidini.-

95 3830 167 3878 sicut
184 3832 274 3896 (301.);
291 3831 394 3883 Haeret
409 3835 475 3896 pede
492 3852 547 3901 pes,
564 3849 613 3902 pro
630 3834 702 3900 pedi.
736 3831 795 3898 [Est
811 3836 904 3878 autem
920 3825 1051 3874 ablativus
1066 3837 1118 3889 pro
1184 3835 1187 3839 ·

97 3897 208 3963 dativo·]
225 3927 258 3936 -
292 3907 352 3959 655.
374 3903 510 3962 Osinius3
535 3904 592 3968 ipse.
611 3910 650 3955 est
667 3916 748 3968 qirem
766 3914 847 3970 supra
864 3893 943 3972 (tto.)
960 3891 1118 3943 Massicum

95 3968 171 4017 dixit.
205 3970 293 4036 Ergo,
311 3980 342 4021 ut
356 3971 471 4021 diximus
490 3970 608 4041 [supra];
632 3971 653 4021 si
673 3970 794 4021 Osinius
811 3968 958 4039 'proprium
972 3968 1025 4025 est,
1041 3959 1121 4038 Ilias-

97 4041 176 4096 sicus
194 4039 404 4111 appellativum}
426 4041 491 4096 licet
506 4047 599 4112 posset
612 4039 688 4105 fieri,
711 4043 742 4087 ut
764 4032 948 4086 cluo-nomina
964 4031 1043 4081 unius
1059 4034 1130 4091 ειυς
