2454 4500
165 278 233 347 ua
428 266 567 331 sautu
588 266 941 363 construximus

167 462 196 513 a.
213 457 337 507 mam·
354 454 391 507 ai
428 454 458 507 u
478 426 581 507 eam
596 453 632 505 aa
653 461 733 505 am
755 452 833 505 nefas
856 460 900 504 ea
914 453 928 485 r
944 468 1018 505 nam
1041 461 1072 507 a
1091 452 1172 505 eam
1211 496 1214 503 .

164 528 237 581 illius
252 524 395 577 mandunt.
438 523 638 586 Lustralibus3
656 530 705 574 aiit
717 522 872 589 pinguibus.
907 521 1091 573 Moris-enim
1101 522 1175 584 uest

165 594 303 661 completo
316 593 404 645 lustro
426 592 541 661 pingues
556 589 680 643 victimas
697 593 799 643 offerre
816 591 963 642 Censores.
1002 592 1058 641 Aut
1073 591 1176 643 certeis

185 660 363 731 uiuqaennali
384 660 469 723 bove,
491 660 510 710 i.
527 677 551 710 e.
575 661 716 726 perfectae
738 659 842 710 aetatis.
875 658 952 708 Nam
971 658 1112 709 Homerus
1130 658 1178 709 dio't

167 737 177 797 (
203 749 263 795 .η,
284 727 377 789 314.)τ
409 730 485 780 Τοῖσι
510 723 540 779 di
564 723 631 796 ῥοῦν
654 725 769 795 ἱέρευσεν
792 723 859 791 ἅναξ
884 721 996 794 ἀνδρῶν
1022 722 1179 795 Ἀγαμέμνων

159 795 298 865 'Aprem
314 800 447 863 amatu]
480 815 496 847 ν
512 815 537 851 st.
554 816 580 848 τ.
597 794 622 849 l.
648 797 745 859 (Codd.
762 803 791 848 et
806 797 840 848 ul.
857 804 987 847 tanturm:
1006 799 1085 860 uias,
1101 815 1122 848 s.
1135 798 1180 847 alu

167 871 366 933 usnalrapovs
389 865 479 917 Guef.
496 866 517 916 Ι.
540 884 624 917 usaue
639 882 806 933 πενταηρον,
829 866 862 915 ll.
887 870 965 917 soNa
989 864 1180 930 eNraerapol'l

176 946 224 991 aut
238 937 303 1005 quia
324 951 375 1003 per
390 935 611 1001 quinquennium
631 934 696 1003 ipsis
713 935 830 986 victimis
853 933 921 984 urbs
945 935 1065 986 lustrari
1086 934 1180 986 solebu

164 942 217 1057 iuti
233 1004 345 1076 proprie
363 1003 495 1053 lustralia
519 1002 628 1066 dicunt,
650 1019 722 1069 quae
747 1002 850 1053 duabus
873 1002 1011 1053 manibus
1034 1002 1182 1071 acceptaia

164 1090 243 1127 mm
265 1071 388 1122 Pontifex
411 1070 454 1121 vel
476 1072 580 1121 Censor
602 1071 735 1140 imponit,
758 1088 829 1139 quiae
852 1086 910 1122 nou
933 1070 1140 1137 prosectarum]
1159 1095 1182 1107 -

164 1146 226 1201 184.
246 1139 395 1207 Postquam
411 1146 477 1200 etc.;
497 1147 649 1255 ¹postquam
674 1147 702 1190 et
724 1138 880 1192 necessitati
896 1139 1076 1190 satisfoetum
1096 1145 1182 1205 esus

164 1208 302 1278 voluptati.
325 1232 361 1245 -
401 1212 462 1264 185.-
485 1208 496 1274 [
524 1224 556 1256 ea
580 1207 735 1258 Euandrus
741 1231 751 1271 ,·
781 1214 830 1260 aut
851 1221 910 1257 non
935 1210 1060 1261 servavit
1081 1207 1181 1261 nominis

164 1277 390 1335 declinationems
413 1292 480 1326 nam
504 1274 637 1355 Euander
658 1277 739 1341 lucit,
767 1277 837 1328 sicut
858 1276 919 1341 ipse
941 1276 1014 1327 alibi
1037 1282 1100 1342 (10,
1115 1276 1182 1335 ml:

165 1345 260 1396 Pallas
277 1344 409 1394 Euander
434 1347 465 1393 in
492 1346 581 1409 ipsis3
610 1352 660 1395 aut
681 1345 791 1396 Graece
813 1343 977 1411 declinavit,
1003 1339 1021 1395 ὅ
1042 1340 1182 1413 Eiaudpotl

163 1412 231 1465 Non
247 1413 315 1463 lsaec
333 1414 479 1472 solennia3
502 1413 590 1463 varim
605 1428 661 1462 uno
677 1406 852 1482 pronomine.
885 1411 955 1463 Non
974 1412 1046 1463 baec
1070 1416 1181 1466 solennis

164 1484 263 1547 nolis3
280 1480 343 1530 Has
359 1498 393 1531 er
411 1497 485 1531 more
503 1482 603 1546 dapes;
622 1480 697 1530 hanc
714 1484 789 1532 tanti
806 1482 936 1530 numinis
955 1499 1050 1533 oram.
1070 1508 1105 1521 -
1136 1488 1180 1540 181.

168 1550 249 1601 Vana
275 1551 454 1617 superstitio,
486 1550 648 1617 superstitio
674 1557 716 1601 est
745 1551 831 1600 timor
853 1548 1014 1614 superfluus
1037 1558 1077 1602 et·
1091 1552 1180 1604 delirus

163 1620 218 1671 Aut
240 1619 277 1669 ab
299 1617 413 1669 aniculis
435 1617 510 1670 dicta
533 1620 712 1683 superstitio,
741 1620 806 1687 quia
829 1617 933 1668 multae
959 1622 1128 1685 superstites
1147 1634 1182 1688 pu

166 1692 285 1740 aetatem
314 1686 445 1748 delirant,
475 1694 504 1738 et
531 1687 630 1737 stultae
658 1694 730 1737 sunt.
776 1689 829 1737 Aut
856 1686 1014 1738 secundum
1037 1688 1182 1741 Lucretius
1220 1715 1224 1752 3

163 1760 207 1823 (1,
223 1756 292 1817 66.):
318 1754 484 1822 Superstitio
510 1767 550 1805 est
571 1757 794 1823 superstantium
818 1771 926 1817 rerum,
951 1755 972 1806 i.
990 1774 1016 1808 e.
1040 1756 1183 1809 coelestium
1220 1756 1224 1789 :

165 1832 194 1876 et
209 1824 379 1887 divinarum,
402 1823 439 1890 [i.
456 1821 499 1887 e.]
514 1839 585 1891 quae
601 1840 684 1892 super
700 1839 751 1875 uos
767 1831 854 1886 stant,
875 1821 970 1873 inanis
992 1832 1027 1876 et·
1046 1824 1184 1895 superfluus
1203 1852 1222 1867 ··

163 1892 257 1944 timor.
296 1891 455 1942 Veterumue
480 1895 582 1958 ignara
601 1893 731 1954 deorum3
755 1893 809 1943 duo
825 1890 900 1942 dicit.
932 1891 1002 1943 Nou
1017 1894 1084 1947 ideo
1099 1895 1184 1945 Hercu·

163 1961 221 2013 lem
237 1960 367 2024 colimus,
390 1968 437 2010 aut
454 1962 519 2027 quia
542 1976 656 2011 omnem
680 1961 846 2027 religionem
862 1975 960 2010 veram
985 1970 1133 2027 putamus,
1152 1964 1184 2010 sut

164 2030 230 2097 qtsia
252 2029 317 2080 deos
340 2031 500 2094 ignoramus
523 2031 658 2097 antiquos.
702 2030 822 2080 Catuuun
845 2027 923 2078 enim
952 2030 1051 2082 iuerat
1080 2038 1110 2082 et
1129 2025 1185 2096 apid

163 2097 341 2149 Athenienses
359 2105 389 2150 et
411 2097 483 2162 apud
499 2096 654 2161 Romanos,
677 2097 791 2165 nequis
813 2111 895 2147 novas
919 2096 1118 2151 introduceret
1139 2096 1185 2149 reli·

164 2168 266 2233 gioues.
304 2167 380 2216 Unde
398 2175 426 2216 et
442 2165 566 2216 Socrates
592 2166 737 2216 damnatus
761 2174 814 2216 est:
838 2173 871 2215 et
881 2165 1019 2219 Chaldaei
1044 2168 1090 2218 vel
1105 2169 1146 2231 (al
1160 2164 1184 2225 a)

162 2234 257 2284 ludaei
274 2244 336 2284 sunt
353 2234 422 2283 urbe
439 2235 552 2302 depulsi.
586 2233 666 2301 [Sane
684 2235 796 2300 quidam
812 2241 915 2284 veteres
942 2236 1011 2285 deos
1030 2235 1184 2286 Nouensiles

163 2304 265 2365 dicunt,
282 2303 380 2369 quibus
397 2303 497 2352 merita
512 2303 617 2352 virtutis
634 2304 761 2354 dederint
777 2302 895 2352 numinis
912 2302 1094 2370 dignitatem.
1127 2305 1185 2369 Ergo

163 2371 225 2421 ideo
244 2388 332 2433 vana,
356 2370 420 2437 quia
444 2371 599 2438 superstitio
623 2372 720 2438 ignara
743 2369 880 2432 deorum-l
899 2397 931 2407 -
970 2380 1034 2428 189.
1053 2373 1185 2424 Novanus

164 2439 300 2502 honores,·
325 2437 442 2489 detraxit
459 2457 502 2502 re,
524 2457 591 2489 nam
609 2457 777 2490 renovamus
794 2439 888 2488 debuit
905 2440 1016 2506 dicere,
1036 2458 1123 2509 quam
1138 2456 1186 2508 par·

162 2507 276 2559 ticulum
307 2507 373 2558 alibi
396 2507 512 2558 addidit:
543 2516 573 2557 ut
604 2513 653 2573 (3,
676 2512 766 2569 717.):
797 2507 866 2556 Fata
895 2511 1070 2559 renarrabat
1097 2512 1186 2560 divim

162 2575 260 2642 [Aliter
276 2575 306 2626 in
323 2584 422 2643 quarto
440 2575 534 2641 (250.):
562 2577 644 2626 Tecta
665 2590 826 2640 novantem,
850 2576 924 2626 dixit.
962 2577 1088 2644 Quidam
1104 2576 1188 2629 intelli·

162 2652 231 2712 gunt
248 2645 360 2714 proprie
378 2661 434 2696 esse
453 2662 571 2708 novare,
588 2646 746 2712 replicando
765 2653 857 2696 vetera
874 2646 1019 2710 quandam
1039 2649 1134 2699 facere
1149 2661 1186 2697 no

163 2713 290 2777 vitatem,
320 2730 352 2764 ac
383 2730 433 2780 per
463 2714 516 2763 hoc
541 2714 682 2766 excludere
706 2714 843 2764 vetustatis
867 2712 1032 2778 iniuriam]
1058 2744 1095 2752 —
1139 2720 1187 2771 llll

165 2781 335 2844 Suspensum
354 2782 426 2831 banc
445 2785 538 2849 aspice
557 2800 668 2847 rupem;
688 2783 788 2845 Cacus,
805 2781 958 2832 secundum
976 2784 1122 2848 fabulam,
1137 2781 1186 2832 l'ul-

162 2849 225 2900 cani
241 2849 312 2899 filius
329 2852 395 2915 luit,
420 2867 467 2902 ore
491 2853 586 2916 ignem
603 2869 635 2902 ac
652 2853 760 2901 fumum
778 2866 903 2912 vomens,
926 2851 977 2916 qui
995 2853 1091 2904 vicina
1107 2850 1186 2901 omnia

163 2917 352 2985 populabatur.
400 2919 505 2970 Veritas
533 2927 627 2971 tamen
657 2920 807 2970 secundum
836 2917 995 2981 Philologos
1036 2921 1143 2987 (Guelf.
1168 2919 1184 2967 1.

162 2985 286 3050 pbisiol.)
304 2995 331 3036 et
347 2987 490 3037 historicos
502 2988 555 3038 hoc
566 2989 659 3051 habet,
675 2989 749 3038 hunc
763 2988 844 3037 fuisse
858 2987 985 3038 Euandri
997 2989 1185 3056 nequissimum

162 3069 272 3103 servum
296 3072 327 3104 ac
351 3056 451 3105 iurent.
498 3057 629 3106 Novimus
652 3065 760 3119 autem,
792 3056 897 3105 malum
926 3072 945 3106 a
970 3055 1093 3109 Graecis
1116 3051 1185 3107 meir

162 3121 232 3172 dici:
255 3137 339 3188 quem
362 3122 401 3173 ita
423 3124 469 3174 illo
486 3132 612 3194 tempore
629 3125 749 3174 Arcades
772 3122 956 3189 appellabant.
993 3125 1098 3187 Foster
1112 3134 1186 3175 uuus-

160 3189 217 3241 tato
242 3199 357 3242 accentu
375 3191 466 3242 Cacus
490 3193 577 3243 dictus
603 3199 657 3244 est:
680 3201 712 3241 ut
728 3193 831 3243 Helene
854 3189 963 3241 Helena
989 3195 1039 3257 (V.
1066 3193 1185 3253 Helenus,

161 3257 281 3321 Helene-,-
307 3259 398 3310 Gueli.
414 3261 446 3312 Π.
470 3260 610 3325 Helenus,
633 3260 760 3322 Helena).
800 3262 898 3328 Ignem
921 3268 1020 3311 autom
1045 3262 1133 3313 dictus
1154 3266 1186 3311 est

161 3344 290 3391 vomere,
313 3328 388 3395 quod
404 3346 486 3398 agros
503 3331 567 3395 igne
584 3330 776 3399 populabatur.
809 3331 888 3378 Hunc
907 3344 986 3377 soror
1004 3345 1059 3382 sua
1077 3329 1185 3383 eiusdem

162 3397 282 3447 nominis
305 3397 433 3463 prodidit.
468 3399 546 3450 Unde
572 3400 655 3449 etiam
682 3399 810 3449 sacellum
834 3397 950 3459 meruit,
976 3396 1007 3447 iu
1028 3415 1086 3466 quo
1104 3399 1128 3450 ei
1143 3412 1185 3464 per

161 3464 286 3529 Virgines
310 3465 353 3530 (al.
377 3467 510 3532 pervigili
535 3469 615 3534 igne,
642 3468 725 3526 sicut)
750 3468 847 3517 Vestae
871 3465 1091 3518 sacrificabatur.
1130 3467 1184 3516 Sus·

160 3549 275 3598 pensam
295 3551 405 3599 rupem;
431 3536 508 3603 quasi
524 3536 582 3586 iam
598 3535 709 3602 iamque
725 3536 871 3602 lapsuram.
893 3558 926 3568 -
963 3539 1027 3590 193.
1047 3536 1183 3602 [acassa-

162 3599 198 3651 ub
216 3601 332 3666 vestigiis
348 3603 453 3655 scilicet
473 3600 640 3666 hominum]
658 3629 692 3641 -
733 3607 793 3659 194.
817 3600 1037 3666 Semibomiuis3
1065 3606 1127 3673 [hoc
1142 3599 1184 3665 est]

160 3667 273 3719 feritate
296 3672 426 3736 corrupti.
461 3671 576 3738 [Facies
585 3694 594 3733 ;
618 3687 669 3737 pro
695 3674 846 3721 universus
870 3669 971 3733 visus]
990 3696 1028 3708 —-
1066 3680 1123 3730 195.
1145 3670 1184 3720 ln-

163 3751 319 3801 accessum,·
350 3740 527 3810 participium
551 3741 609 3791 sine
632 3741 709 3792 verbi
734 3740 848 3806 origiue.
890 3740 1015 3789 Accedat
1042 3743 1118 3793 enim
1138 3755 1184 3791 nou

162 3804 294 3856 dicimus:
318 3809 365 3858 sed
381 3810 435 3860 tale
453 3817 507 3873 est,
530 3817 560 3858 ut
576 3810 696 3873 placita,
723 3820 822 3874 alipta,
846 3807 1040 3875 triumphata,
1058 3813 1181 3878 [regnata.

161 3873 199 3925 Et
220 3872 377 3941 quaeritur,
407 3876 467 3945 quis
490 3878 543 3928 boo
569 3886 632 3928 ante
657 3878 804 3944 Virgilium
827 3876 932 3927 dixerit.
959 3900 993 3912 -
1048 3884 1108 3935 197.
1133 3878 1181 3929 Ora

51 3986 56 3999 .
99 3946 104 3951 '
162 3945 273 4004 uirdm5
297 3940 350 3992 hoo
374 3953 414 3994 est
437 3944 546 4012 capita]
563 3972 597 3982 -
634 3951 692 4003 198.
712 3945 789 3994 Huic
814 3958 954 4007 rnanstro,·
979 3945 1056 3998 bene
1084 3945 1183 3997 mutarit

161 4010 207 4077 (sl.
224 4012 340 4078 uitauit,
356 4011 447 4067 Guelf.
463 4015 484 4068 1.
503 4013 595 4075 uitali)
622 4030 717 4067 casum
734 4013 855 4081 (Cacoll
881 4014 910 4068 iu
928 4028 985 4083 quo
1000 4015 1096 4069 inerat
1111 4013 1182 4081 turpis

193 4314 203 4323 a
278 4300 291 4335 f

265 4342 273 4359 ,r

248 4378 259 4387 ,.

242 4412 247 4421 s·

1212 622 1220 955 l

1218 1503 1226 1607 Ι
