2454 4500
95 259 161 325 1⁶2
356 248 497 314 sanan
517 240 901 343 counauranpuss

94 440 170 492 locis
199 437 341 487 maximas
372 434 496 486 leonium
527 437 627 502 copias
648 432 678 486 P.
702 432 736 485 R
764 448 858 502 pam
890 446 984 483 manu
1005 428 1038 500 fu

96 509 186 574 copia
207 522 288 569 vero)
310 505 428 556 aliarum
449 519 548 569 rerum
563 512 613 556 est
629 527 666 542 ·-
699 508 760 561 565.
777 500 957 579 (Deseruere
980 517 1038 551 omn

93 578 185 648 sassi;
201 575 310 631 dolore;
331 589 383 622 vox
398 587 456 623 non
471 573 665 633 aecusationi23
687 573 727 622 sic
743 572 822 623 euim
839 587 870 622 se
886 576 1005 639 prugat,
1019 580 1038 618 u

97 661 156 699 non
172 644 272 714 culpet.
305 640 431 692 Dicendo
448 649 543 692 autem
560 641 680 708 defessi,
702 640 789 692 etiam
812 639 877 690 illos
895 646 1038 702 exeunt„

46 756 53 765 ,
98 713 290 765 bardesanus
314 717 362 762 est.
379 735 414 748 -
448 714 508 768 566.
525 710 647 777 Ignibus
664 727 750 777 aegro
767 706 882 770 dedam
907 707 1038 779 mauu

96 799 160 834 sum
175 782 206 832 hi
221 795 315 832 versus
330 780 458 842 tuenmt,
473 793 541 846 quos
558 781 652 830 Tucca
668 787 698 830 et
714 780 801 829 Varus
818 776 901 828 obliti
918 784 994 828 sunt:
1014 773 1038 822 lo

98 853 168 903 odeo
193 857 244 900 etc.
267 863 358 899 versus
384 846 460 898 enim
480 848 568 898 refert
589 850 604 880 *
625 863 712 914 usque
734 847 830 898 illum:
856 844 946 896 Talia
969 844 1038 895 iacta

96 921 140 1043 Pu
161 916 260 986 quibus
283 920 318 980 (v.
335 932 409 986 supr.
426 930 489 982 pag.
508 915 546 980 2.)
562 917 617 967 hae
639 916 732 966 variae
750 915 900 967 lectiones:
921 930 947 963 v.
966 912 1038 972 5724

140 988 173 1039 Π.
197 998 223 1036 et
245 984 382 1036 Danaum
403 988 525 1051 poenus.'
547 989 608 1042 574
637 983 714 1034 Fuld.
736 984 823 1051 Argis
848 985 909 1034 inv.
934 989 1038 1046 (ἤδη

97 1053 249 1121 triumpho.
274 1058 335 1111 584.
353 1053 435 1103 habet
450 1052 518 1102 haec
534 1056 663 1104 victoria.
690 1057 751 1110 587.
774 1051 907 1104 Guelfil.
932 1058 962 1103 et
981 1048 1038 1103 ull

94 1126 211 1245 Ιἑιιηιιιις
234 1121 377 1173 ῦαεῑὶἩ.
415 1138 517 1172 umam.
540 1128 601 1180 588.
619 1121 695 1172 Fuld.
719 1133 808 1171 ments
832 1116 1038 1238 Ιοᾳιωῑηιτὲῑ·4

124 1209 171 1242 um
190 1189 262 1241 milii
285 1207 330 1251 τις
353 1207 385 1240 or
405 1206 422 1240 ο
440 1199 495 1242 est:
518 1206 585 1240 cum
605 1189 677 1240 mihi
699 1206 729 1240 se
753 1189 906 1241 videndam
930 1204 963 1239 oc
1024 1199 1037 1234 ο

97 1278 157 1316 nou
180 1267 245 1311 ante
266 1266 326 1310 tam
349 1259 431 1310 clara.
456 1258 563 1325 (Guelf.
578 1260 600 1310 I.
617 1259 693 1310 add:
720 1257 892 1325 Videndum,
916 1254 999 1326 qinalss
1016 1267 1038 1324 pt

99 1329 213 1381 Veneris
237 1343 296 1379 ease
319 1327 424 1395 effigies
445 1327 477 1379 in
492 1326 567 1379 luce.¹
595 1326 757 1394 Dextraquo
780 1326 875 1393 prela,-
900 1327 994 1377 dmm
1011 1325 1038 1390 sit

99 1396 147 1453 hic
168 1410 348 1466 prosperam,
370 1399 389 1448 i.
413 1414 437 1447 e.
461 1396 497 1448 ad
519 1390 606 1446 bonas
629 1403 722 1465 partes
745 1395 859 1447 deduxit
879 1412 919 1447 ea
938 1410 971 1445 co
1002 1391 1038 1442 'rt

100 1482 127 1520 o.
145 1464 231 1525 mox.)
248 1491 284 1503 -
318 1471 380 1523 590.
396 1464 431 1513 In
448 1465 526 1528 luco3
546 1465 578 1514 in
593 1462 706 1529 nimbo,
727 1464 777 1532 qui
800 1479 869 1514 cum
882 1463 989 1517 numini
1004 1476 1029 1523 ψ

100 1552 152 1605 per
169 1542 218 1585 est.
234 1558 270 1570 —·
304 1537 365 1591 591.
381 1531 530 1601 (confossa
548 1534 643 1596 deam;
665 1532 756 1584 divino
772 1531 886 1593 habitu;
909 1532 974 1601 quia
992 1530 1038 1594 in}

102 1600 247 1657 temnitis
269 1597 367 1654 habitu
397 1618 428 1652 ae
451 1601 600 1653 obtulerat:
637 1599 742 1668 Qualis
766 1614 793 1652 et
816 1613 942 1669 quanm
968 1597 1038 1668 qualit

100 1671 239 1742 quantitas
256 1669 310 1721 hoc
325 1670 389 1721 loco
406 1669 442 1722 ad
457 1669 693 1740 pulchritudinem
708 1669 850 1740 pertinet.)
866 1694 904 1708 -
939 1673 996 1728 592-
1008 1664 1038 1716 D*

101 1755 154 1810 ouo
171 1738 356 1807 prehensum
379 1755 414 1790 ea
436 1739 561 1809 corporis
585 1746 667 1807 parte
690 1754 744 1807 qua
760 1737 884 1791 Helenae
908 1737 993 1789 ictum
1005 1734 1038 1786 mi

102 1818 165 1872 tur,
191 1823 263 1876 quae
285 1808 316 1858 iu
338 1807 444 1875 templo
460 1808 558 1860 Vestae
579 1807 671 1858 stabat
687 1814 794 1859 oruata.
827 1807 866 1857 Ut
888 1805 966 1858 eninr
986 1804 1038 1873 iu]

100 1868 235 1942 anima,
252 1875 358 1944 aliquos
374 1876 441 1926 hinc
457 1889 549 1927 versus
565 1880 674 1927 constat
690 1892 748 1927 esse
764 1871 901 1940 sublatos,
916 1892 970 1929 uec
983 1874 1038 1926 inu

75 1947 176 2001 .Nam
192 1951 221 1996 et
342 1952 384 1995 est
411 1942 472 1995 viro
487 1945 569 2009 forti,
591 1952 691 1996 contra
706 1945 845 1996 seminam
862 1944 962 1997 irasci:
983 1949 1038 1996 eto

99 2014 178 2067 rium
194 2019 236 2064 est
251 2012 294 2063 He
304 2028 389 2064 enam
405 2011 435 2063 iu
452 2009 537 2064 domo
552 2013 659 2064 Priami
674 2013 773 2079 fuisse,
787 2012 829 2063 illi
842 2013 906 2078 rei,
929 2030 998 2083 quae
1009 2010 1034 2063 iu

102 2080 186 2147 (495.)
209 2080 324 2132 dicitiu:
347 2080 413 2148 quia
428 2079 459 2132 lu
476 2082 559 2132 domo
577 2089 619 2133 est
634 2082 746 2132 inventa
762 2080 920 2148 Deiphobi,
942 2089 1038 2153 postque

101 2161 210 2202 summa
226 2163 291 2200 arce
314 2157 458 2201 vocaverat
474 2149 604 2203 Graecos.
637 2150 709 2200 Hinc
733 2154 827 2201 autem
851 2166 946 2202 versus
969 2166 1038 2202 esses

102 2225 159 2283 tos,
183 2218 296 2268 Veneris
317 2217 402 2268 verba
419 2219 624 2283 demonstrant,
649 2218 778 2271 dicentis:
803 2217 870 2271 Non
889 2220 945 2269 tibi
962 2216 1038 2286 Tynu

95 2283 192 2356 socies
219 2286 315 2336 inviso
331 2280 487 2338 Lacaenas.
522 2286 611 2349 (Sane
634 2287 748 2354 quidam
772 2288 868 2338 invisa
890 2285 1038 2356 figurated

102 2362 214 2426 putant3
231 2355 362 2406 adserunt
379 2357 455 2408 enim
472 2355 508 2407 ad
522 2357 638 2407 Troiam
654 2356 788 2407 Helenam
803 2371 861 2408 non
878 2358 992 2421 venisse,
1004 2355 1038 2406 ie

102 2424 189 2475 risam
213 2440 229 2473 a
253 2423 397 2490 Troianis,
421 2425 501 2493 quia,
523 2440 588 2476 cum
610 2440 674 2475 eam
697 2426 789 2495 rapuit
811 2426 903 2490 Paris,
928 2427 964 2478 ad
985 2427 1038 2492 eleg:

103 2493 244 2560 profectus
261 2492 379 2558 dicitur,
401 2501 508 2544 mutato
524 2493 631 2545 itineris
648 2509 745 2557 cursu,
768 2512 804 2545 ne
822 2513 839 2546 a
856 2495 973 2546 Graecia
987 2496 1038 2546 fora

103 2574 133 2613 te
162 2559 282 2611 rentibus
305 2561 603 2630 comprehenderem
628 2561 670 2612 ibi
692 2580 716 2613 a.
732 2563 832 2615 Proteo
855 2573 985 2634 receptus
1005 2562 1038 2614 hu

103 2577 161 2681 Sel*
174 2644 239 2678 cum
254 2628 359 2681 Helena
376 2633 475 2682 Proteo
498 2646 577 2682 suam
593 2639 732 2683 narrasset
746 2628 896 2698 iniuriam,
921 2631 958 2685 ab
974 2646 1038 2685 -aou

103 2705 160 2759 est3
186 2703 246 2746 tum
263 2697 322 2748 sine
346 2717 382 2752 ea
398 2699 474 2750 Paris
490 2700 566 2750 venit
587 2699 622 2750 ad
640 2700 762 2750 Troiam.
797 2701 902 2753 Graeci
926 2710 1038 2768 auum]

103 2772 160 2827 tes,
184 2763 257 2831 quod
278 2767 462 2820 occtiltaretur
486 2786 502 2820 a
519 2767 662 2832 Troianis,
686 2775 716 2819 et
739 2769 844 2821 nollent
860 2770 915 2820 sibi
933 2787 995 2823 eam
1008 2782 1038 2820 ru

104 2832 264 2887 deleverunt
280 2832 396 2888 Troiam
412 2839 529 2903 frustra,
553 2854 619 2888 cum
635 2837 751 2888 Troiani
767 2855 831 2890 vere
848 2839 989 2905 dicerent,
1008 2854 1031 2890 se

105 2916 172 2955 uam
189 2915 246 2953 nnn
267 2901 375 2958 vidisse.
411 2906 462 2956 Alii
479 2907 587 2970 dicunt,
609 2923 625 2955 a
642 2906 741 2957 Proteo
765 2908 880 2974 quidem
897 2909 989 2960 Paridi
1003 2905 1038 2958 lle

105 2970 257 3033 sublatam,
290 2978 318 3021 et
342 2971 507 3042 qtubsisdam
530 2974 679 3044 disciplinis
708 2976 845 3029 fantasma
874 2978 905 3029 in
931 2977 1038 3029 similitu

104 3035 227 3090 Helenae
251 3038 344 3094 Paridi
372 3043 481 3107 datam,
511 3040 585 3112 quod
609 3043 695 3094 etiam
717 3044 873 3095 Homerum
895 3047 991 3098 volrmt
1014 3052 1038 3094 ta

105 3104 256 3171 subtiliter,
281 3107 330 3159 ubi
345 3112 450 3164 Aeneas
473 3130 489 3164 a
512 3113 640 3180 Neptuno
658 3115 671 3144 *
688 3115 811 3183 apposita
834 3113 910 3167 nube
934 3115 1038 3167 liberato

105 3180 167 3234 593.
191 3174 295 3237 Rosam
322 3180 446 3244 pulchro.
486 3182 653 3250 Perpetuam
677 3182 818 3251 epitheton
839 3183 966 3236 Veneris.
1002 3181 1038 3249 (Gt

105 3244 232 3296 Pulchro.
274 3244 395 3312 Quidam
417 3249 641 3315 reprehendunt,
672 3266 729 3301 non
760 3251 918 3304 convenisse
950 3252 980 3306 in
1006 3246 1038 3302 rui

61 3330 66 3341 ¹
106 3313 188 3365 exitio
210 3313 342 3382 civitatis,
368 3319 507 3370 Venerem
529 3332 611 3370 roseo
634 3332 682 3371 ore
706 3316 781 3389 loqui
803 3335 868 3369 cnm
885 3321 958 3387 filio,
981 3321 1038 3390 igno

106 3379 160 3431 hoa
186 3380 327 3451 epitheton
344 3388 445 3438 Veneri
469 3402 527 3438 esse
551 3391 742 3456 perpetuum.)
785 3387 923 3456 Insupsr3
947 3405 1035 3461 super,

107 3449 282 3501 continuerat
301 3453 402 3572 pesum}
418 3478 453 3491 —·
487 3457 548 3514 594,
566 3454 739 3519 Indomitos:
763 3472 888 3524 magnas.
906 3486 941 3498 -·
976 3463 1029 3520 59&

101 3513 200 3584 suris‚·
219 3533 285 3570 nam
315 3535 381 3574 tuor
398 3532 453 3588 est,
468 3524 560 3574 virum
576 3525 678 3577 sortem
695 3536 778 3579 ruere
793 3526 824 3577 in
841 3528 967 3581 mulieris
981 3529 1038 3581 intel

107 3586 167 3648 (sut
190 3588 258 3652 quid
275 3584 376 3657 furis,
404 3607 469 3643 oum
493 3589 625 3656 extinctos
647 3597 734 3646 socios
756 3595 829 3648 vides
851 3596 922 3650 velle
945 3611 1038 3668 pugnas

108 3650 185 3703 bono
200 3655 284 3733 verbo
303 3672 365 3710 usus
381 3667 439 3725 est,
454 3660 545 3712 virum
559 3661 664 3714 fortem
682 3681 698 3714 a
714 3663 820 3734 proelio
835 3679 978 3718 revocans.
1008 3666 1038 3718 Et

108 3721 234 3773 nonnulli
250 3722 410 3780 admirantis
426 3729 520 3780 volunt
536 3743 603 3794 esse,
618 3747 675 3783 non
691 3732 907 3803 interrogantis.)
942 3735 1036 3789 Nostri

108 3796 137 3839 et
159 3789 212 3839 hoc
234 3790 310 3859 loco,
333 3804 364 3847 ut
385 3797 469 3864 solet,
491 3812 577 3848 uuam
600 3815 629 3850 se
646 3801 681 3852 tle
697 3803 808 3855 Aeneae
827 3803 937 3857 familia
948 3806 1029 3859 lacit:

107 3861 195 3919 ml:
221 3857 313 3913 Unius
331 3866 364 3916 oh
384 3868 457 3917 iram
473 3867 629 3933 prodimur.
664 3867 765 3922 Nostri
781 3881 875 3925 autem
894 3880 924 3926 et
941 3877 1026 3928 vestri

108 3938 156 4004 rus
171 3924 283 3992 ponatis
299 3939 341 3982 est
355 3935 498 4003 antiquus,
514 3941 545 3987 et
561 3951 594 3987 ex
610 3936 721 3990 Graeco
739 3941 923 4009 descendens,
938 3938 1038 3996 amitti

106 4007 146 4043 1²³
173 4000 226 4046 Θή·
243 4000 297 4053 mit
320 4006 349 4052 et
378 4005 424 4055 tis.
467 3999 538 4055 Non·
560 4011 603 4055 ent
625 4014 720 4059 autem
742 4010 938 4079 possessivum,
970 4013 1038 4067 sed*
