2454 4500
145 267 212 330 222
411 262 551 325 saavn
574 215 931 327 conmonuemus
960 273 962 277 ’

146 447 283 501 malorum
302 457 329 503 et
348 448 502 512 bonorum3
526 449 653 504 amultia
669 452 734 502 sane
753 448 921 520 amphibolia
938 458 1070 520 putatum
1098 460 1187 525 potest

144 518 221 571 enim
239 527 286 570 aut
302 519 458 571 catholicon
481 536 539 572 esso
563 518 704 589 epitheton
723 519 824 571 Graiis
861 521 904 572 rel
928 523 967 573 eis
991 522 1186 576 habitantibus

144 587 254 654 Graiis,
275 590 323 655 qui
347 587 415 645 mali
437 596 514 655 sunt,
538 597 568 639 ut
593 595 634 638 cst
658 587 755 654 (G.‹3,
773 559 856 651 28212
879 590 959 640 Illud
983 608 1067 659 saepe
1094 593 1184 642 molae

145 659 234 722 legere
260 655 414 720 novercae]
437 671 473 694 -e
505 661 577 714 -399,
603 654 660 706 Hic
683 663 749 719 etc.;
776 656 879 722 Locri,
902 659 969 710 socii
993 658 1087 711 Aiacis
1112 658 1184 712 Oilei
1206 683 1210 688 ·

144 728 272 790 luertutt,
301 726 476 795 Epizephyrii
507 733 535 777 et
567 725 659 776 (leoliz
691 725 738 776 sed
767 722 830 792 post
857 732 1055 794 tempestatem
1080 729 1184 779 montis

145 793 284 860 Capherei
308 793 408 861 (Guelf.
425 795 494 844 1..11.
513 793 653 860 Cophen),
682 792 859 863 Epizephyrii
881 788 1034 848 tenuerunt
1056 796 1183 848 Brutios:

145 871 174 916 et
198 863 248 912 hos
271 879 344 915 nunc
368 860 442 914 dicit
477 862 555 914 Ozoli
577 876 641 914 vero
664 869 814 912 tenuerunt
835 864 1020 931 Pentapolim*
1036 864 1142 931 (Guelf.
1161 866 1181 919 1.

143 930 286 999 Lybiam):
309 932 374 983 inde
392 937 432 982 est
449 933 508 996 (11,
525 929 609 991 265.):
627 928 766 998 Lybicove
784 930 944 993 habitantes
961 934 1045 984 litore
1062 929 1179 985 Locros.

21 1014 24 1021 ·
91 1006 95 1013 “
143 1000 303 1066 Quinetiam
326 1001 360 1052 de
378 999 469 1050 Ozolis
484 999 608 1067 iegitur,
632 999 706 1066 quod
731 999 816 1050 delati
834 1000 983 1052 Tinneiam
1008 1001 1179 1065 (L..·Tann.)

143 1066 257 1119 ulterius
274 1067 453 1132 accesserint,
478 1075 506 1119 et
528 1067 667 1118 civitatem
689 1066 877 1134 condiderint,
899 1086 971 1137 quae
994 1084 1073 1121 nunc
1089 1070 1181 1122 Ozolis

143 1137 246 1203 (Guelf¹
262 1139 295 1188 Π.
317 1136 400 1188 1212.
424 1142 452 1188 et
474 1136 509 1188 al.
529 1135 607 1187 Uzel.
626 1136 687 1187 Vos.
707 1135 797 1188 Utzal.
821 1137 913 1189 Guelf.
930 1140 951 1188 Ι.
974 1138 1057 1191 Fabr.
1084 1139 1179 1202 Oeal.)

142 1205 250 1256 dicitur.
286 1203 410 1272 Narycii
427 1213 520 1256 autern
537 1223 553 1257 a
569 1204 630 1257 loco
646 1204 714 1257 dicti
731 1213 794 1256 siant
816 1206 972 1274 provinciae
989 1222 1065 1258 suae.
1101 1205 1178 1258 Ozoli

143 1290 207 1325 vero
225 1291 242 1324 a
258 1280 356 1344 putore
373 1272 479 1342 paludis
492 1272 612 1332 vicinae3
630 1273 706 1339 [nam
724 1263 777 1334 ὄζω
796 1281 837 1324 est
853 1283 945 1343 puteo.
969 1272 1033 1327 'Alii
1045 1275 1179 1342 Narycios

143 1341 296 1409 Opuntios,
320 1343 432 1403 eoadem
457 1347 486 1393 et
502 1341 696 1408 Epicnemidas
720 1342 827 1407 dicunt,
851 1360 972 1412 namque
983 1342 1068 1421 prius
1086 1343 1179 1410 Nerix,

143 1410 238 1480 Opuns
264 1418 360 1480 postea
389 1412 477 1476 dicta,
506 1411 603 1463 eadem
629 1418 723 1462 autem
749 1417 776 1462 et
799 1410 1012 1479 Epicneminina
1043 1410 1178 1482 (Epicne-

144 1479 240 1542 midia)
257 1487 377 1531 vocatur.
412 1479 461 1530 Est
478 1480 553 1529 enim
568 1478 679 1530 Cnemis
696 1479 929 1548 promontorium,
945 1484 975 1532 in
984 1494 1046 1549 ,quo
1062 1479 1179 1550 Opuntii

141 1548 226 1600 Locri
270 1547 331 1598 ositi
347 1556 423 1612 sunt,
447 1566 464 1599 a
482 1547 580 1614 qiribus
604 1546 743 1616 originem
765 1546 880 1599 trahunt
898 1549 946 1616 qui
962 1550 993 1600 in
1009 1544 1091 1600 Italia
1106 1557 1177 1614 stmt,

141 1627 169 1670 et
187 1633 257 1687 appe
278 1623 360 1668 antur
377 1615 569 1687 Epizephyrii,
593 1616 667 1683 quod
684 1616 842 1686 Zephyrum
858 1617 1084 1686 promontorium
1099 1633 1178 1683 voca·

141 1692 186 1738 tur
205 1702 222 1737 a
239 1683 368 1751 Graecis,
390 1685 421 1737 in
439 1701 492 1753 quo
517 1689 580 1734 srrnt
602 1684 707 1736 conditi
724 1685 822 1749 Locri,
843 1684 891 1752 qui
913 1687 944 1736 in
961 1684 1084 1738 Graecia
1105 1693 1176 1738 sunt

140 1756 175 1807 Hi
199 1768 263 1806 vero
289 1754 336 1822 qui
358 1756 432 1806 iuxta
455 1753 577 1820 Delphos
599 1752 706 1818 colunt,
737 1752 815 1805 Ozoli
844 1760 1053 1823 nuncupantur,
1082 1750 1139 1807 sive
1159 1772 1177 1806 a

139 1826 246 1878 foetore
263 1823 398 1886 draconis,
414 1837 498 1890 quem
515 1819 609 1891 Apollo
626 1820 782 1887 interemit,
798 1835 846 1873 seu
864 1820 938 1889 quod
954 1836 1051 1875 uxores
1070 1836 1176 1887 eorrun,

140 1891 253 1944 Veneris
270 1891 325 1958 ira,
348 1891 413 1942 viris
431 1892 484 1942 suis
501 1890 606 1945 fuerint
621 1890 752 1942 foeditate
777 1889 844 1942 tetri
866 1891 959 1942 odoris
981 1891 1103 1955 invisae3
1128 1893 1175 1960 qui

139 1970 233 2014 autem
249 1961 368 2028 Libyam
384 1959 467 2011 delati
484 1966 564 2022 sunt,
579 1957 748 2011 Nasamones
772 1956 959 2030 appellantur,
982 1966 1014 2009 ut
1030 1960 1174 2013 Cornelius

140 2029 251 2081 Tacitus
267 2032 368 2094 refert,
394 2027 504 2079 oriundi
529 2045 546 2078 a
561 2027 702 2095 Naryciis,
728 2030 802 2095 qarod
826 2024 866 2078 ibi
890 2027 1024 2093 invenies,
1047 2027 1098 2081 ubi
1120 2030 1174 2082 ait:

139 2097 279 2164 Lybicove
304 2096 462 2148 habitantes
487 2098 568 2146 litore
593 2093 724 2161 Locren]
749 2101 795 2132 -·“
824 2099 885 2151 400.
909 2096 1084 2148 Sallentinos
1109 2105 1175 2157 ena

139 2168 326 2217 Sallentinum
351 2166 583 2236 promontorium
596 2165 692 2216 ltaliae
714 2174 755 2216 est
778 2161 867 2227 [inter
885 2165 1044 2216 Calabriam
1063 2173 1091 2217 et
1107 2166 1175 2217 Bru·

139 2233 210 2298 tion]
245 2236 317 2285 Nam
341 2243 372 2283 ut
396 2236 435 2284 ait
451 2233 602 2284 Sallustius:
628 2234 730 2283 Omnis
750 2234 836 2282 ltalia
857 2246 951 2282 coacta
970 2236 1002 2283 in
1020 2239 1173 2301 angustias

138 2303 260 2369 finditur
287 2303 379 2370 in[ter]
406 2305 460 2356 dito
485 2304 694 2368 promontoria,
719 2303 848 2351 Brutium
874 2314 898 2350 et
920 2303 1120 2353 Sallentinum.
1139 2316 1172 2342 -'·

138 2377 198 2429 401.
218 2370 336 2437 Lyctius
353 2372 534 2431 Idomeneus;
558 2388 574 2420 a
591 2369 693 2435 Lycto,
711 2372 810 2421 Cretae
828 2370 949 2435 ciuitate,
967 2370 1041 2423 uude
1059 2381 1173 2442 propter

138 2442 323 2509 supradictam
346 2441 437 2508 pulsus
462 2445 503 2490 est
526 2454 644 2491 causam.
698 2440 749 2505 [Aa
772 2439 881 2489 Italiam
904 2440 1022 2505 vertisse,
1053 2457 1086 2491 ac
1111 2450 1173 2508 post

137 2508 237 2560 dicitur
262 2509 292 2560 in
308 2511 398 2560 Asiam
423 2510 560 2577 profectas
579 2506 730 2558 decessisse.
767 2508 820 2557 Alii
841 2508 914 2557 hunc
931 2524 1092 2575 regressum
1109 2526 1173 2561 con·

136 2576 235 2627 sedisse
260 2576 332 2648 apud
350 2578 506 2646 Apollinem
530 2576 654 2626 Clarium
677 2575 807 2640 tradunt]
842 2576 934 2625 Ducis
952 2579 1090 2628 Meliboei
1108 2578 1171 2628 Phi-

138 2647 266 2711 loctetae3
291 2646 478 2709 aMeliboea,
503 2644 611 2696 civitate
629 2642 803 2708 Thessaliae,
820 2644 853 2695 de
871 2661 925 2710 qua
941 2646 1002 2694 suit.
1036 2646 1172 2699 Meliboei

136 2731 205 2781 ergo
227 2713 316 2780 [dixit]
341 2730 392 2782 pro
410 2715 616 2764 Meliboeensis.
635 2737 670 2749 -
703 2718 766 2768 402.
790 2713 918 2762 Subaixa
944 2713 1047 2763 Petilia
1074 2733 1171 2780 mur03

136 2782 251 2850 [civitas]
267 2783 357 2836 cincta
375 2797 456 2833 muro
474 2782 598 2833 modico:
617 2789 648 2830 ut
665 2785 708 2847 (lt,
726 2783 814 2843 211312
833 2782 998 2847 Criaensqne
1016 2785 1171 2852 tundentem

136 2852 282 2902 Siebnixus
302 2866 380 2919 rapto
399 2854 513 2917 potitur.
552 2849 651 2899 Petilia
678 2850 810 2900 dictave]
828 2845 882 2901 dol
900 2847 950 2901 aab
966 2855 1110 2905 πέτασθαι
1126 2856 1169 2922 (al,

134 2923 259 2976 22122211.)
276 2921 294 2971 i.
312 2940 335 2972 e.
354 2924 465 2971 volare:
485 2919 558 2986 quod
577 2925 684 2990 captato
703 2920 819 2984 augurio
838 2927 879 2969 est
896 2921 1020 2971 condita:
1037 2922 1081 2973 vel
1098 2924 1171 2993 quod

134 2998 195 3059 post
213 2984 333 3041 reditum
349 2990 392 3040 Ilii
417 2989 461 3052 (al.
481 2990 609 3038 relictum
628 2985 740 3049 ilium),
764 3003 818 3054 quio
837 2988 987 3039 discebatur
1012 3007 1028 3040 a
1046 2990 1172 3054 Graecis,

134 3075 198 3111 eam
216 3058 310 3127 petivit
327 3057 472 3109 civitatem.
509 3056 609 3105 Petilia
627 3069 691 3106 sane
709 3054 820 3106 numeri
834 3057 1041 3123 estsingularis.
1079 3060 1171 3127 [ll'lulti

95 3134 97 3139 ’
133 3129 172 3179 ita
196 3126 366 3192 intelligunt,
392 3142 448 3176 non
474 3123 639 3174 Philoctetae
664 3123 781 3186 Petilia,
805 3125 851 3175 sed
877 3124 1045 3175 Philoctetae
1072 3146 1169 3192 muro;

134 3214 200 3248 nam
219 3197 257 3247 ait
274 3195 358 3258 Cata,
381 3213 397 3246 a
414 3193 578 3258 Philoctete,
602 3192 711 3243 condita
728 3193 896 3259 iampridem
912 3195 1033 3259 civitate,
1057 3212 1170 3249 murum

132 3273 241 3316 tantuin
257 3266 369 3316 factum.
405 3263 458 3314 Alii
476 3264 628 3312 subnixam
645 3261 707 3311 ideo
726 3261 877 3327 accipiunt,
901 3262 966 3329 quia
982 3264 1113 3334 imposita
1131 3275 1170 3318 est

133 3334 237 3384 excelso
262 3348 359 3395 mur0,
382 3337 414 3380 ut
431 3331 539 3382 Coelius
562 3330 708 3380 historicus
726 3328 783 3391 ait]
820 3329 980 3381 Philoctetes
998 3342 1094 3386 atatem
1117 3334 1170 3386 fuit

133 3402 258 3453 Poeantis
283 3401 372 3468 (codd.
395 3399 538 3466 Phyantis,
563 3397 691 3448 Phiontis
715 3414 734 3448 s.
752 3395 850 3464 siant.)
873 3399 958 3465 filius,
981 3403 1107 3453 Herculis
1124 3419 1169 3453 co-

133 3485 206 3520 mes:
226 3486 309 3537 quem
323 3467 461 3532 Hercules,
478 3484 542 3516 cum
563 3465 706 3519 hominem
722 3467 752 3517 in
765 3464 835 3517 Oeta
849 3477 942 3535 mente
956 3470 1109 3541 deponeret
1122 3473 1166 3536 (al.

135 3554 197 3586 cum
217 3537 310 3603 ignens
335 3536 393 3586 sibi
420 3536 450 3586 in
470 3537 539 3587 Oeta
566 3549 655 3586 monte
681 3535 883 3600 componeret),
908 3538 1003 3606 petiit,
1027 3558 1073 3592 ne·
1088 3540 1170 3599 alicui

133 3607 175 3657 sui
193 3607 318 3674 corporis
335 3604 466 3672 reliquias
491 3603 634 3655 indicaret.
669 3603 710 3655 De
729 3621 783 3671 qua
801 3621 832 3655 rc
850 3622 914 3655 eum
938 3609 1032 3659 iurare
1056 3604 1170 3676 compu-

134 3674 181 3723 lit:
208 3683 237 3724 et
261 3673 287 3724 ei
304 3690 355 3740 pro
374 3687 491 3725 nrunere
509 3672 585 3724 dedit
602 3672 712 3739 sagittas
730 3673 833 3739 hydrae
851 3673 913 3724 felle
930 3673 1036 3727 tinctas.
1072 3677 1169 3729 Postea

133 3741 255 3792 Troiano
273 3741 345 3792 bello
362 3759 405 3793 res
427 3756 524 3793 onsunr
543 3748 591 3805 est,
607 3741 712 3807 sagittis
724 3741 846 3792 Herculis
865 3757 931 3807 opus
947 3761 1004 3795 esse
1017 3743 1053 3795 ad
1067 3746 1169 3798 Troiae

133 3810 370 3878 expugnationem.
403 3756 532 3864 inventus
551 3809 643 3877 itaque
662 3810 835 3875 Philoctetes,
852 3827 916 3860 cum
934 3812 969 3862 ab
988 3829 1021 3864 eo
1038 3814 1170 3867 Hercules

133 3886 326 3945 quaereretur,
350 3885 378 3930 et
394 3880 484 3938 primo
502 3885 619 3944 negaret
634 3894 662 3928 se
680 3879 765 3942 scire,
789 3878 836 3929 ubi
853 3888 923 3930 esset
938 3882 1086 3934 Hercules:
1109 3890 1170 3935 tan·

133 3947 197 3998 dem
215 3948 351 3999 confessus
369 3953 409 3998 est
431 3955 573 3997 mortuum
598 3962 665 3997 esse.
701 3948 767 3998 Inde
786 3956 849 3997 erun
867 3949 967 4001 acriter
985 3950 1021 4000 ad
1044 3951 1169 4004 indicau-

134 4015 200 4066 dum
216 4014 373 4084 sepulcrum
395 4016 453 4068 eius
476 4020 635 4085 cogeretur,
660 4020 688 4067 et
711 4014 801 4085 primo
826 4026 958 4087 negaret,
980 4018 1052 4088 pede
1075 4020 1169 4072 locum
