2454 4500
48 286 63 331 ·,
155 274 254 370 ts„
322 321 328 334 .
418 228 559 334 sanun
582 233 966 373 communiamus

157 468 219 522 tus5
243 456 545 528 pollicemur‘sponte‚
575 457 666 526 rogati
689 459 888 524 promittimus.
933 458 1014 526 Quae
1039 448 1157 530 tegorii

156 531 293 577 sententia
313 526 415 599 vertit?
451 527 543 596 [Quot
566 530 619 577 Pro
647 533 731 577 euius
757 536 805 579 aut
830 530 935 594 qualis.
971 530 1019 594 Et]
1039 547 1109 585 >tere
1184 588 1187 593 ¹

157 596 215 662 agit
239 597 336 648 Venus.
376 597 533 659 Nec,euim
556 597 752 662 conveniebat,
783 605 814 646 ut
838 595 935 667 siper-te
959 600 1059 658 eontra
1084 616 1119 651 ux
1163 592 1166 603 ¹

155 673 251 729 ageret
281 664 354 734 apud
385 660 526 716 urarittun.
568 666 645 715 Unde
677 664 704 717 'et
733 665 860 717 similiter
891 660 1145 739 respondet'luppi
1172 654 1177 665 ⁹

154 733 249 799 Neque
268 748 314 784 me
331 735 467 784 sententia
485 735 573 785 vertit.
592 723 626 769 -'
660 741 722 791 238.
740 733 819 798 Hoc,-
844 735 898 785 hoc
921 753 968 799 re,
992 739 1120 807 [propter

141 801 229 870 ¹‹prtod
246 800 328 853 sciret
344 804 454 854 Aeneae
472 804 559 853 socios
577 803 769 872 imperaturos.
787 827 822 840 -⁴
856 809 918 860 239.
943 804 1025 855 Fotis
1051 800 1189 857 contrarii¹

86 888 88 894 ¹
149 871 235 939 fnta,·
260 879 353 931 utrum
377 873 441 922 fatis
465 871 545 922 bonis
569 872 599 921 in
615 871 839 941 praesentibus}
857 871 1128 938 Rependens;.com

154 955 224 990 sans.
274 939 310 988 Et
341 948 382 991 est
405 941 546 1001 translatio
577 958 593 990 a
627 942 746 1009 pecunia
777 942 867 1008 [quoe
899 942 1118 1010 appendebatur.
1155 942 1197 993 ··'.

154 1014 215 1064 240.
236 1006 355 1071 Endem5
368 1008 469 1075 ,similis
487 1008 572 1078 qualis
590 1009 625 1059 ab
644 1010 722 1060 initio
740 1010 806 1060 fuit:
825 1017 856 1058 ut
874 1010 1014 1076 ostendat,
1036 1008 1091 1062 nec
1106 998 1189 1129 long?

154 1076 280 1127 tudinem
303 1079 436 1146 temporis
460 1080 587 1147 prodesse
606 1077 746 1129 Troianis(
761 1100 795 1115 ·-
830 1082 891 1134 241.
918 1078 1033 1144 Finem,¹
1059 1097 1092 1130 ac
1114 1080 1137 1131 si

154 1152 246 1208 cerat,
276 1160 334 1195 non
357 1162 477 1214 regnum
501 1149 684 1213 requirimus,
701 1145 763 1198 'sed
785 1145 872 1198 linem
892 1145 1029 1198 laborum.
1057 1173 1091 1186 -
1130 1152 1196 1203 2421·

153 1213 276 1264 Antenor
293 1218 402 1280 portu,-
428 1218 518 1284 [capto
536 1215 586 1265 llio
603 1215 748 1267 Menelaus
766 1220 878 1266 memor
899 1231 930 1266 se
951 1224 979 1268 et
996 1216 1095 1268 Ulixen
1111 1206 1203 1287 benef

152 1282 216 1331 licio
240 1284 385 1333 Antenoris
410 1290 528 1335 servatos
553 1297 618 1333 cum
640 1292 798 1353 repetentes
822 1285 958 1336 Helenam
982 1284 1017 1334 ah
1044 1301 1078 1337 eo
1103 1288 1188 1337 essm

66 1346 70 1366 ¹
153 1352 285 1420 suscepti,
310 1369 342 1402 ac
367 1368 437 1421 pene
462 1371 479 1404 a
496 1353 594 1404 Paride
611 1353 724 1420 aliisque
748 1352 891 1403 iuvenibus
916 1353 1081 1422 interempti
1097 1357 1188 1417 essenti

153 1436 251 1487 parem
280 1421 399 1489 gratiam
430 1422 548 1472 reddens
578 1421 740 1472 inviolatum
763 1421 896 1490 dimisit,
926 1421 973 1489 qui
1004 1438 1071 1471 cum
1108 1432 1188 1471 uxor!

151 1489 267 1538 'l'lieano
293 1497 321 1539 et
343 1488 405 1539 filiis
430 1490 580 1542 Helicaone
607 1498 634 1541 et
656 1490 864 1554 l'olidamante‚‘
885 1491 1039 1557 ceterisque
1058 1490 1138 1541 soriis
1157 1486 1190 1541 ir

29 1574 31 1586 ¹
63 1616 68 1629 .
149 1556 292 1624 illyricum
308 1561 446 1626 pervenit,
464 1566 492 1610 et
510 1558 581 1609 bello
600 1566 727 1629 exceptus
745 1557 780 1609 ab
797 1559 988 1626 Euganeiset
1004 1575 1072 1626 rege
1090 1556 1189 1621 Velefi,

151 1628 239 1676 victor
257 1627 357 1678 urbem
371 1625 514 1677 Patavium
533 1627 669 1690 condidit,
692 1626 721 1678 id
747 1627 824 1678 euim
848 1627 974 1696 responsi
997 1626 1188 1696 acceperat&

150 1696 213 1747 loco
232 1695 360 1747 condere¹
375 1697 476 1748 urbem
494 1711 548 1764 quo
572 1691 676 1760 sadittis
694 1712 773 1747 avem
790 1695 916 1765 petisset,
938 1696 1001 1746 ideo
1020 1710 1052 1746 ex
1069 1695 1124 1747 ovis
1144 1710 1189 1765 μ’.

151 1765 218 1814 titae
236 1764 357 1833 auspicio
375 1765 517 1816 Patavium
540 1763 738 1828 nominarim]
774 1764 852 1831 (eod.
872 1765 901 1814 F.
924 1765 1103 1815 nominatum
1118 1766 1131 1790 '³
1144 1756 1184 1812 'oui

152 1833 348 1889 aeternitatem
364 1835 497 1886 Helicaon
514 1851 550 1885 ne
568 1835 653 1884 vietor
670 1834 789 1898 rediret,
812 1832 904 1900 gladio
921 1833 1054 1901 peremit,
1076 1833 1124 1885 sed
1144 1829 1193 1881 his·

152 1918 209 1954 non
226 1901 284 1953 sine
298 1902 365 1965 etc.)
400 1903 436 1953 Hi
454 1910 548 1954 autem
566 1903 620 1953 duo
639 1903 755 1952 Troiam
778 1901 932 1971 prodidisse
949 1901 1082 1953 dicuntur
1098 1914 1185 1953 aarum

151 1972 219 2023 dum
243 1970 368 2022 Livium:
392 1973 466 2039 quod
489 1980 516 2022 et
540 1972 670 2039 Virgilius
693 1988 743 2040 per
771 1969 919 2020 transitum
942 1969 1051 2037 tangit,
1081 1969 1130 2020 ubi
1150 1965 1186 2019 rii

152 2039 243 2104 (codd.
271 2044 312 2098 ut)
340 2039 449 2108 (488.):,
474 2040 507 2089 Se
532 2058 639 2108 quoque
666 2041 846 2106 principibus
871 2041 1041 2105 permixtum
1076 2036 1188 2106 agnovit·

152 2107 275 2158 Achivis.
312 2110 374 2158 Non
393 2109 452 2162 sine
471 2125 552 2160 causa
569 2109 716 2160 Antenoris
733 2108 824 2178 posuit
841 2107 1012 2176 exemplum,
1029 2123 1097 2171 pum
1113 2100 1186 2157 multi
1208 2160 1211 2165 ,

152 2178 288 2230 evaserint
304 2176 492 2228 Troianorum
509 2178 678 2247 periculum:
704 2184 735 2227 ut
753 2177 852 2246 Capys,
877 2176 1128 2244 quissampaniem
1150 2180 1184 2227 tt·
1209 2174 1219 2207 '⁴

151 2246 225 2309 nuit,
243 2246 378 2311 Helenus,
403 2248 450 2313 qui
467 2247 670 2299 Macedoniam.
707 2246 744 2296 Ut
760 2247 819 2311 alit,
838 2246 885 2312 qui
902 2243 1075 2310 Sardiniam,
1098 2258 1184 2297 secam·

150 2315 218 2367 dnm
242 2314 405 2366 Sallustium.
449 2314 502 2367 Sed
526 2323 639 2386 propter
664 2316 733 2379 hoc,
763 2333 799 2366 ne
827 2316 900 2367 sorte
932 2314 999 2364 illud
1025 2315 1184 2373 occurreret»

149 2384 211 2435 iure
234 2383 308 2434 hunc
344 2384 450 2450 vexari,
481 2393 615 2452 tanquam
641 2384 812 2455 proditorem
841 2383 956 2451 patriae.
1008 2382 1101 2447 Elegit
1124 2399 1152 2434 er
1210 2410 1219 2447 1

150 2452 271 2503 similem
289 2469 453 2522 personam:
471 2455 507 2504 Et
524 2461 634 2505 excusat
648 2454 778 2505 Horatius
792 2453 887 2503 dicens
902 2453 1006 2517 (Carm.
1025 2451 1109 2503 secut
1118 2390 1183 2510 415:
1203 2462 1219 2533 4

151 2521 297 2571 Ardentem
326 2524 388 2575 sine,
407 2522 516 2590 fraude
536 2522 669 2587 Troiam,
692 2523 745 2573 hoc
772 2528 813 2572 est
837 2521 896 2571 sine
920 2519 1095 2588 proditione3
1118 2532 1219 2591 quau³

152 2588 265 2657 quidem
283 2591 419 2640 excusatio
436 2607 493 2641 non
511 2599 596 2642 vacat.
633 2590 722 2643 Nemo
747 2591 824 2643 enim
849 2597 959 2640 excusat
984 2587 1037 2638 nisi
1054 2604 1117 2638 rem
1134 2585 1183 2659 ple·
1212 2620 1219 2649 ;

151 2674 218 2709 nam
244 2657 410 2727 suspicionis.
447 2659 560 2727 Sisenna
584 2667 679 2710 tamen
696 2660 780 2722 dicit,
804 2657 893 2708 solum
910 2658 1082 2708 Antenorem
1100 2650 1184 2727 prodi·
1214 2668 1219 2679 ’

152 2728 223 2778 disse
241 2726 396 2792 (Troiam),-
421 2744 505 2795 quem
523 2730 546 2779 si
563 2728 677 2778 velimus
695 2728 789 2794 sequi,
814 2741 946 2792 augemus
964 2725 1136 2794 exemplum:
1157 2718 1194 2775 Si·

150 2804 251 2863 regnat
268 2797 408 2865 proditor,
426 2813 475 2847 cur
493 2796 553 2866 pius
572 2797 706 2864 vagatur?
724 2796 759 2845 ob
777 2797 944 2846 hocautem
961 2795 1085 2845 creditur
1103 2794 1219 2869 Grae-3

151 2866 190 2916 cis
208 2866 331 2915 Antenor
355 2866 474 2932 patriam
492 2866 664 2934 prodidisse,
689 2864 753 2932 quia
771 2864 851 2932 [sicut
867 2861 991 2932 superius
1008 2863 1119 2913 dictum
1140 2867 1184 2925 etl,
1207 2872 1219 2935 ᾖ

152 2942 180 2986 et
203 2941 299 2985 auctor
321 2934 479 2985 reddendae
495 2933 624 2998 Helenes]
648 2942 675 2986 et
698 2934 818 2999 legatos,
843 2932 891 2999 qui
915 2939 1029 3000 propter
1054 2932 1183 2984 Helenam
1208 2944 1219 2961 ⁸

152 3009 300 3066 venerant,
325 3003 444 3071 smeepit
460 3004 594 3067 hospitio,
619 3009 647 3053 et
663 2999 769 3052 Ulixem
788 2999 839 3067 (in)
858 2999 979 3050 mendici
996 2999 1096 3051 habitu
1113 2997 1190 3069 ugui-¹

79 3100 81 3105 ·
151 3080 212 3122 tum
238 3087 295 3122 non
320 3071 447 3141 prodidit
484 3070 606 3138 [Potuit3
632 3070 692 3140 plus
710 3077 751 3120 est
768 3069 842 3136 quod
858 3067 925 3120 dixit
946 3071 1039 3135 potuit
1056 3083 1114 3120 non
1130 3085 1184 3120 me·
1214 3102 1219 3110 ·

150 3141 214 3193 ruit.
258 3139 399 3207 Elapsus5
425 3139 557 3192 invidiose
583 3139 671 3190 noluit
695 3137 787 3190 dicere
810 3139 964 3203 dimissus,
989 3137 1039 3188 sed
1064 3134 1192 3204 cloptun‘

151 3210 285 3274 Achiuis5
305 3210 340 3261 ab
355 3209 465 3260 Achaeo
478 3209 547 3258 lovis
565 3215 593 3260 et
605 3207 711 3258 Pithiae
729 3206 786 3257 filio
804 3205 889 3270 dicti]
906 3233 940 3242 -
976 3205 1182 3274 243.,Illyrio08

149 3293 293 3345 penetrare
317 3281 418 3343 sinus,-
440 3279 562 3329 Antenor
585 3292 646 3343 ,non
670 3275 823 3344 illyricum,
853 3290 909 3326 non
934 3274 1118 3342 Liburniam,
1138 3271 1192 3327 κδ’

151 3348 295 3400 Venetiam
325 3347 423 3399 tenuit.
472 3347 536 3398 Ideo
562 3356 656 3399 autem
679 3345 807 3412 Virgilius
838 3345 905 3395 dicit
927 3343 1062 3409 Illyricos
1095 3347 1183 3407 sinus,

74 3442 83 3447 -
150 3417 225 3484 quod
247 3417 312 3467 inde
336 3416 410 3468 venit
435 3414 549 3482 quidam
572 3416 697 3467 Henetus
715 3415 764 3480 (L.
783 3412 893 3476 Beroea,
917 3413 978 3461 Vos.
997 3411 1092 3478 Erret,
1115 3414 1181 3465 Dan.

151 3485 242 3535 Aeuet.
263 3492 291 3536 et
307 3499 371 3535 mox
391 3485 536 3535 Aenetiam
562 3500 614 3552 pro
631 3482 716 3547 Han.)
733 3497 797 3545 rex,
822 3481 868 3549 qni
886 3475 1030 3532 Ve‘netiam
1047 3483 1182 3547 tannim

89 3547 95 3553 ’
150 3553 227 3605 errius
245 3553 358 3604 nomine
374 3552 523 3604 Henetiam
541 3553 657 3615 dictam,
682 3549 784 3621 posteri
802 3549 947 3601 Venetiam
963 3540 1181 3602 nominaverurit.
1214 3546 1219 3553 “

152 3623 261 3689 Tutus,
293 3622 355 3672 ideo
389 3627 478 3686 tutus,
511 3621 576 3689 quia
598 3621 682 3673 Rheti
706 3619 839 3677 ¹Vindelici
866 3618 974 3682 (Guelf.
998 3620 1018 3669 Ι.
1044 3618 1136 3670 arbeti
1159 3627 1183 3669 et

150 3689 266 3752 vindel.)
291 3689 343 3758 ipsi
365 3696 429 3739 sum
451 3688 585 3755 Liburni,
608 3688 757 3741 saevissimi
780 3688 930 3739 admodum
954 3687 1064 3757 popidi,
1087 3696 1182 3739 contro

189 3776 218 3810 os
241 3758 338 3809 missus
364 3765 405 3808 est
429 3757 541 3809 Drusus.
591 3759 626 3809 Hi
657 3764 751 3808 autem
776 3757 812 3809 ab
837 3754 1020 3807 Amazonibus
1046 3755 1181 3825 originem

149 3777 267 3892 πωνή,
284 3835 315 3876 ut
332 3825 417 3878 etiam
434 3827 562 3877 Horatius
579 3827 645 3878 dicit
661 3826 765 3891 (Carm.
784 3829 811 3892 4,
826 3827 880 3886 4.):
899 3822 1011 3889 Quibus
1031 3843 1091 3877 mos
1111 3825 1183 3876 unde

150 3898 285 3949 deductus
305 3894 393 3962 (Vulg.
413 3895 486 3945 duct.
505 3896 585 3947 Febr.
603 3896 637 3946 al.
658 3894 875 3956 inductorium),
899 3909 947 3960 ptr
971 3911 1054 3945 omne
1076 3905 1183 3963 tompus

151 3969 308 4017 Amazonio
334 3965 428 4013 securi
454 3965 565 4014 dextros
591 3966 714 4015 obnrmet
741 3962 850 4029 (Guelf.
876 3964 896 4013 1.
922 3965 1030 4014 securis
1057 3963 1181 4015 dextram

152 4033 288 4098 sebaim.)
307 4048 438 4101 quaerere
452 4032 561 4085 distuli.
597 4034 657 4088 Hoc
673 4047 741 4102 ergo
757 4047 831 4084 nmio
848 4031 883 4084 ad
902 4039 1083 4100 augrnentum
1099 4030 1182 4104 perti·
