2454 4500
10 284 24 365 ;ι
52 345 56 356 ,
117 295 123 320 η·
158 298 193 342 1..
216 244 979 373 unon.eaua1o.1.1avu,7oa-'am
1020 285 1086 361 aas

57 469 189 521 ducentes
204 460 344 532 originem
354 457 502 518 'Sacranas
518 464 674 536 appellatos.
709 462 789 525 Nam,
803 467 903 520 sacrati
915 476 988 531 ¹sum
1002 470 1088 526 Matri

57 538 143 589 deum
160 533 339 602 Corybantes.
361 535 578 600 'AliiSacranas
596 537 670 591 acies
687 528 845 595 Ardeatum
854 535 899 603 (al.
912 537 1088 604 Ardeatium)
1127 585 1130 603 ,

57 606 167 667 schint,
196 603 242 671 qui
266 602 412 670 elimando
434 620 500 654 cum
522 602 677 683 pestilentia
701 601 875 670 laborarent,
901 623 950 656 uer
975 608 1088 660 sacrum

58 679 197 725 voverunt.
231 671 310 722 Unde
327 670 447 722 Sacrani
471 673 537 723 dicu
559 679 629 722 stunt
663 670 731 738 [Ver
747 687 860 721 sacrum
878 681 971 725 autem
987 677 1089 729 unmo-
1163 699 1169 705 ¹

56 740 168 807 lationis
185 747 226 791 est
242 754 344 805 genus;
369 755 429 790 mos
446 741 523 792 enim
538 740 611 790 ltalia
635 739 700 804 luit,
723 745 754 788 ut
776 740 884 808 magnis
907 738 937 792 iri
960 746 1092 811 periculis

58 809 161 861 addicti
185 816 328 873 voverent,
356 809 535 877 quaecunque
565 808 691 878 proximo
723 822 784 859 vere
814 816 879 878 nata
903 821 992 864 essent
1014 816 1088 881 apud

58 877 255 941 seanimalia,
270 876 483 943 immolaturos]
520 874 592 926 Picti
610 888 689 926 scuta
708 873 825 942 Labici,·
852 877 970 930 Glaucus
986 881 1088 935 Minois

49 946 130 997 'filius
147 945 222 996 venit
238 945 274 996 ad
290 944 414 1010 Italiam,
437 953 465 999 et
481 945 617 1007 cum'sibi
639 945 789 1015 imperium
806 954 946 1013 posceret,
968 956 1020 1007 nec
1031 970 1034 974 ·
1044 969 1089 1003 ac-

58 1014 178 1085 ciperet,
199 1014 267 1085 ideo,
279 1013 352 1081 quod
369 1014 438 1065 nihil
454 1013 625 1084 praestabat,
648 1014 718 1064 sicut
735 1014 792 1064 eius
808 1023 889 1080 pater
905 1017 1088 1088 praestiterat,

58 1098 160 1135 ronam
178 1081 218 1133 eis
233 1081 460 1148 transmittendo,
483 1098 548 1133 cum
565 1081 681 1133 antebac
698 1081 822 1132 discincti
844 1092 948 1154 essent,
972 1089 1090 1141 ostendit

58 1156 88 1204 et
104 1157 212 1202 scutum
229 1151 364 1214 militdre,
388 1167 476 1220 aquo
498 1157 526 1202 et
548 1150 606 1219 ipse
622 1149 748 1215 Labicus
771 1150 859 1216 dictus
884 1159 936 1204 eat:
960 1162 989 1206 et
1005 1173 1036 1207 ex
1052 1174 1087 1210 eo

58 1212 168 1289 populi,
184 1212 240 1270 iet
257 1215 306 1284 τῆς
321 1215 420 1287 λαβῆς,
433 1232 532 1286 aquam
548 1217 648 1272 Latine
673 1219 794 1283 amplam
812 1221 931 1284 (ansam)
954 1238 1088 1279 vocamus.

58 1287 134 1338 Picti
150 1294 245 1339 alitem
262 1299 356 1349 scuta,
378 1290 398 1339 i.
416 1306 439 1340 e.
458 1289 488 1357 iu
504 1287 579 1340 bello
596 1287 755 1355 frequenter
772 1287 888 1356 probati.
924 1289 997 1341 Nem
1014 1295 1089 1360 apud

57 1356 181 1407 maiores
198 1357 319 1408 virorum
334 1357 450 1408 fornum
466 1356 540 1423 picta
557 1364 637 1407 eram
652 1363 742 1407 scuta:
757 1373 781 1408 ‚e
799 1363 894 1408 contra
910 1355 1043 1412 inertium
1060 1372 1089 1415 et

57 1424 185 1487 tironum
208 1441 279 1496 pura
302 1433 390 1477 erant.
423 1423 501 1476 Unde
526 1432 566 1478 est
589 1426 638 1490 (9,
656 1423 740 1486 548.):
764 1421 918 1491 Firmaque
944 1429 1088 1497 inglorius

57 1494 145 1558 alba,
168 1491 186 1543 i.
203 1511 228 1545 e.
252 1509 309 1545 non
332 1494 413 1562 picta.
430 1494 559 1552 -497,
577 1491 636 1557 Qui
660 1491 901 1543 saltus'Tiberine
925 1506 1005 1562 tuas;
1029 1514 1088 1552 non
1169 1550 1173 1561 „

57 1561 212 1630 originem,
234 1570 266 1612 ut
287 1562 403 1615 diximus
425 1578 516 1632 supra.
556 1561 725 1626 Sacrumque
742 1559 860 1612 Numici
881 1554 965 1614 Litus
989 1565 1089 1635 araar5

27 1667 36 1677 ,
56 1637 110 1681 aut
124 1629 273 1688 damtune
293 1628 419 1697 sacrum,
440 1630 640 1698 aut'Prolepsis
665 1635 712 1681 est
747 1629 820 1681 Nam
836 1639 957 1682 sacratus
975 1643 1015 1685 est
1031 1635 1089 1687 Nu-

56 1698 163 1761 micus,
192 1706 338 1767 postquam
360 1699 501 1750 invebtum
527 1697 641 1751 estillic
665 1697 780 1748 cadaver
803 1700 919 1751 Aeneae.
944 1727 980 1739 -
1025 1708 1087 1762 798.

55 1765 146 1816 Litus
165 1779 263 1833 arant‚·
278 1768 349 1823 litua
358 1767 495 1819 fluminis:
513 1776 544 1818 ut
560 1770 603 1833 (8,
614 1765 695 1827 ’83.);,
711 1765 856 1834 Viridique
874 1770 905 1817 in
924 1769 1005 1821 litore
1022 1787 1088 1824 con-

39 1837 182 1903 ·spicitur
199 1852 256 1885 sus.
273 1837 373 1904 1[Cum
393 1839 470 1900 ripae
487 1836 599 1906 proprie
621 1835 771 1885 fluminum
793 1836 860 1901 sint,
886 1837 971 1888 litore
989 1842 1091 1904 maris3¹

56 1912 93 1955 ut
116 1902 226 1954 Ouidius
250 1905 332 1972 (Met.
356 1909 388 1966 1,
410 1904 488 1965 tal:
514 1904 566 1954 Pro
593 1905 664 1969 ripis
689 1905 774 1971 litora
801 1904 936 1974 pulsant]
959 1933 992 1944 -
1026 1915 1104 1967 799⁰
1169 1922 1171 1933 '

59 1972 263 2036 Circaeumque
288 1977 400 2040 iugum3
426 1976 502 2027 circa
521 1974 595 2023 hunc
619 1979 739 2022 tractum
757 1973 924 2041 Campaniae
948 1975 1090 2030 colebatur

54 2057 130 2111 puer
151 2041 303 2122 Iuppiter&
313 2042 362 2120 qui
376 2043 499 2091 Anxurus
522 2041 615 2107 (codd.
634 2041 743 2106 Ana-yn
758 2056 777 2097 s.
798 2043 911 2104 Aneir.)
938 2043 1091 2113 dicebatur,
1145 2063 1148 2068 ’
1212 2098 1217 2115 .

56 2107 141 2176 quasi
157 2104 218 2160 alueo
236 2108 330 2179 ξυρας,
354 2127 373 2161 t.
390 2128 413 2161 e.
430 2109 489 2161 siue
505 2108 649 2176 novacula:
672 2109 736 2176 quia
753 2107 871 2160 balbam
887 2127 1029 2179 nunquam
1044 2131 1091 2166 ra-

54 2177 151 2242 sisset,
174 2183 285 2250 etJIuno
309 2179 385 2245 virgo
410 2193 480 2245 quae
503 2177 620 2229 Feronia
642 2177 792 2230 dicebatur.
840 2176 888 2229 Est
911 2185 1004 2232 autem
1027 2183 1089 2235 fons
1133 2228 1138 2246 ,

54 2247 92 2297 in
115 2247 269 2316 Campania
290 2246 364 2297 iusta
387 2246 585 2310 Terracinam,
607 2263 677 2313 quae
700 2245 846 2313 aliquando
870 2248 961 2299 Anxur
984 2249 1032 2316 (R.
1058 2251 1089 2302 V.

56 2314 207 2383 Aneyres,
229 2316 261 2366 L.
285 2316 422 2380 Anaires,
445 2316 505 2364 Vos.
530 2317 671 2381 Anxirus,
694 2313 764 2365 Dan.
788 2316 930 2377 Anxa'ris3,
954 2317 1044 2370 Guali.
1066 2319 1088 2371 I.

56 2385 150 2447 annu)
175 2392 215 2436 est
237 2383 317 2435 dicta
335 2409 369 2419 -
403 2389 464 2441 800.
482 2382 517 2435 Et
533 2385 623 2434 viridi
639 2383 767 2450 gaudens
785 2384 905 2434 Feronia
931 2387 1010 2448 luc03
1033 2401 1091 2439 non
1122 2383 1125 2387 ’

34 2454 141 2511 xvacat
170 2453 244 2520 quod
274 2451 379 2504 addidit
401 2453 498 2503 viridi.
539 2453 613 2505 Nam
642 2469 708 2504 cum
733 2451 880 2520 aliquando
902 2453 982 2505 ludus
1006 2454 1090 2505 fontis

39 2516 138 2573 ducis
154 2522 268 2573 fortuito
285 2521 395 2572 arsisset
416 2521 560 2586 incendio,
585 2528 621 2578 et)
635 2521 735 2574 vellent
750 2521 861 2573 incolae
886 2523 981 2575 exinde
1004 2531 1091 2574 uana-

55 2592 137 2642 ferre
152 2589 320 2655 simulacra,
330 2589 420 2639 subito
437 2590 556 2640 reviruit.
574 2588 608 2627 ·-'
642 2595 703 2647 801.
723 2588 786 2654 Qua
804 2589 921 2640 Saturae
939 2593 1011 2642 iacet
1028 2603 1090 2642 atra

34 2655 161 2728 'palum
188 2658 450 2713 ,secundum‘banc
478 2657 625 2709 lectionem
654 2675 775 2713 rosera
799 2659 929 2708 Saturam
960 2661 1090 2726 paludem

56 2726 248 2794 intelligimus.
284 2719 336 2778 Sed
352 2725 398 2778 alii
409 2740 536 2777 astureae
550 2726 589 2791 (V.
604 2728 719 2788 siturae,
736 2725 815 2777 Febr.
830 2729 966 2790 asturiae)
983 2728 1091 2795 legunt:

53 2788 136 2864 qnod
159 2797 182 2847 si
205 2804 258 2860 est,
279 2797 409 2861 paludem
434 2811 485 2862 pro
507 2793 626 2845 flumine
652 2794 748 2862 posuit.
784 2795 856 2847 Nam
880 2795 953 2848 haud
974 2796 1056 2864 longe
1073 2813 1091 2848 a

58 2863 215 2916 Terracina
232 2864 364 2934 oppidum
381 2872 421 2914 est
431 2867 537 2924 Astura,
554 2870 582 2911 et
599 2860 744 2930 eius[dem]
757 2863 928 2928 cognominis
941 2863 1045 2914 fluvius.
1056 2889 1091 2903 -

58 2932 125 2993 802·
147 2931 268 2999 Quaerit
292 2935 344 2982 iter
368 2933 470 2993 vallem
492 2929 559 2979 satis
583 2931 696 2998 signatis
710 2931 807 2981 uerbis
831 2933 962 3001 expressit
978 2929 1092 2987 ‘flumen

58 2996 405 3071 attguaturrt‘.‘“·Coutra'de
423 2999 554 3051 Tiberino
573 2999 611 3048 ait
628 2999 704 3066 (32.):
728 2999 763 3051 In
781 3017 856 3050 mare
874 3003 1037 3067 prorumpit.
1057 3028 1092 3041 -
1149 3039 1158 3061 ,-

58 3078 126 3129 803.
143 3069 203 3121 Hos
228 3063 399 3135 capereto,
421 3067 575 3137 'prudenter
597 3076 658 3137 post
681 3066 825 3134 impletam
849 3070 1091 3135 commemoratio·

58 3156 130 3193 nem
145 3136 268 3190 virorum
293 3138 392 3189 transit
416 3137 450 3188 ad
471 3137 598 3189 seminas.
633 3139 674 3187 lta
693 3137 768 3187 enim
786 3137 863 3189 etde
881 3138 1093 3209 [l'roianislegi
1139 3164 1153 3206 ,·

57 3217 124 3272 tur,
146 3208 194 3275 qui
216 3207 346 3258 ultimum
362 3207 533 3257 Amazonum
556 3204 687 3257 auxilinm
709 3205 920 3274 postrdaverunt.
955 3207 1038 3274 Quae
1047 3223 1093 3260 res

59 3277 98 3330 ab
117 3276 239 3327 Homero
257 3275 451 3345 praetermissa
469 3281 515 3327 est.
550 3272 619 3325 Sane
643 3273 701 3324 iam
718 3275 893 3342 praesagium
911 3282 951 3326 est
974 3274 1108 3334 infelicis
1154 3317 1161 3325 .

57 3345 126 3397 tatis
148 3346 274 3408 futurae,
306 3346 380 3414 quod
408 3345 486 3394 inter*
501 3343 560 3410 ipsa
584 3342 720 3409 principia
744 3352 893 3397 armantur
912 3351 940 3395 et
960 3343 1090 3396 feminae.
1149 3394 1152 3401 ,

63 3415 170 3464 Vulsca
189 3415 221 3479 de
238 3425 329 3480 gente3
352 3413 386 3464 de
404 3412 534 3463 Priverno
552 3410 714 3473 vulscorum
739 3412 853 3480 oppid0,
871 3419 902 3461 ut
919 3414 985 3477 (11,
1004 3411 1093 3474 540.);

60 3483 229 3534 Privernum
248 3486 366 3548 antiqua
384 3480 515 3531 Metabus
539 3497 602 3528 cum
627 3481 765 3530 excederet
792 3481 864 3530 urbe.
881 3507 916 3516 -
950 3486 1011 3535 804,
1030 3479 1094 3532 Flo-

62 3564 154 3605 rentes
172 3568 233 3600 uere
252 3563 392 3611 catervam
416 3549 520 3600 Ennius
538 3556 565 3600 et
581 3547 725 3598 Lucretius
736 3548 848 3614 florens
866 3548 915 3613 (al.
925 3549 1032 3615 flores;
1058 3550 1093 3603 al.
1116 3563 1118 3567 ’

52 3618 176 3690 florere)
194 3619 289 3670 tlicunt
305 3636 387 3670 omne
404 3617 477 3684 quod
494 3617 612 3667 nitidum
629 3626 681 3668 est:
704 3618 757 3667 hoc
775 3625 816 3668 est
831 3624 939 3668 secutus
957 3617 1093 3684 Virgilius.
1160 3630 1164 3641 ‘

34 3688 149 3749 „Aliter
166 3688 327 3755 Acyrologia
345 3695 392 3739 est.
428 3685 571 3735 Lucretius
589 3685 756 3751 (Ml-ill:
781 3685 871 3752 [Tum
896 3702 971 3735 mare
989 3688 1094 3738 velivo-

31 3790 41 3809 t
62 3756 135 3822 lum]
152 3757 278 3824 florebat
302 3758 423 3806 navibus
447 3766 558 3818 pontus.
583 3780 618 3790 -
659 3759 720 3811 805.
746 3748 911 3819 Calatbisue
929 3753 1092 3822 Minerdueg

60 3827 190 3879 Minerva
208 3832 235 3875 et
252 3841 395 3876 armorum
412 3822 463 3874 dea
487 3830 540 3886 est,
565 3822 596 3873 et
615 3822 740 3873 lanificii:
763 3823 811 3874 sed
828 3822 954 3903 Camillas
967 3822 1093 3874 animum

61 3895 97 3947 ad
115 3912 193 3947 arma
210 3895 267 3944 sola
284 3894 442 3943 contulerat.
460 3916 493 3927 -
527 3891 587 3947 807.
608 3888 753 3955 Cursuque
771 3893 886 3956 pedum,·
903 3890 974 3943 bene
991 3893 1093 3958 pedum

62 3964 178 4026 adiecit,
200 3980 235 4013 ne
253 3979 302 4027 per
320 3977 422 4027 equum
440 3960 497 4011 eius
513 3959 602 4026 gloria
618 3959 804 4010 minueretur:
828 3959 901 4028 quod
919 3960 946 4011 ei
964 3960 1092 4011 obiicitur

60 4036 124 4101 (11,
139 4029 225 4093 705.):
250 4029 327 4099 Quid
345 4042 437 4082 tamen
454 4031 615 4098 egregium,
640 4030 668 4080 si
679 4027 793 4096 sesninc
805 4028 883 4097 forti
899 4028 981 4082 liidie
999 4027 1098 4097 couci.
