2454 4500
140 281 175 324 n
190 258 360 335 vtacn.
382 261 556 335 seneen.
578 225 658 326 L1'a.
679 260 732 335 vt,
753 264 950 331 rea-7⁶2.
986 208 1066 335 ‘401
1159 361 1161 369 y

53 461 97 497 ros
119 443 224 496 Genios
246 439 386 494 sortimur.
428 441 505 493 Unus
530 449 586 507 est,
603 442 658 512 'qrri
680 441 808 496 hortatur
832 439 868 497 ad
884 441 971 505 bona:
995 441 1067 499 alter

53 514 76 566 ai
93 513 226 583 depravat
241 511 277 564 ad
293 509 387 572 mala'3
404 511 467 579 [nec
483 510 638 578 incongrue
654 511 783 563 dicuntur
801 510 896 579 Genii,
912 513 986 583 quia,
1000 518 1067 566 cum

53 581 213 650 rusquisque
234 577 342 648 genitus
358 577 457 643 fuerit,
489 579 516 630 ei
538 577 633 630 statim
656 573 846 634 observatoies
867 579 1065 653 deputantun]

53 651 128 701 ribus
151 646 341 701 assistentibus
364 653 427 715 post
449 654 587 713 mortem,
616 655 665 699 aut
688 649 836 702 asserimur
860 649 891 702 in
915 651 1066 705 meliorem

53 727 129 783 tam,
152 724 201 770 aut
217 717 438 769 condemnamur
454 715 484 766 in
502 714 684 774 deteriorem:
706 733 757 786 per
784 732 853 786 quos
878 723 926 770 aut
948 719 1066 772 vacatio·

53 805 94 839 em
117 800 277 850 meremur,
300 791 349 836 aut
371 783 494 836 reditum
518 784 548 835 in
572 792 698 852 corporat
733 786 807 854 Ergo
826 802 937 854 menes,
961 788 1065 841 Genios

53 856 110 906 cit:
134 869 202 923 quos
218 868 284 904 cum
307 851 363 902 vita
379 852 517 903 sortimur.
552 851 662 903 Exinde
669 877 691 919 ,··
705 851 760 905 una
783 871 848 924 pars
867 857 999 908 orationis
1016 863 1082 921 est,·
1118 854 1120 859 ’

53 941 56 973 ;
79 924 110 976 in
135 921 218 975 tertia
242 938 259 973 a
282 918 338 974 fine
361 927 507 973 accentum
529 919 629 987 habet,
650 920 717 975 licet
738 922 894 992 penultima
915 925 999 997 longa
1022 925 1066 978 sit.

54 992 111 1044 nod
133 990 196 1043 ideo
218 991 326 1041 iactum
350 994 402 1055 est,
426 995 457 1038 ut
474 989 665 1044 ostenderetur
688 1003 745 1040 una
766 1004 831 1061 pars
849 1008 907 1045 esse
924 991 1068 1058 orationis,

53 1076 64 1113 e
80 1057 250 1132 praepositio
265 1058 428 1176 iunfieretur
446 1056 585 1124 adverbio,
601 1056 677 1127 quod
693 1057 822 1121 vitiosum
838 1076 896 1113 esse
912 1077 971 1113 non
987 1060 1066 1113 dubi·

53 1145 77 1179 m
94 1135 144 1181 est.
160 1155 195 1166 -
229 1130 291 1183 744.
330 1128 399 1179 auci
415 1132 482 1188 etc.;
505 1141 563 1179 non
580 1141 685 1178 omnes.
720 1124 776 1194 Qui
799 1128 876 1180 enim
892 1129 984 1181 minus
1000 1145 1066 1201 pur·

53 1205 144 1262 antur,
168 1194 264 1248 statiht
285 1195 408 1254 redeunt,
424 1195 460 1246 ad
481 1206 609 1265 corpora.
635 1219 669 1232 —
702 1197 764 1254 745.
788 1193 886 1248 Donec
909 1205 975 1262 etc.;
999 1197 1066 1266 quia

53 1266 115 1318 ,iam
130 1272 193 1336 post
208 1263 405 1332 purgationem
423 1278 491 1331 opus
508 1269 549 1316 est
564 1270 708 1330 tempore,
731 1270 763 1313 ut
778 1266 982 1332 perseveratio
999 1282 1065 1335 pur·

53 1335 153 1387 rtionez
170 1332 254 1386 etsie
271 1329 375 1403 redeat.
410 1331 446 1382 Et
463 1331 615 1401 quaeriue,
632 1339 728 1384 utrum
741 1334 852 1386 animm
864 1347 917 1405 per
927 1336 1066 1403 Apotheo-

53 1418 86 1468 n,
109 1403 143 1456 de
168 1401 267 1470 quibus
293 1399 345 1452 ait:
369 1397 458 1450 Pauci
483 1402 556 1454 laeta
580 1417 651 1467 arra
676 1411 817 1467 tenemus,
840 1404 945 1470 possint
961 1396 1067 1456 mereri

53 1481 195 1552 erpetuam
209 1469 381 1521 vacationem
396 1469 441 1536 (al.
454 1476 573 1539 purgat,
585 1469 664 1521 codd.
677 1467 793 1537 vagat),
809 1471 885 1538 qnod
900 1486 958 1524 non
974 1477 1067 1541 potest

53 1558 99 1593 err.
132 1538 278 1599 Mereatur
296 1536 378 1589 enim
388 1536 522 1607 temporis
539 1537 634 1602 multi,
650 1552 707 1588 non
725 1538 931 1609 perpetuitatis:
948 1548 977 1594 et
993 1558 1066 1610 quaa

53 1608 103 1661 tale
115 1607 250 1672 vixerunt,
265 1605 360 1656 statim
376 1607 506 1669 redeunt:
524 1621 595 1674 quae
611 1605 720 1671 melius,
735 1606 854 1659 tordius:
870 1621 942 1677 quae
960 1610 1067 1681 optimo

53 1676 182 1728 ‚utissimo
212 1683 340 1744 tempore
367 1663 434 1726 bunt
456 1690 521 1725 cum
544 1673 713 1725 numinibus.
754 1673 861 1728 Paucae
884 1683 980 1731 tamen
1003 1684 1067 1730 sunt
1105 1688 1109 1717 1

53 1763 100 1798 uae
124 1750 152 1796 et
174 1743 251 1814 ipsae
272 1743 398 1811 erigente
420 1738 544 1806 ratione,
573 1742 639 1795 licet
661 1741 757 1808 tarde,
785 1751 922 1813 cogtmtur
951 1745 1064 1801 reverti.

53 1814 152 1884 erfecto
171 1813 303 1878 temporis
329 1812 409 1876 orbe,·
433 1811 511 1862 finito
534 1811 659 1880 legitimo
682 1817 818 1878 tempore.
835 1839 871 1850 —·
904 1818 967 1873 746.
991 1815 1064 1867 Con·

53 1896 149 1946 ·etam,·
166 1879 276 1932 affixam
294 1886 323 1931 et
337 1879 537 1932 inhaerentem.
571 1878 731 1930 Aetherium
748 1895 879 1946 sensnm,⁸
900 1882 1067 2001 {sidereum}

53 1948 85 2023 ἔρ
102 1945 204 2019 vespis.
240 1949 354 2027 Ignem,
378 1948 547 2000 sensualem:
569 1947 590 2012 j.
606 1965 630 2000 e.
647 1947 753 2010 Deum3
776 1962 827 2018 per
843 1964 898 2018 quo
923 1987 932 2015 ,
989 1947 1016 2004 'd
1031 1952 1068 2004 eit
1109 1977 1112 1997 .

53 2017 288 2085 rimapostendrt.
324 2017 416 2066 Aurei
433 2016 574 2083 simplicis
593 2018 704 2084 ignem,
728 2031 785 2067 non
803 2017 920 2070 urentis.
972 2021 1067 2088 impii·

53 2092 72 2141 ἵε
96 2095 205 2152 autem,
227 2084 316 2137 nostri
332 2084 560 2153 comparatione:
583 2083 631 2154 qui
655 2090 760 2134 constat
782 2083 818 2136 de
840 2084 917 2155 ligno·
939 2094 970 2139 et
991 2092 1067 2143 ae're.

53 2159 78 2212 le
97 2156 173 2211 enim
190 2149 377 2223 [deiecissem]
393 2171 443 2224 per
460 2153 603 2224 seplenus
618 2160 659 2206 est
675 2160 704 2204 et
720 2159 863 2220 aeternus,
880 2153 928 2223 qui
943 2155 996 2207 sim
1016 2157 1071 2214 lex.

53 2227 136 2279 *mnia
152 2225 228 2285 enim
245 2221 379 2287 niedseor,
403 2223 422 2274 i.
441 2240 464 2275 e.
483 2219 651 2291 composita,
663 2220 776 2283 „exitum
792 2222 951 2274 sortiuntur.
1011 2225 1067 2280 nde
1105 2237 1112 2251 ³

53 2308 59 2347 :
75 2303 197 2359 atomos,
219 2288 369 2361 perpetuas
385 2290 493 2355 dicrmt,
516 2290 582 2358 quia
604 2288 742 2361 simplices
758 2296 836 2356 stent,
858 2305 912 2343 neo
928 2293 1069 2364 recipiunt

53 2364 192 2418 sotionem.
209 2387 244 2401 -
278 2363 340 2418 748.
357 2358 420 2413 Hos
439 2375 534 2411 omnes
540 2380 550 2423 5
574 2357 648 2410 acsi
664 2356 771 2410 diceret
787 2359 872 2410 etiam
890 2356 944 2411 iras
962 2376 1066 2417 omnes.

53 2433 106 2484 'am
128 2447 212 2499 supra
237 2427 322 2497 (713.)
345 2444 403 2480 non
428 2442 525 2480 ornnes
548 2426 625 2479 dixit:
648 2426 697 2478 s'ed
716 2426 836 2478 Animae
853 2429 958 2495 quibus
976 2433 1067 2484 altera
1144 2440 1152 2452 '

53 2493 92 2555 rto
119 2500 242 2568 Corpora
267 2499 409 2549 debentur.
449 2495 552 2549 Rotam
576 2495 686 2546 volvere
709 2511 759 2562 per
781 2512 891 2563 annos3
914 2503 1069 2567 exegerunt

53 2577 164 2624 atutum
188 2576 298 2637 tempus
321 2583 374 2636 per
398 2580 536 2617 armorum
553 2563 760 2615 volubilitatem.
794 2562 843 2614 Est
858 2570 954 2617 autem
971 2583 1066 2620 sermo

55 2638 124 2693 nnii.
140 2663 175 2675 -
209 2640 271 2694 749.
288 2635 368 2685 Deus
386 2645 497 2697 evocar;
520 2630 578 2684 non
595 2630 662 2684 dicit
673 2631 755 2699 ¹quis,
778 2631 849 2682 sicut
871 2648 955 2714 supra
971 2635 1069 2703 (264.):
1118 2637 1121 2644 '

53 2711 86 2761 lii
103 2707 206 2776 quihus
225 2705 375 2772 imperium
393 2715 433 2754 est
451 2706 622 2753 animarum.
658 2698 712 2751 Sed
728 2699 775 2750 alii
788 2699 962 2754 Mercurium
974 2703 1070 2756 volunt

53 2778 147 2845 r'opter
163 2775 216 2827 hoc
234 2777 278 2841 (2,
295 2765 382 2833 242.);
406 2771 525 2822 Animas
543 2769 591 2820 itte
608 2780 704 2819 evocat
722 2767 796 2819 Orco
815 2766 968 2836 Pallentes,
990 2773 1068 2824 alias

53 2849 85 2900 ub
105 2840 228 2895 Tartara
246 2843 342 2892 tristia
361 2841 453 2889 mittit.
489 2839 526 2888 Et
543 2843 585 2889 est
600 2836 680 2888 ratio.
715 2834 788 2886 Nam
805 2831 866 2890 soie
883 2837 1026 2906 dicitur‚.i,
1040 2859 1068 2894 ρ,

53 2930 141 2969 ensus:
151 2915 216 2980 'quo
233 2907 455 2977 Philosophiam,
478 2918 550 2974 quae
565 2903 635 2975 haec
651 2902 769 2970 iudicat,
785 2896 979 2974 intelligimus:
1003 2909 1069 2978 quie

53 3001 93 3038 >se
115 2980 202 3034 etiam
223 2977 327 3030 invenit
347 2977 448 3036 literas.
490 2975 608 3042 Agmine
619 2989 747 3092 .m⁰{⁷¹⁰3
762 2973 894 3054 impetu:
918 2982 947 3027 et
962 2973 1069 3037 dictum

53 3051 80 3114 s't
91 3047 254 3118 imperative
271 3040 458 3114 annitentes.
493 3043 557 3094 Non
581 3057 658 3094 emm
694 3041 816 3095 laudatus
837 3040 966 3098 inductae
989 3047 1069 3099 rede·

53 3130 98 3175 nt:
115 3118 163 3172 sed
179 3116 340 3168 necessitate
357 3116 478 3184 quadam
495 3118 647 3180 coguntur,
664 3117 695 3160 ut
710 3117 838 3178 potantes
854 3111 939 3164 velint
953 3114 1066 3168 reverti.

53 3219 68 3230 -
103 3194 165 3246 750.
184 3186 377 3245 Immemores,·
394 3182 437 3236 vel
453 3179 675 3249 praeteritorum,
691 3178 734 3231 vel
748 3179 915 3232 futurorum.
934 3204 969 3219 -—
1003 3190 1067 3241 752.

53 3261 158 3311 >iterat
179 3253 330 3316 Anchisem
361 3252 500 3304 antedicta
521 3249 555 3301 de
577 3246 734 3300 reversione
757 3246 917 3299 animarum
937 3249 1068 3318 probatio

55 3330 99 3380 nc'
121 3323 250 3387 tetendit,
280 3330 312 3373 ut
340 3321 461 3373 celebret
489 3319 646 3381 Romanos,
674 3321 703 3371 et
732 3314 882 3389 praecipue
907 3304 1068 3387 Ahgustum.
1154 3376 1159 3388 .

53 3392 185 3463 lam[que]
201 3392 249 3460 qui
265 3391 339 3443 bene
355 3388 538 3452 considerant,
554 3385 696 3436 inveniunt
711 3385 756 3451 (al.
774 3384 938 3453 invenient),
952 3398 1070 3455 ,omnem

53 3476 194 3517 romanam
216 3459 361 3512 historiam
385 3458 420 3511 ab
436 3459 545 3508 Aeneae
565 3453 684 3506 adventu
707 3466 793 3521 usque
815 3453 852 3504 ad
868 3465 918 3506 sua
940 3458 1069 3526 tempora

53 3530 200 3588 ammatim
216 3527 367 3582 celebrasse
385 3525 538 3592 Virgilium.
572 3521 653 3591 Quod
676 3519 739 3573 id'eo
756 3521 838 3586 latet,
860 3521 926 3590 quia
941 3527 1070 3577 confusus

53 3613 77 3655 st
94 3600 171 3653 ordo.
204 3597 279 3649 Nam
297 3594 399 3649 eversio
416 3593 475 3660 Ilii,
492 3600 520 3644 et
535 3593 644 3644 Aeneae
662 3605 772 3643 errores
778 3589 947 3656 ,radventrm
963 3588 1069 3645 bellum

53 3670 186 3725 nanifesta
209 3672 286 3718 sunt:
308 3662 426 3716 Albanos
449 3676 544 3730 reges,
566 3659 706 3711 Romanos
730 3659 816 3712 etiam
839 3655 977 3726 consules,
999 3671 1068 3730 quot
1122 3712 1126 3718 ,

53 3743 255 3802 ommemorat,
276 3733 387 3798 Brutos,
403 3732 555 3793 Catonem,
571 3729 734 3792 Caesarem,
750 3729 916 3796 Augustum,
939 3736 967 3781 et
983 3729 1088 3783 multa.
1114 3764 1117 3770 ·

53 3806 72 3863 d
95 3804 242 3860 historiam
259 3798 452 3871 [Romanam]
475 3797 644 3867 pertinentia
666 3796 712 3848 hic
734 3795 838 3848 indicat
852 3795 936 3848 locus.
969 3797 1071 3852 Cetera

53 3895 108 3930 uae
132 3875 184 3927 hio
201 3869 359 3925 intermissa
382 3875 459 3933 sunt,
479 3869 511 3919 in
534 3860 710 3931 ἅσπιδοποιῗᾳ
728 3868 945 3933 ,commemorat
991 3865 1071 3921 Unde

52 3950 124 3999 tiam
153 3943 186 3994 in
214 3939 333 4008 antiquis
361 3936 529 3999 invenimus,
559 3950 627 4006 opus
655 3935 710 3987 hoc
740 3931 910 4015 appellatum
932 3946 1071 3988 essenon

53 4014 201 4078 lener‘dem,
225 4008 273 4062 sed
289 4020 367 4075 gesta
384 4006 484 4074 populi
501 4003 634 4074 Romani.
669 4000 751 4072 Quod
772 4000 836 4054 ideo
860 4007 1000 4054 mutatum
1022 4009 1074 4068 ert,

88 4133 134 4209 1⁸,
575 4206 578 4212 ¹
737 4119 741 4127 '
797 4121 869 4176 χ26
