<?xml version="1.0" encoding="UTF-8"?>
<!DOCTYPE html PUBLIC "-//W3C//DTD XHTML 1.0 Transitional//EN"
    "http://www.w3.org/TR/xhtml1/DTD/xhtml1-transitional.dtd">
<html xmlns="http://www.w3.org/1999/xhtml" xml:lang="en" lang="en">
 <head>
  <title>
</title>
<meta http-equiv="Content-Type" content="text/html;charset=utf-8" />
  <meta name='ocr-system' content='tesseract 3.04.00' />
  <meta name='ocr-capabilities' content='ocr_page ocr_carea ocr_par ocr_line ocrx_word'/>
</head>
<body>
  <div class='ocr_page' id='page_1' title='image "./commentariiinvi00liongoog_0543.png"; bbox 0 0 2454 4500; ppageno 0'>
   <div class='ocr_carea' id='block_1_1' title="bbox 104 224 1109 329">
    <p class='ocr_par' dir='ltr' id='par_1_1' title="bbox 104 224 1109 329">
     <span class='ocr_line' id='line_1_1' title="bbox 104 224 1109 329; baseline -0.006 -6"><span class='ocrx_word' id='word_1_1' title='bbox 104 248 130 285; x_wconf 90' lang='grc'><strong>-·</strong></span> <span class='ocrx_word' id='word_1_2' title='bbox 167 281 202 323; x_wconf 74' lang='lat' dir='ltr'><strong>m</strong></span> <span class='ocrx_word' id='word_1_3' title='bbox 224 259 383 325; x_wconf 75' lang='lat' dir='ltr'><strong>mcii.</strong></span> <span class='ocrx_word' id='word_1_4' title='bbox 406 257 581 323; x_wconf 76' lang='lat' dir='ltr'><strong>ianam..</strong></span> <span class='ocrx_word' id='word_1_5' title='bbox 598 253 678 319; x_wconf 79' lang='lat' dir='ltr'><strong>ua.</strong></span> <span class='ocrx_word' id='word_1_6' title='bbox 700 251 755 329; x_wconf 79' lang='lat' dir='ltr'><strong>ir,</strong></span> <span class='ocrx_word' id='word_1_7' title='bbox 777 252 976 323; x_wconf 76' lang='lat' dir='ltr'><strong>tos-429.</strong></span> <span class='ocrx_word' id='word_1_8' title='bbox 1027 224 1109 321; x_wconf 67' lang='lat' dir='ltr'><strong>aa·</strong></span> 
     </span>
    </p>
   </div>
   <div class='ocr_carea' id='block_1_2' title="bbox 10 434 1196 4005">
    <p class='ocr_par' dir='ltr' id='par_1_2' title="bbox 44 434 1095 1130">
     <span class='ocr_line' id='line_1_2' title="bbox 44 434 1093 514; baseline -0.015 -12"><span class='ocrx_word' id='word_1_9' title='bbox 44 448 173 511; x_wconf 75' lang='lat' dir='ltr'><strong>&#39;labori3</strong></span> <span class='ocrx_word' id='word_1_10' title='bbox 190 461 248 498; x_wconf 85' lang='lat' dir='ltr'><strong>non</strong></span> <span class='ocrx_word' id='word_1_11' title='bbox 260 445 345 513; x_wconf 84' lang='lat' dir='ltr'><strong>dicit,</strong></span> <span class='ocrx_word' id='word_1_12' title='bbox 362 462 433 512; x_wconf 77' lang='lat' dir='ltr'><strong>quae</strong></span> <span class='ocrx_word' id='word_1_13' title='bbox 450 459 583 514; x_wconf 73' lang='lat' dir='ltr'><strong>praesens</strong></span> <span class='ocrx_word' id='word_1_14' title='bbox 599 459 643 508; x_wconf 86' lang='lat' dir='ltr'><strong>es,</strong></span> <span class='ocrx_word' id='word_1_15' title='bbox 659 439 707 493; x_wconf 86' lang='lat' dir='ltr'><strong>sed</strong></span> <span class='ocrx_word' id='word_1_16' title='bbox 722 457 854 511; x_wconf 76' lang='lat' dir='ltr'><strong>praeseus</strong></span> <span class='ocrx_word' id='word_1_17' title='bbox 871 452 1017 503; x_wconf 85' lang='lat' dir='ltr'><strong>succurre,</strong></span> <span class='ocrx_word' id='word_1_18' title='bbox 1032 434 1051 489; x_wconf 89' lang='lat' dir='ltr'><strong>i.</strong></span> <span class='ocrx_word' id='word_1_19' title='bbox 1068 454 1093 488; x_wconf 90' lang='lat' dir='ltr'><strong>e.</strong></span> 
     </span>
     <span class='ocr_line' id='line_1_3' title="bbox 54 504 1095 584; baseline -0.012 -17"><span class='ocrx_word' id='word_1_20' title='bbox 54 517 137 581; x_wconf 84' lang='lat' dir='ltr'><strong>ilico,</strong></span> <span class='ocrx_word' id='word_1_21' title='bbox 151 518 261 578; x_wconf 77' lang='lat' dir='ltr'><strong>statim,</strong></span> <span class='ocrx_word' id='word_1_22' title='bbox 277 519 322 584; x_wconf 80' lang='lat' dir='ltr'><strong>[ex</strong></span> <span class='ocrx_word' id='word_1_23' title='bbox 333 514 529 567; x_wconf 87' lang='lat' dir='ltr'><strong>consuetudine</strong></span> <span class='ocrx_word' id='word_1_24' title='bbox 546 513 612 576; x_wconf 87' lang='lat' dir='ltr'><strong>eius,</strong></span> <span class='ocrx_word' id='word_1_25' title='bbox 629 518 659 561; x_wconf 93' lang='lat' dir='ltr'><strong>ut</strong></span> <span class='ocrx_word' id='word_1_26' title='bbox 675 511 709 562; x_wconf 89' lang='lat' dir='ltr'><strong>de</strong></span> <span class='ocrx_word' id='word_1_27' title='bbox 725 510 815 563; x_wconf 77' lang='lat' dir='ltr'><strong>ricino</strong></span> <span class='ocrx_word' id='word_1_28' title='bbox 832 516 861 562; x_wconf 87' lang='lat' dir='ltr'><strong>et</strong></span> <span class='ocrx_word' id='word_1_29' title='bbox 876 506 1000 580; x_wconf 82' lang='lat' dir='ltr'><strong>proximo</strong></span> <span class='ocrx_word' id='word_1_30' title='bbox 1012 504 1095 557; x_wconf 88' lang='lat' dir='ltr'><strong>ducat</strong></span> 
     </span>
     <span class='ocr_line' id='line_1_4' title="bbox 57 575 1093 656; baseline -0.012 -21"><span class='ocrx_word' id='word_1_31' title='bbox 57 592 232 656; x_wconf 84' lang='lat' dir='ltr'><strong>opportunas</strong></span> <span class='ocrx_word' id='word_1_32' title='bbox 254 584 452 639; x_wconf 58' lang='lat' dir='ltr'><strong>invocationes*</strong></span> <span class='ocrx_word' id='word_1_33' title='bbox 464 588 523 651; x_wconf 80' lang='lat'><strong>(12,</strong></span> <span class='ocrx_word' id='word_1_34' title='bbox 539 580 627 642; x_wconf 86' lang='lat'><strong>777.):</strong></span> <span class='ocrx_word' id='word_1_35' title='bbox 653 579 751 629; x_wconf 83' lang='lat' dir='ltr'><strong>Faune</strong></span> <span class='ocrx_word' id='word_1_36' title='bbox 767 595 864 646; x_wconf 82' lang='lat' dir='ltr'><strong><em>precor</em></strong></span> <span class='ocrx_word' id='word_1_37' title='bbox 882 578 1025 640; x_wconf 83' lang='lat' dir='ltr'><strong>miserere,</strong></span> <span class='ocrx_word' id='word_1_38' title='bbox 1049 575 1093 623; x_wconf 86' lang='lat' dir='ltr'><strong>in-</strong></span> 
     </span>
     <span class='ocr_line' id='line_1_5' title="bbox 59 645 1093 722; baseline -0.012 -20"><span class='ocrx_word' id='word_1_39' title='bbox 59 656 141 722; x_wconf 78' lang='lat' dir='ltr'><strong>quit:</strong></span> <span class='ocrx_word' id='word_1_40' title='bbox 166 660 194 703; x_wconf 89' lang='lat' dir='ltr'><strong>et</strong></span> <span class='ocrx_word' id='word_1_41' title='bbox 218 658 259 717; x_wconf 80' lang='lat'><strong>(3,</strong></span> <span class='ocrx_word' id='word_1_42' title='bbox 278 652 346 714; x_wconf 75' lang='lat'>34.):</span> <span class='ocrx_word' id='word_1_43' title='bbox 373 650 520 720; x_wconf 83' lang='lat' dir='ltr'><strong>Nymphas</strong></span> <span class='ocrx_word' id='word_1_44' title='bbox 543 650 697 700; x_wconf 84' lang='lat' dir='ltr'><strong>venerabar</strong></span> <span class='ocrx_word' id='word_1_45' title='bbox 721 660 857 715; x_wconf 69' lang='lat' dir='ltr'><strong>agrestes,</strong></span> <span class='ocrx_word' id='word_1_46' title='bbox 882 645 1093 709; x_wconf 81' lang='lat' dir='ltr'><strong>Gradivumque</strong></span> 
     </span>
     <span class='ocr_line' id='line_1_6' title="bbox 57 710 1094 791; baseline -0.011 -21"><span class='ocrx_word' id='word_1_47' title='bbox 57 725 170 791; x_wconf 70' lang='lat' dir='ltr'><strong>puttem</strong></span> <span class='ocrx_word' id='word_1_48' title='bbox 190 718 296 782; x_wconf 82' lang='lat' dir='ltr'><strong>Geticis</strong></span> <span class='ocrx_word' id='word_1_49' title='bbox 314 723 365 787; x_wconf 87' lang='lat' dir='ltr'><strong>qui</strong></span> <span class='ocrx_word' id='word_1_50' title='bbox 380 721 520 788; x_wconf 75' lang='lat' dir='ltr'><em>praesidet</em></span> <span class='ocrx_word' id='word_1_51' title='bbox 537 721 623 769; x_wconf 82' lang='lat' dir='ltr'><strong>aruir.</strong></span> <span class='ocrx_word' id='word_1_52' title='bbox 657 717 693 768; x_wconf 81' lang='lat' dir='ltr'><strong>Et</strong></span> <span class='ocrx_word' id='word_1_53' title='bbox 708 716 738 768; x_wconf 90' lang='lat' dir='ltr'><strong>in</strong></span> <span class='ocrx_word' id='word_1_54' title='bbox 760 714 937 784; x_wconf 81' lang='lat' dir='ltr'><strong>repetitione:</strong></span> <span class='ocrx_word' id='word_1_55' title='bbox 961 712 1004 762; x_wconf 86' lang='lat' dir='ltr'><strong>Tu</strong></span> <span class='ocrx_word' id='word_1_56' title='bbox 1023 710 1094 774; x_wconf 84' lang='lat' dir='ltr'><strong>Deo,</strong></span> 
     </span>
     <span class='ocr_line' id='line_1_7' title="bbox 59 772 1094 858; baseline -0.012 -18"><span class='ocrx_word' id='word_1_57' title='bbox 59 801 96 840; x_wconf 78' lang='lat' dir='ltr'><strong>tu</strong></span> <span class='ocrx_word' id='word_1_58' title='bbox 113 805 261 857; x_wconf 79' lang='lat' dir='ltr'><em>praesens,</em></span> <span class='ocrx_word' id='word_1_59' title='bbox 283 789 373 840; x_wconf 89' lang='lat' dir='ltr'><strong>maior</strong></span> <span class='ocrx_word' id='word_1_60' title='bbox 390 788 527 858; x_wconf 84' lang='lat' dir='ltr'><strong>emphasis</strong></span> <span class='ocrx_word' id='word_1_61' title='bbox 543 785 667 850; x_wconf 62' lang='lat' dir='ltr'><strong>videtur]</strong></span> <span class='ocrx_word' id='word_1_62' title='bbox 686 813 721 822; x_wconf 92' lang='lat'><em>-</em></span> <span class='ocrx_word' id='word_1_63' title='bbox 754 772 816 842; x_wconf 65' lang='grc' dir='ltr'><strong>406.ι</strong></span> <span class='ocrx_word' id='word_1_64' title='bbox 833 784 864 834; x_wconf 85' lang='lat' dir='ltr'><strong>Si</strong></span> <span class='ocrx_word' id='word_1_65' title='bbox 882 801 953 850; x_wconf 85' lang='lat' dir='ltr'><strong>qua,·</strong></span> <span class='ocrx_word' id='word_1_66' title='bbox 977 798 1033 848; x_wconf 84' lang='lat' dir='ltr'><strong>quo</strong></span> <span class='ocrx_word' id='word_1_67' title='bbox 1050 796 1094 829; x_wconf 90' lang='lat' dir='ltr'><strong>va-</strong></span> 
     </span>
     <span class='ocr_line' id='line_1_8' title="bbox 59 850 1093 926; baseline -0.013 -16"><span class='ocrx_word' id='word_1_68' title='bbox 59 867 110 910; x_wconf 83' lang='lat' dir='ltr'><strong>cat</strong></span> <span class='ocrx_word' id='word_1_69' title='bbox 133 865 161 911; x_wconf 90' lang='lat' dir='ltr'><strong>et</strong></span> <span class='ocrx_word' id='word_1_70' title='bbox 183 857 245 923; x_wconf 90' lang='lat' dir='ltr'><strong>hic,</strong></span> <span class='ocrx_word' id='word_1_71' title='bbox 271 865 300 909; x_wconf 90' lang='lat' dir='ltr'><strong>et</strong></span> <span class='ocrx_word' id='word_1_72' title='bbox 322 858 352 909; x_wconf 90' lang='lat' dir='ltr'><strong>in</strong></span> <span class='ocrx_word' id='word_1_73' title='bbox 375 857 506 926; x_wconf 83' lang='lat' dir='ltr'><strong>sequenti.</strong></span> <span class='ocrx_word' id='word_1_74' title='bbox 529 881 564 893; x_wconf 89' lang='lat'><em>-</em></span> <span class='ocrx_word' id='word_1_75' title='bbox 602 859 666 913; x_wconf 79' lang='lat'><strong>408.</strong></span> <span class='ocrx_word' id='word_1_76' title='bbox 689 852 860 921; x_wconf 73' lang='lat' dir='ltr'><strong>suspendive</strong></span> <span class='ocrx_word' id='word_1_77' title='bbox 885 852 975 912; x_wconf 77' lang='lat' dir='ltr'><strong>tholo,</strong></span> <span class='ocrx_word' id='word_1_78' title='bbox 999 850 1093 900; x_wconf 84' lang='lat' dir='ltr'><strong>tholus</strong></span> 
     </span>
     <span class='ocr_line' id='line_1_9' title="bbox 59 917 1092 998; baseline -0.011 -20"><span class='ocrx_word' id='word_1_79' title='bbox 59 926 178 998; x_wconf 75' lang='lat' dir='ltr'>proprie</span> <span class='ocrx_word' id='word_1_80' title='bbox 202 920 243 976; x_wconf 84' lang='lat' dir='ltr'><strong>es&#39;t</strong></span> <span class='ocrx_word' id='word_1_81' title='bbox 265 926 350 977; x_wconf 85' lang='lat' dir='ltr'><strong>veluti</strong></span> <span class='ocrx_word' id='word_1_82' title='bbox 373 933 480 976; x_wconf 91' lang='lat' dir='ltr'><strong>scutum</strong></span> <span class='ocrx_word' id='word_1_83' title='bbox 504 925 602 990; x_wconf 83' lang='lat' dir='ltr'><strong>breve,</strong></span> <span class='ocrx_word' id='word_1_84' title='bbox 626 923 700 992; x_wconf 79' lang='lat' dir='ltr'><strong>quod</strong></span> <span class='ocrx_word' id='word_1_85' title='bbox 722 923 752 973; x_wconf 92' lang='lat' dir='ltr'><strong>in</strong></span> <span class='ocrx_word' id='word_1_86' title='bbox 776 922 867 975; x_wconf 80' lang='lat' dir='ltr'><strong>medio</strong></span> <span class='ocrx_word' id='word_1_87' title='bbox 893 928 965 972; x_wconf 90' lang='lat' dir='ltr'><strong>tecto</strong></span> <span class='ocrx_word' id='word_1_88' title='bbox 984 925 1040 981; x_wconf 88' lang='lat' dir='ltr'><strong>est,</strong></span> <span class='ocrx_word' id='word_1_89' title='bbox 1063 917 1092 967; x_wconf 91' lang='lat' dir='ltr'><strong>in</strong></span> 
     </span>
     <span class='ocr_line' id='line_1_10' title="bbox 62 986 1093 1062; baseline -0.009 -18"><span class='ocrx_word' id='word_1_90' title='bbox 62 1010 122 1062; x_wconf 83' lang='lat' dir='ltr'><strong>quo</strong></span> <span class='ocrx_word' id='word_1_91' title='bbox 139 992 231 1045; x_wconf 86' lang='lat' dir='ltr'><strong>trabes</strong></span> <span class='ocrx_word' id='word_1_92' title='bbox 248 1002 361 1045; x_wconf 89' lang='lat' dir='ltr'><strong>coeunt:</strong></span> <span class='ocrx_word' id='word_1_93' title='bbox 386 995 421 1045; x_wconf 91' lang='lat' dir='ltr'><strong>ad</strong></span> <span class='ocrx_word' id='word_1_94' title='bbox 438 995 512 1061; x_wconf 88' lang='lat' dir='ltr'><strong>quod</strong></span> <span class='ocrx_word' id='word_1_95' title='bbox 528 994 601 1053; x_wconf 88' lang='lat' dir='ltr'><strong>dona</strong></span> <span class='ocrx_word' id='word_1_96' title='bbox 615 992 751 1059; x_wconf 73' lang='lat' dir='ltr'><strong>suspendi</strong></span> <span class='ocrx_word' id='word_1_97' title='bbox 767 994 971 1042; x_wconf 86' lang='lat' dir='ltr'><strong>consueverunt.</strong></span> <span class='ocrx_word' id='word_1_98' title='bbox 1005 986 1093 1056; x_wconf 81' lang='lat' dir='ltr'><strong>[Quae</strong></span> 
     </span>
     <span class='ocr_line' id='line_1_11' title="bbox 55 1053 1094 1130; baseline -0.011 -17"><span class='ocrx_word' id='word_1_99' title='bbox 55 1070 127 1113; x_wconf 71' lang='lat' dir='ltr'><strong>tam</strong></span> <span class='ocrx_word' id='word_1_100' title='bbox 145 1063 192 1113; x_wconf 86' lang='lat' dir='ltr'><strong>diu</strong></span> <span class='ocrx_word' id='word_1_101' title='bbox 209 1062 281 1112; x_wconf 88' lang='lat' dir='ltr'><strong>dona</strong></span> <span class='ocrx_word' id='word_1_102' title='bbox 298 1063 352 1115; x_wconf 90' lang='lat' dir='ltr'><strong>dici</strong></span> <span class='ocrx_word' id='word_1_103' title='bbox 369 1070 505 1130; x_wconf 84' lang='lat' dir='ltr'><strong>poterant,</strong></span> <span class='ocrx_word' id='word_1_104' title='bbox 522 1077 605 1130; x_wconf 87' lang='lat' dir='ltr'><strong>quam</strong></span> <span class='ocrx_word' id='word_1_105' title='bbox 624 1061 670 1112; x_wconf 91' lang='lat' dir='ltr'><strong>diu</strong></span> <span class='ocrx_word' id='word_1_106' title='bbox 687 1076 743 1112; x_wconf 92' lang='lat' dir='ltr'><strong>non</strong></span> <span class='ocrx_word' id='word_1_107' title='bbox 760 1060 876 1129; x_wconf 84' lang='lat' dir='ltr'><strong>profana</strong></span> <span class='ocrx_word' id='word_1_108' title='bbox 892 1058 999 1120; x_wconf 85' lang='lat' dir='ltr'><strong>fierent,</strong></span> <span class='ocrx_word' id='word_1_109' title='bbox 1014 1053 1094 1105; x_wconf 70' lang='lat' dir='ltr'><strong>sicini</strong></span> 
     </span>
    </p>

    <p class='ocr_par' dir='ltr' id='par_1_3' title="bbox 47 1123 1134 1882">
     <span class='ocr_line' id='line_1_12' title="bbox 61 1123 1094 1195; baseline -0.013 -12"><span class='ocrx_word' id='word_1_110' title='bbox 61 1130 97 1183; x_wconf 86' lang='lat' dir='ltr'><strong>in</strong></span> <span class='ocrx_word' id='word_1_111' title='bbox 122 1129 201 1181; x_wconf 86' lang='lat' dir='ltr'><strong>libris</strong></span> <span class='ocrx_word' id='word_1_112' title='bbox 224 1129 370 1182; x_wconf 74' lang='lat' dir='ltr'><strong>Sacrorum</strong></span> <span class='ocrx_word' id='word_1_113' title='bbox 393 1131 539 1195; x_wconf 67' lang='lat' dir='ltr'><strong>refertur]</strong></span> <span class='ocrx_word' id='word_1_114' title='bbox 585 1130 660 1180; x_wconf 88' lang='lat' dir='ltr'><strong>Bene</strong></span> <span class='ocrx_word' id='word_1_115' title='bbox 683 1137 776 1180; x_wconf 85' lang='lat' dir='ltr'><strong>autem</strong></span> <span class='ocrx_word' id='word_1_116' title='bbox 802 1136 960 1179; x_wconf 82' lang='lat' dir='ltr'><strong>venatorem</strong></span> <span class='ocrx_word' id='word_1_117' title='bbox 989 1123 1094 1175; x_wconf 88' lang='lat' dir='ltr'><strong>inducit</strong></span> 
     </span>
     <span class='ocr_line' id='line_1_13' title="bbox 52 1192 1094 1267; baseline -0.012 -15"><span class='ocrx_word' id='word_1_118' title='bbox 52 1215 171 1265; x_wconf 79' lang='lat' dir='ltr'><strong>‚numen</strong></span> <span class='ocrx_word' id='word_1_119' title='bbox 187 1197 314 1267; x_wconf 76' lang='lat' dir='ltr'><strong>invocare</strong></span> <span class='ocrx_word' id='word_1_120' title='bbox 331 1201 467 1251; x_wconf 84' lang='lat' dir='ltr'><strong>silvarum.</strong></span> <span class='ocrx_word' id='word_1_121' title='bbox 513 1199 564 1250; x_wconf 84' lang='lat' dir='ltr'><strong>Alii</strong></span> <span class='ocrx_word' id='word_1_122' title='bbox 590 1199 696 1250; x_wconf 82' lang='lat' dir='ltr'><strong>tholum</strong></span> <span class='ocrx_word' id='word_1_123' title='bbox 714 1196 824 1247; x_wconf 87' lang='lat' dir='ltr'><strong>aedium</strong></span> <span class='ocrx_word' id='word_1_124' title='bbox 841 1211 982 1248; x_wconf 85' lang='lat' dir='ltr'><strong>sacrarum</strong></span> <span class='ocrx_word' id='word_1_125' title='bbox 999 1192 1094 1243; x_wconf 90' lang='lat' dir='ltr'><strong>dicunt</strong></span> 
     </span>
     <span class='ocr_line' id='line_1_14' title="bbox 54 1259 1093 1337; baseline -0.01 -19"><span class='ocrx_word' id='word_1_126' title='bbox 54 1280 153 1336; x_wconf 26' lang='lat' dir='ltr'><strong>,genus</strong></span> <span class='ocrx_word' id='word_1_127' title='bbox 169 1265 402 1337; x_wconf 79' lang='lat' dir='ltr'><strong>fabricaeVestae</strong></span> <span class='ocrx_word' id='word_1_128' title='bbox 420 1274 447 1319; x_wconf 90' lang='lat' dir='ltr'><strong>et</strong></span> <span class='ocrx_word' id='word_1_129' title='bbox 458 1267 611 1320; x_wconf 83' lang='lat' dir='ltr'><strong>Panthaere</strong></span> <span class='ocrx_word' id='word_1_130' title='bbox 629 1266 829 1333; x_wconf 83' lang='lat' dir='ltr'><strong>*(Pantheon):</strong></span> <span class='ocrx_word' id='word_1_131' title='bbox 846 1264 898 1317; x_wconf 90' lang='lat' dir='ltr'><strong>Alii</strong></span> <span class='ocrx_word' id='word_1_132' title='bbox 913 1269 1018 1314; x_wconf 87' lang='lat' dir='ltr'><strong>tectum</strong></span> <span class='ocrx_word' id='word_1_133' title='bbox 1035 1259 1093 1310; x_wconf 91' lang='lat' dir='ltr'><strong>sine</strong></span> 
     </span>
     <span class='ocr_line' id='line_1_15' title="bbox 61 1324 1094 1403; baseline -0.011 -17"><span class='ocrx_word' id='word_1_134' title='bbox 61 1333 219 1403; x_wconf 81' lang='lat' dir='ltr'><strong>parietibus</strong></span> <span class='ocrx_word' id='word_1_135' title='bbox 235 1336 370 1387; x_wconf 88' lang='lat' dir='ltr'><strong>columnis</strong></span> <span class='ocrx_word' id='word_1_136' title='bbox 386 1324 540 1387; x_wconf 79' lang='lat' dir='ltr'><strong>subnixuni.</strong></span> <span class='ocrx_word' id='word_1_137' title='bbox 573 1335 659 1387; x_wconf 85' lang='lat' dir='ltr'><strong>Aedes</strong></span> <span class='ocrx_word' id='word_1_138' title='bbox 676 1343 769 1386; x_wconf 88' lang='lat' dir='ltr'><strong>autem</strong></span> <span class='ocrx_word' id='word_1_139' title='bbox 785 1335 915 1384; x_wconf 84' lang='lat' dir='ltr'><strong>rotundas</strong></span> <span class='ocrx_word' id='word_1_140' title='bbox 937 1330 1025 1381; x_wconf 86' lang='lat' dir='ltr'><strong>tribus</strong></span> <span class='ocrx_word' id='word_1_141' title='bbox 1042 1327 1094 1378; x_wconf 90' lang='lat' dir='ltr'><strong>diis</strong></span> 
     </span>
     <span class='ocr_line' id='line_1_16' title="bbox 60 1394 1094 1473; baseline -0.014 -14"><span class='ocrx_word' id='word_1_142' title='bbox 60 1404 163 1473; x_wconf 49' lang='lat' dir='ltr'><strong>dicuat</strong></span> <span class='ocrx_word' id='word_1_143' title='bbox 179 1402 240 1455; x_wconf 85' lang='lat' dir='ltr'><strong>fieri</strong></span> <span class='ocrx_word' id='word_1_144' title='bbox 256 1404 373 1469; x_wconf 87' lang='lat' dir='ltr'><strong>debere,</strong></span> <span class='ocrx_word' id='word_1_145' title='bbox 390 1406 495 1468; x_wconf 78' lang='lat' dir='ltr'><strong>Vestae,</strong></span> <span class='ocrx_word' id='word_1_146' title='bbox 511 1404 624 1468; x_wconf 85' lang='lat' dir='ltr'><strong>Dianae,</strong></span> <span class='ocrx_word' id='word_1_147' title='bbox 641 1403 683 1454; x_wconf 90' lang='lat' dir='ltr'><strong>vel</strong></span> <span class='ocrx_word' id='word_1_148' title='bbox 698 1402 809 1454; x_wconf 84' lang='lat' dir='ltr'><strong>Herculi</strong></span> <span class='ocrx_word' id='word_1_149' title='bbox 825 1401 867 1463; x_wconf 85' lang='lat' dir='ltr'><strong>vel</strong></span> <span class='ocrx_word' id='word_1_150' title='bbox 882 1394 1043 1460; x_wconf 82' lang='lat' dir='ltr'><strong>Mercurio]</strong></span> <span class='ocrx_word' id='word_1_151' title='bbox 1060 1420 1094 1432; x_wconf 89' lang='lat'>-</span> 
     </span>
     <span class='ocr_line' id='line_1_17' title="bbox 60 1465 1123 1540; baseline -0.007 -18"><span class='ocrx_word' id='word_1_152' title='bbox 60 1472 129 1528; x_wconf 72' lang='grc'><strong>409.</strong></span> <span class='ocrx_word' id='word_1_153' title='bbox 153 1472 279 1523; x_wconf 80' lang='lat' dir='ltr'><strong>Turbire</strong></span> <span class='ocrx_word' id='word_1_154' title='bbox 304 1475 436 1540; x_wconf 62' lang='lat' dir='ltr'><strong>globum</strong></span> <span class='ocrx_word' id='word_1_155' title='bbox 460 1489 526 1523; x_wconf 83' lang='lat' dir='ltr'><strong>sana</strong></span> <span class='ocrx_word' id='word_1_156' title='bbox 569 1472 654 1525; x_wconf 80' lang='lat' dir='ltr'><strong>stitia.</strong></span> <span class='ocrx_word' id='word_1_157' title='bbox 701 1472 774 1520; x_wconf 89' lang='lat' dir='ltr'><strong>Nam</strong></span> <span class='ocrx_word' id='word_1_158' title='bbox 798 1470 862 1537; x_wconf 89' lang='lat' dir='ltr'><strong>quia</strong></span> <span class='ocrx_word' id='word_1_159' title='bbox 885 1466 960 1535; x_wconf 89' lang='lat' dir='ltr'><strong>[tot]</strong></span> <span class='ocrx_word' id='word_1_160' title='bbox 984 1465 1094 1516; x_wconf 89' lang='lat' dir='ltr'><strong>vincere</strong></span> <span class='ocrx_word' id='word_1_161' title='bbox 1119 1472 1123 1479; x_wconf 92' lang='lat'>&#39;</span> 
     </span>
     <span class='ocr_line' id='line_1_18' title="bbox 62 1489 1096 1611; baseline -0.009 -19"><span class='ocrx_word' id='word_1_162' title='bbox 62 1540 235 1608; x_wconf 87' lang='lat' dir='ltr'><strong>impossibile</strong></span> <span class='ocrx_word' id='word_1_163' title='bbox 251 1543 356 1605; x_wconf 87' lang='lat' dir='ltr'><strong>iuerat,</strong></span> <span class='ocrx_word' id='word_1_164' title='bbox 373 1543 457 1611; x_wconf 85' lang='lat' dir='ltr'><strong>petit,</strong></span> <span class='ocrx_word' id='word_1_165' title='bbox 474 1548 505 1590; x_wconf 90' lang='lat' dir='ltr'><strong>ut</strong></span> <span class='ocrx_word' id='word_1_166' title='bbox 520 1489 615 1592; x_wconf 78' lang='lat' dir='ltr'><strong>sallem</strong></span> <span class='ocrx_word' id='word_1_167' title='bbox 632 1537 700 1606; x_wconf 88' lang='lat' dir='ltr'><strong>[eos]</strong></span> <span class='ocrx_word' id='word_1_168' title='bbox 716 1538 861 1607; x_wconf 86' lang='lat' dir='ltr'><strong>perturbet</strong></span> <span class='ocrx_word' id='word_1_169' title='bbox 875 1537 994 1587; x_wconf 83' lang='lat' dir='ltr'><strong>telorum</strong></span> <span class='ocrx_word' id='word_1_170' title='bbox 1011 1532 1096 1584; x_wconf 87' lang='lat' dir='ltr'><strong>bene·</strong></span> 
     </span>
     <span class='ocr_line' id='line_1_19' title="bbox 63 1600 1095 1679; baseline -0.011 -19"><span class='ocrx_word' id='word_1_171' title='bbox 63 1608 138 1660; x_wconf 81' lang='lat' dir='ltr'><strong>ficio.</strong></span> <span class='ocrx_word' id='word_1_172' title='bbox 172 1607 246 1676; x_wconf 81' lang='lat' dir='ltr'><strong>Rege</strong></span> <span class='ocrx_word' id='word_1_173' title='bbox 264 1611 318 1660; x_wconf 86' lang='lat' dir='ltr'><strong>tela</strong></span> <span class='ocrx_word' id='word_1_174' title='bbox 336 1627 384 1677; x_wconf 87' lang='lat' dir='ltr'><strong>per</strong></span> <span class='ocrx_word' id='word_1_175' title='bbox 402 1625 505 1673; x_wconf 70' lang='lat' dir='ltr'><strong>ouras,</strong></span> <span class='ocrx_word' id='word_1_176' title='bbox 527 1625 578 1679; x_wconf 83' lang='lat' dir='ltr'><strong>per</strong></span> <span class='ocrx_word' id='word_1_177' title='bbox 600 1615 712 1662; x_wconf 89' lang='lat' dir='ltr'><strong>noctem</strong></span> <span class='ocrx_word' id='word_1_178' title='bbox 736 1607 767 1658; x_wconf 86' lang='lat' dir='ltr'><strong>in</strong></span> <span class='ocrx_word' id='word_1_179' title='bbox 784 1621 839 1674; x_wconf 84' lang='lat' dir='ltr'><strong>qua</strong></span> <span class='ocrx_word' id='word_1_180' title='bbox 854 1603 913 1656; x_wconf 88' lang='lat' dir='ltr'><strong>sine</strong></span> <span class='ocrx_word' id='word_1_181' title='bbox 930 1600 1027 1652; x_wconf 80' lang='lat' dir='ltr'><strong>arixilio</strong></span> <span class='ocrx_word' id='word_1_182' title='bbox 1045 1616 1095 1650; x_wconf 85' lang='lat' dir='ltr'><strong>nu-</strong></span> 
     </span>
     <span class='ocr_line' id='line_1_20' title="bbox 61 1669 1095 1746; baseline -0.012 -18"><span class='ocrx_word' id='word_1_183' title='bbox 61 1677 150 1728; x_wconf 85' lang='lat' dir='ltr'><strong>minis</strong></span> <span class='ocrx_word' id='word_1_184' title='bbox 172 1677 243 1729; x_wconf 87' lang='lat' dir='ltr'><strong>recti</strong></span> <span class='ocrx_word' id='word_1_185' title='bbox 266 1679 352 1729; x_wconf 87' lang='lat' dir='ltr'><strong>iactus</strong></span> <span class='ocrx_word' id='word_1_186' title='bbox 375 1694 434 1730; x_wconf 85' lang='lat' dir='ltr'><strong>esse</strong></span> <span class='ocrx_word' id='word_1_187' title='bbox 457 1692 515 1728; x_wconf 90' lang='lat' dir='ltr'><strong>non</strong></span> <span class='ocrx_word' id='word_1_188' title='bbox 536 1683 656 1746; x_wconf 85' lang='lat' dir='ltr'><strong>possunt</strong></span> <span class='ocrx_word' id='word_1_189' title='bbox 681 1701 713 1713; x_wconf 88' lang='lat'><em>—</em></span> <span class='ocrx_word' id='word_1_190' title='bbox 756 1679 818 1731; x_wconf 82' lang='grc'>411.</span> <span class='ocrx_word' id='word_1_191' title='bbox 842 1673 960 1724; x_wconf 79' lang='lat' dir='ltr'><strong>Ferrum</strong></span> <span class='ocrx_word' id='word_1_192' title='bbox 984 1669 1095 1720; x_wconf 75' lang='lat' dir='ltr'><strong>conicit</strong></span> 
     </span>
     <span class='ocr_line' id='line_1_21' title="bbox 47 1736 1093 1811; baseline -0.01 -16"><span class='ocrx_word' id='word_1_193' title='bbox 47 1744 167 1809; x_wconf 57' lang='lat' dir='ltr'><strong>-hastur</strong></span> <span class='ocrx_word' id='word_1_194' title='bbox 184 1745 220 1797; x_wconf 87' lang='lat' dir='ltr'><strong>de</strong></span> <span class='ocrx_word' id='word_1_195' title='bbox 236 1746 311 1797; x_wconf 85' lang='lat' dir='ltr'><strong>ferro</strong></span> <span class='ocrx_word' id='word_1_196' title='bbox 327 1747 363 1798; x_wconf 86' lang='lat' dir='ltr'><strong>ad</strong></span> <span class='ocrx_word' id='word_1_197' title='bbox 379 1747 487 1799; x_wconf 88' lang='lat' dir='ltr'><strong>hastam</strong></span> <span class='ocrx_word' id='word_1_198' title='bbox 503 1745 618 1796; x_wconf 87' lang='lat' dir='ltr'><strong>transiit.</strong></span> <span class='ocrx_word' id='word_1_199' title='bbox 655 1742 774 1806; x_wconf 78' lang='lat' dir='ltr'><strong>Carsicis,</strong></span> <span class='ocrx_word' id='word_1_200' title='bbox 790 1759 840 1811; x_wconf 89' lang='lat' dir='ltr'><strong>pro</strong></span> <span class='ocrx_word' id='word_1_201' title='bbox 855 1743 939 1793; x_wconf 86' lang='lat' dir='ltr'><strong>coitit</strong></span> <span class='ocrx_word' id='word_1_202' title='bbox 952 1736 1093 1808; x_wconf 86' lang='lat' dir='ltr'><strong>(coniicit).</strong></span> 
     </span>
     <span class='ocr_line' id='line_1_22' title="bbox 62 1805 1134 1882; baseline -0.007 -18"><span class='ocrx_word' id='word_1_203' title='bbox 62 1814 140 1865; x_wconf 85' lang='lat' dir='ltr'><strong>Nam</strong></span> <span class='ocrx_word' id='word_1_204' title='bbox 158 1815 262 1867; x_wconf 86' lang='lat' dir='ltr'><strong>conicit</strong></span> <span class='ocrx_word' id='word_1_205' title='bbox 285 1814 430 1882; x_wconf 81' lang='lat' dir='ltr'><strong>antiquum</strong></span> <span class='ocrx_word' id='word_1_206' title='bbox 447 1822 496 1866; x_wconf 88' lang='lat' dir='ltr'><strong>est.</strong></span> <span class='ocrx_word' id='word_1_207' title='bbox 513 1839 547 1852; x_wconf 90' lang='lat'>-</span> <span class='ocrx_word' id='word_1_208' title='bbox 581 1817 643 1870; x_wconf 83' lang='grc'>412,</span> <span class='ocrx_word' id='word_1_209' title='bbox 660 1813 778 1875; x_wconf 73' lang='lat' dir='ltr'><strong>Adverti</strong></span> <span class='ocrx_word' id='word_1_210' title='bbox 804 1813 835 1860; x_wconf 89' lang='lat' dir='ltr'><strong>in</strong></span> <span class='ocrx_word' id='word_1_211' title='bbox 860 1823 966 1876; x_wconf 83' lang='lat' dir='ltr'><strong>tergum</strong></span> <span class='ocrx_word' id='word_1_212' title='bbox 985 1805 1095 1867; x_wconf 82' lang='lat' dir='ltr'><strong>Sulmo-</strong></span> <span class='ocrx_word' id='word_1_213' title='bbox 1125 1846 1134 1869; x_wconf 88' lang='lat'><strong>,</strong></span> 
     </span>
    </p>

    <p class='ocr_par' dir='ltr' id='par_1_4' title="bbox 10 1880 1122 2018">
     <span class='ocr_line' id='line_1_23' title="bbox 20 1880 1122 1952; baseline -0.008 -20"><span class='ocrx_word' id='word_1_214' title='bbox 20 1904 32 1913; x_wconf 75' lang='lat'><em>-</em></span> <span class='ocrx_word' id='word_1_215' title='bbox 66 1885 130 1943; x_wconf 74' lang='lat' dir='ltr'><strong>nis,</strong></span> <span class='ocrx_word' id='word_1_216' title='bbox 147 1893 254 1949; x_wconf 80' lang='lat' dir='ltr'><strong>tergum</strong></span> <span class='ocrx_word' id='word_1_217' title='bbox 272 1897 323 1952; x_wconf 91' lang='lat' dir='ltr'><strong>pro</strong></span> <span class='ocrx_word' id='word_1_218' title='bbox 341 1895 436 1949; x_wconf 82' lang='lat' dir='ltr'><strong>tergus</strong></span> <span class='ocrx_word' id='word_1_219' title='bbox 453 1883 526 1933; x_wconf 72' lang='lat' dir='ltr'><strong>dixit.</strong></span> <span class='ocrx_word' id='word_1_220' title='bbox 561 1880 714 1943; x_wconf 82' lang='lat' dir='ltr'><strong>Sallustius:</strong></span> <span class='ocrx_word' id='word_1_221' title='bbox 733 1880 832 1946; x_wconf 84' lang='lat' dir='ltr'><strong>Tergis</strong></span> <span class='ocrx_word' id='word_1_222' title='bbox 850 1880 1026 1940; x_wconf 81' lang='lat' dir='ltr'><strong>vinciebant,</strong></span> <span class='ocrx_word' id='word_1_223' title='bbox 1042 1889 1094 1944; x_wconf 84' lang='lat' dir='ltr'><strong>pro</strong></span> <span class='ocrx_word' id='word_1_224' title='bbox 1112 1892 1122 1901; x_wconf 41' lang='lat' dir='ltr'><strong>s</strong></span> 
     </span>
     <span class='ocr_line' id='line_1_24' title="bbox 10 1942 1094 2018; baseline -0.009 -16"><span class='ocrx_word' id='word_1_225' title='bbox 10 1994 21 2011; x_wconf 65' lang='grc'>,</span> <span class='ocrx_word' id='word_1_226' title='bbox 63 1950 230 2018; x_wconf 80' lang='lat' dir='ltr'><strong>tergoribus.</strong></span> <span class='ocrx_word' id='word_1_227' title='bbox 266 1951 303 2000; x_wconf 91' lang='lat' dir='ltr'><strong>Ut</strong></span> <span class='ocrx_word' id='word_1_228' title='bbox 324 1950 508 2018; x_wconf 83' lang='lat' dir='ltr'><strong>intelligamus</strong></span> <span class='ocrx_word' id='word_1_229' title='bbox 531 1950 640 2002; x_wconf 79' lang='lat' dir='ltr'><strong>hastam</strong></span> <span class='ocrx_word' id='word_1_230' title='bbox 662 1951 691 2001; x_wconf 91' lang='lat' dir='ltr'><strong>in</strong></span> <span class='ocrx_word' id='word_1_231' title='bbox 715 1957 822 1999; x_wconf 87' lang='lat' dir='ltr'><strong>scutum</strong></span> <span class='ocrx_word' id='word_1_232' title='bbox 846 1948 965 2012; x_wconf 89' lang='lat' dir='ltr'><strong>venisse,</strong></span> <span class='ocrx_word' id='word_1_233' title='bbox 989 1953 1017 1996; x_wconf 92' lang='lat' dir='ltr'><strong>et</strong></span> <span class='ocrx_word' id='word_1_234' title='bbox 1038 1942 1094 1994; x_wconf 91' lang='lat' dir='ltr'><strong>illic</strong></span> 
     </span>
    </p>

    <p class='ocr_par' dir='ltr' id='par_1_5' title="bbox 33 2012 1151 2703">
     <span class='ocr_line' id='line_1_25' title="bbox 33 2012 1094 2086; baseline -0.009 -16"><span class='ocrx_word' id='word_1_235' title='bbox 33 2045 39 2050; x_wconf 95' lang='lat'><em>·</em></span> <span class='ocrx_word' id='word_1_236' title='bbox 64 2036 125 2071; x_wconf 83' lang='lat' dir='ltr'><strong>esse</strong></span> <span class='ocrx_word' id='word_1_237' title='bbox 142 2018 280 2069; x_wconf 79' lang='lat' dir='ltr'><strong>collisam:</strong></span> <span class='ocrx_word' id='word_1_238' title='bbox 305 2025 336 2068; x_wconf 88' lang='lat' dir='ltr'><strong>ut</strong></span> <span class='ocrx_word' id='word_1_239' title='bbox 353 2019 505 2086; x_wconf 80' lang='lat' dir='ltr'><strong>frangitur</strong></span> <span class='ocrx_word' id='word_1_240' title='bbox 522 2019 556 2069; x_wconf 91' lang='lat' dir='ltr'><strong>sit</strong></span> <span class='ocrx_word' id='word_1_241' title='bbox 574 2016 646 2084; x_wconf 88' lang='lat' dir='ltr'><strong>[pro]</strong></span> <span class='ocrx_word' id='word_1_242' title='bbox 663 2017 806 2068; x_wconf 87' lang='lat' dir='ltr'><strong>colliditur.</strong></span> <span class='ocrx_word' id='word_1_243' title='bbox 842 2017 916 2066; x_wconf 89' lang='lat' dir='ltr'><strong>Fisso</strong></span> <span class='ocrx_word' id='word_1_244' title='bbox 934 2015 1002 2074; x_wconf 79' lang='lat' dir='ltr'><strong>scuti</strong></span> <span class='ocrx_word' id='word_1_245' title='bbox 1018 2012 1094 2080; x_wconf 77' lang='lat' dir='ltr'><strong>ligno</strong></span> 
     </span>
     <span class='ocr_line' id='line_1_26' title="bbox 65 2081 1116 2157; baseline -0.009 -18"><span class='ocrx_word' id='word_1_246' title='bbox 65 2086 154 2139; x_wconf 89' lang='lat' dir='ltr'><strong>etiam</strong></span> <span class='ocrx_word' id='word_1_247' title='bbox 169 2085 333 2154; x_wconf 83' lang='lat' dir='ltr'><strong>praecordia</strong></span> <span class='ocrx_word' id='word_1_248' title='bbox 349 2096 512 2156; x_wconf 82' lang='lat' dir='ltr'><strong>penetrasse,</strong></span> <span class='ocrx_word' id='word_1_249' title='bbox 529 2086 608 2138; x_wconf 86' lang='lat' dir='ltr'><strong>aliter</strong></span> <span class='ocrx_word' id='word_1_250' title='bbox 626 2103 682 2137; x_wconf 93' lang='lat' dir='ltr'><strong>non</strong></span> <span class='ocrx_word' id='word_1_251' title='bbox 698 2084 831 2157; x_wconf 78' lang='lat' dir='ltr'><strong>procedit.</strong></span> <span class='ocrx_word' id='word_1_252' title='bbox 864 2084 937 2134; x_wconf 87' lang='lat' dir='ltr'><strong>Nam</strong></span> <span class='ocrx_word' id='word_1_253' title='bbox 948 2081 971 2134; x_wconf 90' lang='lat' dir='ltr'><strong>si</strong></span> <span class='ocrx_word' id='word_1_254' title='bbox 987 2081 1096 2133; x_wconf 83' lang='lat' dir='ltr'><strong>hastam</strong></span> <span class='ocrx_word' id='word_1_255' title='bbox 1113 2098 1116 2105; x_wconf 92' lang='lat'>·</span> 
     </span>
     <span class='ocr_line' id='line_1_27' title="bbox 62 2148 1093 2223; baseline -0.009 -16"><span class='ocrx_word' id='word_1_256' title='bbox 62 2171 98 2208; x_wconf 84' lang='lat' dir='ltr'><strong>re</strong></span> <span class='ocrx_word' id='word_1_257' title='bbox 122 2171 186 2209; x_wconf 80' lang='lat' dir='ltr'><strong>veru</strong></span> <span class='ocrx_word' id='word_1_258' title='bbox 211 2156 329 2206; x_wconf 75' lang='lat' dir='ltr'><strong>tractim</strong></span> <span class='ocrx_word' id='word_1_259' title='bbox 354 2157 534 2223; x_wconf 82' lang='lat' dir='ltr'><strong>accipiamus,</strong></span> <span class='ocrx_word' id='word_1_260' title='bbox 562 2154 670 2206; x_wconf 81' lang='lat' dir='ltr'><strong>tatione</strong></span> <span class='ocrx_word' id='word_1_261' title='bbox 703 2162 780 2206; x_wconf 86' lang='lat' dir='ltr'><strong>caret</strong></span> <span class='ocrx_word' id='word_1_262' title='bbox 806 2152 982 2221; x_wconf 69' lang='lat' dir='ltr'><strong>quoddicit:</strong></span> <span class='ocrx_word' id='word_1_263' title='bbox 1011 2148 1093 2206; x_wconf 77' lang='lat' dir='ltr'><strong>Firso</strong></span> 
     </span>
     <span class='ocr_line' id='line_1_28' title="bbox 62 2221 1094 2291; baseline -0.006 -17"><span class='ocrx_word' id='word_1_264' title='bbox 62 2225 173 2291; x_wconf 69' lang='lat' dir='ltr'><strong>transit</strong></span> <span class='ocrx_word' id='word_1_265' title='bbox 194 2225 359 2289; x_wconf 83' lang='lat' dir='ltr'><strong>praecordia</strong></span> <span class='ocrx_word' id='word_1_266' title='bbox 385 2225 472 2290; x_wconf 83' lang='lat' dir='ltr'><strong>ligno.</strong></span> <span class='ocrx_word' id='word_1_267' title='bbox 514 2224 568 2276; x_wconf 87' lang='lat' dir='ltr'><strong>Alii</strong></span> <span class='ocrx_word' id='word_1_268' title='bbox 591 2239 623 2274; x_wconf 91' lang='lat' dir='ltr'><strong>re</strong></span> <span class='ocrx_word' id='word_1_269' title='bbox 646 2237 711 2273; x_wconf 89' lang='lat' dir='ltr'><strong>vera</strong></span> <span class='ocrx_word' id='word_1_270' title='bbox 734 2225 764 2273; x_wconf 90' lang='lat' dir='ltr'><strong>in</strong></span> <span class='ocrx_word' id='word_1_271' title='bbox 786 2231 898 2290; x_wconf 84' lang='lat' dir='ltr'><strong>tergum</strong></span> <span class='ocrx_word' id='word_1_272' title='bbox 922 2221 1014 2271; x_wconf 83' lang='lat' dir='ltr'><strong>volunt</strong></span> <span class='ocrx_word' id='word_1_273' title='bbox 1036 2234 1094 2270; x_wconf 89' lang='lat' dir='ltr'><strong>esse</strong></span> 
     </span>
     <span class='ocr_line' id='line_1_29' title="bbox 51 2287 1095 2362; baseline -0.008 -18"><span class='ocrx_word' id='word_1_274' title='bbox 51 2307 243 2362; x_wconf 87' lang='lat' dir='ltr'><strong>·percussum;</strong></span> <span class='ocrx_word' id='word_1_275' title='bbox 260 2291 333 2359; x_wconf 89' lang='lat' dir='ltr'><strong>quod</strong></span> <span class='ocrx_word' id='word_1_276' title='bbox 349 2293 448 2344; x_wconf 85' lang='lat' dir='ltr'><strong>falsum</strong></span> <span class='ocrx_word' id='word_1_277' title='bbox 466 2300 514 2345; x_wconf 86' lang='lat' dir='ltr'><strong>est.</strong></span> <span class='ocrx_word' id='word_1_278' title='bbox 546 2294 619 2344; x_wconf 87' lang='lat' dir='ltr'><strong>Nam</strong></span> <span class='ocrx_word' id='word_1_279' title='bbox 632 2307 686 2358; x_wconf 86' lang='lat' dir='ltr'><strong>quo</strong></span> <span class='ocrx_word' id='word_1_280' title='bbox 698 2291 781 2342; x_wconf 89' lang='lat' dir='ltr'><strong>modo</strong></span> <span class='ocrx_word' id='word_1_281' title='bbox 798 2298 861 2342; x_wconf 88' lang='lat' dir='ltr'><strong>ante</strong></span> <span class='ocrx_word' id='word_1_282' title='bbox 877 2289 971 2339; x_wconf 80' lang='lat' dir='ltr'><strong>lissum</strong></span> <span class='ocrx_word' id='word_1_283' title='bbox 986 2287 1095 2354; x_wconf 83' lang='lat' dir='ltr'><strong>lignum</strong></span> 
     </span>
     <span class='ocr_line' id='line_1_30' title="bbox 65 2356 1095 2432; baseline -0.009 -20"><span class='ocrx_word' id='word_1_284' title='bbox 65 2367 153 2424; x_wconf 85' lang='lat' dir='ltr'><strong>esset,</strong></span> <span class='ocrx_word' id='word_1_285' title='bbox 171 2362 254 2412; x_wconf 83' lang='lat' dir='ltr'><strong>et-sio</strong></span> <span class='ocrx_word' id='word_1_286' title='bbox 272 2360 614 2432; x_wconf 84' lang='lat' dir='ltr'><strong>praecordiapenetrata?</strong></span> <span class='ocrx_word' id='word_1_287' title='bbox 637 2360 784 2413; x_wconf 82' lang='lat' dir='ltr'><strong>Sciendum</strong></span> <span class='ocrx_word' id='word_1_288' title='bbox 801 2368 896 2415; x_wconf 82' lang='lat' dir='ltr'><strong>tamen</strong></span> <span class='ocrx_word' id='word_1_289' title='bbox 912 2357 1004 2408; x_wconf 83' lang='lat' dir='ltr'><strong>locum</strong></span> <span class='ocrx_word' id='word_1_290' title='bbox 1020 2356 1095 2407; x_wconf 90' lang='lat' dir='ltr'><strong>hunc</strong></span> 
     </span>
     <span class='ocr_line' id='line_1_31' title="bbox 65 2424 1151 2498; baseline 0.006 -20"><span class='ocrx_word' id='word_1_291' title='bbox 65 2443 156 2480; x_wconf 82' lang='lat' dir='ltr'><strong>tinum</strong></span> <span class='ocrx_word' id='word_1_292' title='bbox 181 2445 238 2480; x_wconf 87' lang='lat' dir='ltr'><strong>esse</strong></span> <span class='ocrx_word' id='word_1_293' title='bbox 262 2430 296 2483; x_wconf 86' lang='lat' dir='ltr'><strong>de</strong></span> <span class='ocrx_word' id='word_1_294' title='bbox 320 2429 362 2480; x_wconf 91' lang='lat' dir='ltr'><strong>his</strong></span> <span class='ocrx_word' id='word_1_295' title='bbox 386 2446 452 2497; x_wconf 85' lang='lat' dir='ltr'><strong>quos</strong></span> <span class='ocrx_word' id='word_1_296' title='bbox 476 2428 666 2498; x_wconf 83' lang='lat' dir='ltr'><strong>[insolubiles]</strong></span> <span class='ocrx_word' id='word_1_297' title='bbox 691 2430 806 2480; x_wconf 86' lang='lat' dir='ltr'><strong>diximus</strong></span> <span class='ocrx_word' id='word_1_298' title='bbox 829 2442 912 2494; x_wconf 89' lang='lat' dir='ltr'><strong>supra</strong></span> <span class='ocrx_word' id='word_1_299' title='bbox 935 2424 1041 2493; x_wconf 79' lang='lat'><strong>&#39;(363·)·</strong></span> <span class='ocrx_word' id='word_1_300' title='bbox 1061 2448 1096 2462; x_wconf 89' lang='lat'><strong>···</strong></span> <span class='ocrx_word' id='word_1_301' title='bbox 1147 2478 1151 2497; x_wconf 72' lang='lat'><strong>,</strong></span> 
     </span>
     <span class='ocr_line' id='line_1_32' title="bbox 63 2490 1140 2567; baseline 0.005 -21"><span class='ocrx_word' id='word_1_302' title='bbox 63 2503 129 2554; x_wconf 76' lang='lat'><strong>4¹3.</strong></span> <span class='ocrx_word' id='word_1_303' title='bbox 150 2494 269 2564; x_wconf 81' lang='lat' dir='ltr'><strong>[Ligno;</strong></span> <span class='ocrx_word' id='word_1_304' title='bbox 296 2497 409 2565; x_wconf 85' lang='lat' dir='ltr'><strong>quidam</strong></span> <span class='ocrx_word' id='word_1_305' title='bbox 431 2499 573 2551; x_wconf 77' lang='lat' dir='ltr'><strong>humiliter</strong></span> <span class='ocrx_word' id='word_1_306' title='bbox 590 2498 694 2551; x_wconf 86' lang='lat' dir='ltr'><strong>dictum</strong></span> <span class='ocrx_word' id='word_1_307' title='bbox 711 2496 868 2567; x_wconf 81' lang='lat' dir='ltr'><strong>accipiunt]</strong></span> <span class='ocrx_word' id='word_1_308' title='bbox 885 2521 919 2532; x_wconf 89' lang='lat'>-</span> <span class='ocrx_word' id='word_1_309' title='bbox 953 2497 1013 2550; x_wconf 75' lang='lat'><strong>416·</strong></span> <span class='ocrx_word' id='word_1_310' title='bbox 1032 2490 1094 2543; x_wconf 76' lang='grc' dir='ltr'><strong>Ηῠθ</strong></span> <span class='ocrx_word' id='word_1_311' title='bbox 1138 2534 1140 2539; x_wconf 68' lang='lat'><strong>,</strong></span> 
     </span>
     <span class='ocr_line' id='line_1_33' title="bbox 65 2567 1094 2637; baseline -0.004 -22"><span class='ocrx_word' id='word_1_312' title='bbox 65 2568 164 2616; x_wconf 79' lang='lat' dir='ltr'><strong>acrior</strong></span> <span class='ocrx_word' id='word_1_313' title='bbox 182 2569 271 2630; x_wconf 85' lang='lat' dir='ltr'><strong>idem,-</strong></span> <span class='ocrx_word' id='word_1_314' title='bbox 289 2568 360 2634; x_wconf 92' lang='lat' dir='ltr'><strong>quod</strong></span> <span class='ocrx_word' id='word_1_315' title='bbox 377 2567 508 2631; x_wconf 84' lang='lat' dir='ltr'><strong>latuerat,</strong></span> <span class='ocrx_word' id='word_1_316' title='bbox 526 2575 554 2618; x_wconf 90' lang='lat' dir='ltr'><strong>et</strong></span> <span class='ocrx_word' id='word_1_317' title='bbox 570 2568 642 2636; x_wconf 86' lang='lat' dir='ltr'><strong>quod</strong></span> <span class='ocrx_word' id='word_1_318' title='bbox 661 2567 686 2620; x_wconf 93' lang='lat' dir='ltr'><strong>ei</strong></span> <span class='ocrx_word' id='word_1_319' title='bbox 703 2568 808 2637; x_wconf 88' lang='lat' dir='ltr'><strong>primus</strong></span> <span class='ocrx_word' id='word_1_320' title='bbox 824 2579 956 2631; x_wconf 84' lang='lat' dir='ltr'><strong>prospere</strong></span> <span class='ocrx_word' id='word_1_321' title='bbox 974 2567 1094 2613; x_wconf 79' lang='lat' dir='ltr'><strong>cesserat</strong></span> 
     </span>
     <span class='ocr_line' id='line_1_34' title="bbox 62 2631 1095 2703; baseline -0.006 -18"><span class='ocrx_word' id='word_1_322' title='bbox 62 2634 161 2685; x_wconf 89' lang='lat' dir='ltr'><strong>iactus.</strong></span> <span class='ocrx_word' id='word_1_323' title='bbox 177 2659 212 2689; x_wconf 61' lang='lat' dir='ltr'><strong>e·-</strong></span> <span class='ocrx_word' id='word_1_324' title='bbox 246 2639 306 2691; x_wconf 76' lang='lat'><strong>417·</strong></span> <span class='ocrx_word' id='word_1_325' title='bbox 327 2635 424 2685; x_wconf 88' lang='lat' dir='ltr'><strong>Telum</strong></span> <span class='ocrx_word' id='word_1_326' title='bbox 441 2637 565 2687; x_wconf 78' lang='lat' dir='ltr'><strong>librabat</strong></span> <span class='ocrx_word' id='word_1_327' title='bbox 581 2637 615 2685; x_wconf 86' lang='lat' dir='ltr'><strong>ab</strong></span> <span class='ocrx_word' id='word_1_328' title='bbox 635 2653 721 2700; x_wconf 79' lang='lat' dir='ltr'><strong>aure,-</strong></span> <span class='ocrx_word' id='word_1_329' title='bbox 739 2642 830 2703; x_wconf 86' lang='lat' dir='ltr'><strong>gestus</strong></span> <span class='ocrx_word' id='word_1_330' title='bbox 846 2631 990 2684; x_wconf 87' lang='lat' dir='ltr'><strong>iaculantis</strong></span> <span class='ocrx_word' id='word_1_331' title='bbox 1007 2631 1095 2696; x_wconf 84' lang='lat' dir='ltr'><strong>expri-</strong></span> 
     </span>
    </p>

    <p class='ocr_par' dir='ltr' id='par_1_6' title="bbox 40 2696 1095 2770">
     <span class='ocr_line' id='line_1_35' title="bbox 40 2696 1095 2770; baseline -0.007 -17"><span class='ocrx_word' id='word_1_332' title='bbox 40 2718 45 2731; x_wconf 80' lang='grc'><strong><em>·</em></strong></span> <span class='ocrx_word' id='word_1_333' title='bbox 63 2702 168 2753; x_wconf 82' lang='lat' dir='ltr'><strong>mitur:</strong></span> <span class='ocrx_word' id='word_1_334' title='bbox 189 2703 306 2770; x_wconf 90' lang='lat' dir='ltr'><strong>[duobus</strong></span> <span class='ocrx_word' id='word_1_335' title='bbox 329 2713 423 2756; x_wconf 86' lang='lat' dir='ltr'><strong>autem</strong></span> <span class='ocrx_word' id='word_1_336' title='bbox 445 2704 592 2770; x_wconf 80' lang='lat' dir='ltr'><strong>generibus</strong></span> <span class='ocrx_word' id='word_1_337' title='bbox 616 2704 755 2754; x_wconf 83' lang='lat' dir='ltr'><strong>manualia</strong></span> <span class='ocrx_word' id='word_1_338' title='bbox 770 2701 826 2753; x_wconf 88' lang='lat' dir='ltr'><strong>tela</strong></span> <span class='ocrx_word' id='word_1_339' title='bbox 848 2696 1023 2761; x_wconf 78' lang='lat' dir='ltr'><strong>mittunturtl</strong></span> <span class='ocrx_word' id='word_1_340' title='bbox 1048 2704 1095 2749; x_wconf 85' lang='lat' dir='ltr'><strong>aut</strong></span> 
     </span>
    </p>

    <p class='ocr_par' dir='ltr' id='par_1_7' title="bbox 36 2767 1196 3813">
     <span class='ocr_line' id='line_1_36' title="bbox 36 2767 1094 2841; baseline 0.002 -18"><span class='ocrx_word' id='word_1_341' title='bbox 36 2830 40 2841; x_wconf 74' lang='lat'><em>.</em></span> <span class='ocrx_word' id='word_1_342' title='bbox 64 2770 143 2823; x_wconf 89' lang='lat' dir='ltr'><strong>enim</strong></span> <span class='ocrx_word' id='word_1_343' title='bbox 160 2771 195 2822; x_wconf 88' lang='lat' dir='ltr'><strong>ab</strong></span> <span class='ocrx_word' id='word_1_344' title='bbox 214 2788 294 2835; x_wconf 87' lang='lat' dir='ltr'><strong>aure,</strong></span> <span class='ocrx_word' id='word_1_345' title='bbox 320 2779 367 2822; x_wconf 84' lang='lat' dir='ltr'><strong>aut</strong></span> <span class='ocrx_word' id='word_1_346' title='bbox 390 2789 406 2822; x_wconf 88' lang='lat' dir='ltr'><strong>a</strong></span> <span class='ocrx_word' id='word_1_347' title='bbox 428 2772 515 2824; x_wconf 85' lang='lat' dir='ltr'><strong>latere</strong></span> <span class='ocrx_word' id='word_1_348' title='bbox 537 2771 592 2822; x_wconf 88' lang='lat' dir='ltr'><strong>tela</strong></span> <span class='ocrx_word' id='word_1_349' title='bbox 608 2771 752 2823; x_wconf 85' lang='lat' dir='ltr'><strong>iaciuntur.</strong></span> <span class='ocrx_word' id='word_1_350' title='bbox 769 2797 804 2807; x_wconf 89' lang='grc'>-</span> <span class='ocrx_word' id='word_1_351' title='bbox 837 2770 899 2826; x_wconf 80' lang='grc'>418-</span> <span class='ocrx_word' id='word_1_352' title='bbox 920 2767 970 2817; x_wconf 64' lang='grc' dir='ltr'><strong>ΡΗ</strong></span> <span class='ocrx_word' id='word_1_353' title='bbox 988 2776 1094 2833; x_wconf 60' lang='lat' dir='ltr'><strong>tempus</strong></span> 
     </span>
     <span class='ocr_line' id='line_1_37' title="bbox 65 2835 1094 2909; baseline 0 -21"><span class='ocrx_word' id='word_1_354' title='bbox 65 2852 231 2906; x_wconf 76' lang='lat' dir='ltr'><strong>utrumque3</strong></span> <span class='ocrx_word' id='word_1_355' title='bbox 254 2856 377 2907; x_wconf 81' lang='lat' dir='ltr'><strong>congrue</strong></span> <span class='ocrx_word' id='word_1_356' title='bbox 394 2839 462 2891; x_wconf 90' lang='lat' dir='ltr'><strong>dicit</strong></span> <span class='ocrx_word' id='word_1_357' title='bbox 477 2839 564 2890; x_wconf 87' lang='lat' dir='ltr'><strong>telum</strong></span> <span class='ocrx_word' id='word_1_358' title='bbox 580 2852 630 2904; x_wconf 88' lang='lat' dir='ltr'><strong>per</strong></span> <span class='ocrx_word' id='word_1_359' title='bbox 645 2847 762 2909; x_wconf 75' lang='lat' dir='ltr'><strong>,tempus</strong></span> <span class='ocrx_word' id='word_1_360' title='bbox 779 2844 928 2904; x_wconf 87' lang='lat' dir='ltr'><strong>utrumque</strong></span> <span class='ocrx_word' id='word_1_361' title='bbox 953 2835 1094 2888; x_wconf 85' lang='lat' dir='ltr'><strong>transisse:</strong></span> 
     </span>
     <span class='ocr_line' id='line_1_38' title="bbox 63 2903 1183 2974; baseline -0.005 -14"><span class='ocrx_word' id='word_1_362' title='bbox 63 2907 107 2960; x_wconf 88' lang='lat' dir='ltr'><strong>ait</strong></span> <span class='ocrx_word' id='word_1_363' title='bbox 123 2909 222 2973; x_wconf 77' lang='lat' dir='ltr'><strong>erim,</strong></span> <span class='ocrx_word' id='word_1_364' title='bbox 238 2908 355 2959; x_wconf 82' lang='lat' dir='ltr'><strong>Diversi</strong></span> <span class='ocrx_word' id='word_1_365' title='bbox 374 2908 624 2974; x_wconf 82' lang='lat' dir='ltr'><strong>circumspiciunt:</strong></span> <span class='ocrx_word' id='word_1_366' title='bbox 648 2906 702 2958; x_wconf 88' lang='lat' dir='ltr'><strong>hoc</strong></span> <span class='ocrx_word' id='word_1_367' title='bbox 720 2916 761 2959; x_wconf 83' lang='lat' dir='ltr'><strong>est</strong></span> <span class='ocrx_word' id='word_1_368' title='bbox 777 2903 831 2957; x_wconf 86' lang='lat' dir='ltr'><strong>huc</strong></span> <span class='ocrx_word' id='word_1_369' title='bbox 849 2913 877 2957; x_wconf 89' lang='lat' dir='ltr'><strong>et</strong></span> <span class='ocrx_word' id='word_1_370' title='bbox 893 2904 958 2955; x_wconf 89' lang='lat' dir='ltr'><strong>illue</strong></span> <span class='ocrx_word' id='word_1_371' title='bbox 976 2916 1025 2954; x_wconf 83' lang='lat' dir='ltr'><strong>ora</strong></span> <span class='ocrx_word' id='word_1_372' title='bbox 1042 2903 1094 2954; x_wconf 88' lang='lat' dir='ltr'><strong>cir·</strong></span> <span class='ocrx_word' id='word_1_373' title='bbox 1179 2962 1183 2968; x_wconf 32' lang='lat'>¹</span> 
     </span>
     <span class='ocr_line' id='line_1_39' title="bbox 62 2975 1094 3047; baseline -0.005 -20"><span class='ocrx_word' id='word_1_374' title='bbox 62 2978 232 3042; x_wconf 75' lang='lat' dir='ltr'><strong>sumserunt,</strong></span> <span class='ocrx_word' id='word_1_375' title='bbox 248 2994 298 3047; x_wconf 91' lang='lat' dir='ltr'><strong>per</strong></span> <span class='ocrx_word' id='word_1_376' title='bbox 311 2992 395 3044; x_wconf 85' lang='lat' dir='ltr'><strong>quarn</strong></span> <span class='ocrx_word' id='word_1_377' title='bbox 409 2975 644 3043; x_wconf 85' lang='lat' dir='ltr'><strong>opportunitatem</strong></span> <span class='ocrx_word' id='word_1_378' title='bbox 663 2976 753 3046; x_wconf 85' lang='lat' dir='ltr'><strong>potuit</strong></span> <span class='ocrx_word' id='word_1_379' title='bbox 765 2976 851 3027; x_wconf 86' lang='lat' dir='ltr'><strong>telum</strong></span> <span class='ocrx_word' id='word_1_380' title='bbox 865 2982 974 3040; x_wconf 82' lang='lat' dir='ltr'><strong>ternpus</strong></span> <span class='ocrx_word' id='word_1_381' title='bbox 987 2981 1094 3041; x_wconf 85' lang='lat' dir='ltr'><strong>utrum·</strong></span> 
     </span>
     <span class='ocr_line' id='line_1_40' title="bbox 63 3038 1095 3115; baseline -0.002 -21"><span class='ocrx_word' id='word_1_382' title='bbox 63 3060 121 3114; x_wconf 86' lang='lat' dir='ltr'><strong>que</strong></span> <span class='ocrx_word' id='word_1_383' title='bbox 137 3047 262 3096; x_wconf 84' lang='lat' dir='ltr'><strong>transire.</strong></span> <span class='ocrx_word' id='word_1_384' title='bbox 295 3047 379 3115; x_wconf 86' lang='lat' dir='ltr'><strong>Asper</strong></span> <span class='ocrx_word' id='word_1_385' title='bbox 396 3053 490 3096; x_wconf 87' lang='lat' dir='ltr'><strong>tamen</strong></span> <span class='ocrx_word' id='word_1_386' title='bbox 507 3044 587 3107; x_wconf 86' lang='lat' dir='ltr'><strong>dicit,</strong></span> <span class='ocrx_word' id='word_1_387' title='bbox 610 3043 661 3094; x_wconf 87' lang='lat' dir='ltr'><strong>Per</strong></span> <span class='ocrx_word' id='word_1_388' title='bbox 678 3054 785 3111; x_wconf 83' lang='lat' dir='ltr'><strong>tempus</strong></span> <span class='ocrx_word' id='word_1_389' title='bbox 804 3038 1034 3110; x_wconf 84' lang='lat' dir='ltr'><strong>utrumque,·hoc</strong></span> <span class='ocrx_word' id='word_1_390' title='bbox 1053 3049 1095 3096; x_wconf 89' lang='lat' dir='ltr'><strong>est</strong></span> 
     </span>
     <span class='ocr_line' id='line_1_41' title="bbox 60 3106 1151 3183; baseline -0.004 -18"><span class='ocrx_word' id='word_1_391' title='bbox 60 3114 138 3165; x_wconf 77' lang='lat' dir='ltr'><strong>inter</strong></span> <span class='ocrx_word' id='word_1_392' title='bbox 155 3114 267 3183; x_wconf 76' lang='lat' dir='ltr'><strong>tempus</strong></span> <span class='ocrx_word' id='word_1_393' title='bbox 284 3121 448 3183; x_wconf 87' lang='lat' dir='ltr'><strong>utrumque,</strong></span> <span class='ocrx_word' id='word_1_394' title='bbox 471 3120 502 3164; x_wconf 90' lang='lat' dir='ltr'><strong>ut</strong></span> <span class='ocrx_word' id='word_1_395' title='bbox 519 3120 632 3164; x_wconf 84' lang='lat' dir='ltr'><strong>econtra</strong></span> <span class='ocrx_word' id='word_1_396' title='bbox 650 3116 697 3180; x_wconf 89' lang='lat'><strong>(7,</strong></span> <span class='ocrx_word' id='word_1_397' title='bbox 715 3114 785 3176; x_wconf 82' lang='lat'>33.):</span> <span class='ocrx_word' id='word_1_398' title='bbox 809 3109 892 3163; x_wconf 81' lang='lat' dir='ltr'><strong>Hunc</strong></span> <span class='ocrx_word' id='word_1_399' title='bbox 912 3114 985 3163; x_wconf 80' lang='lat' dir='ltr'><strong>inter</strong></span> <span class='ocrx_word' id='word_1_400' title='bbox 994 3106 1092 3178; x_wconf 78' lang='lat' dir='ltr'><strong>fluvio</strong></span> <span class='ocrx_word' id='word_1_401' title='bbox 1148 3118 1151 3129; x_wconf 88' lang='grc'><strong>’</strong></span> 
     </span>
     <span class='ocr_line' id='line_1_42' title="bbox 64 3175 1095 3250; baseline -0.003 -18"><span class='ocrx_word' id='word_1_402' title='bbox 64 3181 222 3233; x_wconf 84' lang='lat' dir='ltr'><strong>Tiberinus</strong></span> <span class='ocrx_word' id='word_1_403' title='bbox 247 3198 378 3235; x_wconf 82' lang='lat' dir='ltr'><strong>amoeno:</strong></span> <span class='ocrx_word' id='word_1_404' title='bbox 403 3183 421 3233; x_wconf 91' lang='lat' dir='ltr'><strong>i.</strong></span> <span class='ocrx_word' id='word_1_405' title='bbox 449 3201 471 3239; x_wconf 80' lang='lat' dir='ltr'><strong>e.</strong></span> <span class='ocrx_word' id='word_1_406' title='bbox 495 3197 546 3249; x_wconf 89' lang='lat' dir='ltr'><strong>per</strong></span> <span class='ocrx_word' id='word_1_407' title='bbox 568 3178 650 3233; x_wconf 92' lang='lat' dir='ltr'><strong>hunc.</strong></span> <span class='ocrx_word' id='word_1_408' title='bbox 685 3178 803 3250; x_wconf 88' lang='lat' dir='ltr'><strong>Quodsi</strong></span> <span class='ocrx_word' id='word_1_409' title='bbox 826 3189 879 3246; x_wconf 89' lang='lat' dir='ltr'><strong>est,</strong></span> <span class='ocrx_word' id='word_1_410' title='bbox 901 3175 1095 3247; x_wconf 80' lang='lat' dir='ltr'><strong>intelligamus,</strong></span> 
     </span>
     <span class='ocr_line' id='line_1_43' title="bbox 64 3247 1095 3320; baseline -0.002 -20"><span class='ocrx_word' id='word_1_411' title='bbox 64 3251 180 3304; x_wconf 87' lang='lat' dir='ltr'><strong>eumin</strong></span> <span class='ocrx_word' id='word_1_412' title='bbox 197 3252 288 3302; x_wconf 86' lang='lat' dir='ltr'><strong>fronte</strong></span> <span class='ocrx_word' id='word_1_413' title='bbox 306 3268 363 3303; x_wconf 90' lang='lat' dir='ltr'><strong>esse</strong></span> <span class='ocrx_word' id='word_1_414' title='bbox 381 3252 560 3304; x_wconf 85' lang='lat' dir='ltr'><strong>vulneratum.</strong></span> <span class='ocrx_word' id='word_1_415' title='bbox 574 3275 608 3288; x_wconf 90' lang='lat'><em>-</em></span> <span class='ocrx_word' id='word_1_416' title='bbox 643 3254 704 3309; x_wconf 77' lang='grc'><strong>419.</strong></span> <span class='ocrx_word' id='word_1_417' title='bbox 719 3250 866 3320; x_wconf 76' lang='lat' dir='ltr'><strong>Tepefactc</strong></span> <span class='ocrx_word' id='word_1_418' title='bbox 885 3250 1010 3310; x_wconf 86' lang='lat' dir='ltr'><strong>cerebro,·</strong></span> <span class='ocrx_word' id='word_1_419' title='bbox 1028 3247 1095 3299; x_wconf 85' lang='lat' dir='ltr'><strong>alibi</strong></span> 
     </span>
     <span class='ocr_line' id='line_1_44' title="bbox 63 3317 1137 3387; baseline -0.003 -19"><span class='ocrx_word' id='word_1_420' title='bbox 63 3317 163 3387; x_wconf 79' lang='lat'>(701.):</span> <span class='ocrx_word' id='word_1_421' title='bbox 192 3320 226 3368; x_wconf 88' lang='lat' dir='ltr'><strong>Et</strong></span> <span class='ocrx_word' id='word_1_422' title='bbox 243 3317 307 3386; x_wconf 78' lang='lat' dir='ltr'><strong>fixo</strong></span> <span class='ocrx_word' id='word_1_423' title='bbox 326 3320 438 3387; x_wconf 81' lang='lat' dir='ltr'><strong>ferrum</strong></span> <span class='ocrx_word' id='word_1_424' title='bbox 466 3325 497 3371; x_wconf 86' lang='lat' dir='ltr'><strong>in</strong></span> <span class='ocrx_word' id='word_1_425' title='bbox 520 3320 652 3386; x_wconf 82' lang='lat' dir='ltr'><strong>pulmone</strong></span> <span class='ocrx_word' id='word_1_426' title='bbox 676 3323 794 3384; x_wconf 81' lang='lat' dir='ltr'><strong>tepescit.</strong></span> <span class='ocrx_word' id='word_1_427' title='bbox 812 3344 846 3367; x_wconf 84' lang='grc'><strong>-,</strong></span> <span class='ocrx_word' id='word_1_428' title='bbox 886 3323 949 3374; x_wconf 77' lang='grc'><strong>422.</strong></span> <span class='ocrx_word' id='word_1_429' title='bbox 967 3317 1091 3382; x_wconf 85' lang='lat' dir='ltr'><strong>Intereo;</strong></span> <span class='ocrx_word' id='word_1_430' title='bbox 1135 3324 1137 3329; x_wconf 61' lang='lat'><strong><em>⁴</em></strong></span> 
     </span>
     <span class='ocr_line' id='line_1_45' title="bbox 55 3383 1163 3457; baseline -0.005 -16"><span class='ocrx_word' id='word_1_431' title='bbox 55 3389 154 3441; x_wconf 79' lang='lat' dir='ltr'><strong>‘donec</strong></span> <span class='ocrx_word' id='word_1_432' title='bbox 176 3388 221 3439; x_wconf 88' lang='lat' dir='ltr'><strong>illa</strong></span> <span class='ocrx_word' id='word_1_433' title='bbox 243 3389 386 3440; x_wconf 80' lang='lat' dir='ltr'><strong>inuenitur.</strong></span> <span class='ocrx_word' id='word_1_434' title='bbox 420 3389 531 3456; x_wconf 80' lang='lat' dir='ltr'><strong>[calido</strong></span> <span class='ocrx_word' id='word_1_435' title='bbox 551 3390 622 3440; x_wconf 85' lang='lat' dir='ltr'><strong>mihi</strong></span> <span class='ocrx_word' id='word_1_436' title='bbox 640 3393 781 3456; x_wconf 83' lang='lat' dir='ltr'><strong>sunguine</strong></span> <span class='ocrx_word' id='word_1_437' title='bbox 798 3392 918 3457; x_wconf 74' lang='lat' dir='ltr'><strong>poenas,</strong></span> <span class='ocrx_word' id='word_1_438' title='bbox 942 3386 1046 3437; x_wconf 83' lang='lat' dir='ltr'><strong>Ennius</strong></span> <span class='ocrx_word' id='word_1_439' title='bbox 1063 3383 1094 3436; x_wconf 88' lang='lat' dir='ltr'><strong>in</strong></span> <span class='ocrx_word' id='word_1_440' title='bbox 1161 3431 1163 3435; x_wconf 80' lang='grc'>,</span> 
     </span>
     <span class='ocr_line' id='line_1_46' title="bbox 60 3450 1196 3528; baseline 0.001 -21"><span class='ocrx_word' id='word_1_441' title='bbox 60 3457 173 3528; x_wconf 87' lang='lat' dir='ltr'><strong>primo:</strong></span> <span class='ocrx_word' id='word_1_442' title='bbox 197 3455 272 3505; x_wconf 86' lang='lat' dir='ltr'><strong>Nam</strong></span> <span class='ocrx_word' id='word_1_443' title='bbox 292 3460 331 3508; x_wconf 87' lang='lat' dir='ltr'><strong>mi</strong></span> <span class='ocrx_word' id='word_1_444' title='bbox 349 3455 440 3509; x_wconf 76' lang='lat' dir='ltr'><strong>calido</strong></span> <span class='ocrx_word' id='word_1_445' title='bbox 461 3458 512 3508; x_wconf 80' lang='lat' dir='ltr'><strong>das</strong></span> <span class='ocrx_word' id='word_1_446' title='bbox 537 3461 678 3525; x_wconf 81' lang='lat' dir='ltr'><strong>sanguine</strong></span> <span class='ocrx_word' id='word_1_447' title='bbox 695 3458 871 3524; x_wconf 78' lang='lat' dir='ltr'><strong>poenas.]-</strong></span> <span class='ocrx_word' id='word_1_448' title='bbox 904 3450 1094 3511; x_wconf 64' lang='lat' dir='ltr'><strong>tlibrPersol·</strong></span> <span class='ocrx_word' id='word_1_449' title='bbox 1188 3481 1196 3501; x_wconf 61' lang='lat' dir='ltr'>x</span> 
     </span>
     <span class='ocr_line' id='line_1_47' title="bbox 61 3518 1093 3594; baseline -0.003 -17"><span class='ocrx_word' id='word_1_450' title='bbox 61 3542 113 3577; x_wconf 83' lang='lat' dir='ltr'><strong>ves</strong></span> <span class='ocrx_word' id='word_1_451' title='bbox 132 3527 277 3575; x_wconf 81' lang='lat' dir='ltr'><strong>amborum</strong></span> <span class='ocrx_word' id='word_1_452' title='bbox 284 3545 293 3589; x_wconf 90' lang='lat'><strong>,·</strong></span> <span class='ocrx_word' id='word_1_453' title='bbox 318 3535 367 3577; x_wconf 87' lang='lat' dir='ltr'><strong>aut</strong></span> <span class='ocrx_word' id='word_1_454' title='bbox 383 3527 553 3577; x_wconf 81' lang='lat' dir='ltr'><strong>occisorum:</strong></span> <span class='ocrx_word' id='word_1_455' title='bbox 575 3536 623 3594; x_wconf 74' lang='lat' dir='ltr'><strong>erit</strong></span> <span class='ocrx_word' id='word_1_456' title='bbox 646 3536 706 3578; x_wconf 87' lang='lat' dir='ltr'><strong>tuas</strong></span> <span class='ocrx_word' id='word_1_457' title='bbox 728 3535 756 3579; x_wconf 95' lang='lat' dir='ltr'><strong>et</strong></span> <span class='ocrx_word' id='word_1_458' title='bbox 771 3521 838 3578; x_wconf 87' lang='lat' dir='ltr'><strong>Nisi.</strong></span> <span class='ocrx_word' id='word_1_459' title='bbox 871 3520 944 3574; x_wconf 87' lang='lat' dir='ltr'><strong>Nam</strong></span> <span class='ocrx_word' id='word_1_460' title='bbox 962 3518 1028 3574; x_wconf 88' lang='lat' dir='ltr'><strong>duos</strong></span> <span class='ocrx_word' id='word_1_461' title='bbox 1046 3535 1093 3576; x_wconf 85' lang='lat' dir='ltr'><strong>eos</strong></span> 
     </span>
     <span class='ocr_line' id='line_1_48' title="bbox 60 3589 1093 3663; baseline 0 -19"><span class='ocrx_word' id='word_1_462' title='bbox 60 3594 148 3648; x_wconf 79' lang='lat' dir='ltr'><strong>fuisse</strong></span> <span class='ocrx_word' id='word_1_463' title='bbox 165 3594 254 3655; x_wconf 84' lang='lat' dir='ltr'><strong>novit;</strong></span> <span class='ocrx_word' id='word_1_464' title='bbox 277 3609 359 3663; x_wconf 82' lang='lat' dir='ltr'><strong>supro</strong></span> <span class='ocrx_word' id='word_1_465' title='bbox 383 3589 525 3657; x_wconf 65' lang='lat' dir='ltr'><strong>euim&#39;ait,</strong></span> <span class='ocrx_word' id='word_1_466' title='bbox 554 3590 628 3645; x_wconf 82' lang='lat' dir='ltr'><strong>State</strong></span> <span class='ocrx_word' id='word_1_467' title='bbox 646 3598 711 3645; x_wconf 85' lang='lat' dir='ltr'><strong>uiri.</strong></span> <span class='ocrx_word' id='word_1_468' title='bbox 729 3618 763 3633; x_wconf 81' lang='grc'><strong>-·</strong></span> <span class='ocrx_word' id='word_1_469' title='bbox 797 3599 858 3652; x_wconf 78' lang='grc'><strong>426.</strong></span> <span class='ocrx_word' id='word_1_470' title='bbox 877 3591 1031 3660; x_wconf 84' lang='lat' dir='ltr'><strong>[Amplius,·</strong></span> <span class='ocrx_word' id='word_1_471' title='bbox 1058 3589 1093 3645; x_wconf 84' lang='lat' dir='ltr'><strong>de</strong></span> 
     </span>
     <span class='ocr_line' id='line_1_49' title="bbox 62 3658 1137 3744; baseline 0 -30"><span class='ocrx_word' id='word_1_472' title='bbox 62 3669 178 3727; x_wconf 88' lang='lat' dir='ltr'><strong>cetero,</strong></span> <span class='ocrx_word' id='word_1_473' title='bbox 205 3659 333 3730; x_wconf 87' lang='lat' dir='ltr'><strong>posthac,</strong></span> <span class='ocrx_word' id='word_1_474' title='bbox 357 3663 498 3715; x_wconf 85' lang='lat' dir='ltr'><strong>interdurn</strong></span> <span class='ocrx_word' id='word_1_475' title='bbox 516 3670 544 3713; x_wconf 91' lang='lat' dir='ltr'><strong>et</strong></span> <span class='ocrx_word' id='word_1_476' title='bbox 559 3666 741 3744; x_wconf 77' lang='lat' dir='ltr'><strong>‹piantitatem</strong></span> <span class='ocrx_word' id='word_1_477' title='bbox 766 3660 914 3728; x_wconf 80' lang='lat' dir='ltr'><strong>significat,</strong></span> <span class='ocrx_word' id='word_1_478' title='bbox 937 3669 968 3711; x_wconf 92' lang='lat' dir='ltr'><strong>ut</strong></span> <span class='ocrx_word' id='word_1_479' title='bbox 991 3658 1093 3721; x_wconf 72' lang='lat' dir='ltr'><strong>&#39;leten-</strong></span> <span class='ocrx_word' id='word_1_480' title='bbox 1136 3667 1137 3670; x_wconf 76' lang='grc'>’</span> 
     </span>
     <span class='ocr_line' id='line_1_50' title="bbox 58 3729 1093 3813; baseline -0.003 -31"><span class='ocrx_word' id='word_1_481' title='bbox 58 3731 118 3782; x_wconf 86' lang='lat' dir='ltr'><strong>tius</strong></span> <span class='ocrx_word' id='word_1_482' title='bbox 136 3730 229 3796; x_wconf 80' lang='lat' dir='ltr'><strong>(Andr.</strong></span> <span class='ocrx_word' id='word_1_483' title='bbox 246 3733 279 3795; x_wconf 91' lang='lat'><strong>1,</strong></span> <span class='ocrx_word' id='word_1_484' title='bbox 296 3732 328 3794; x_wconf 91' lang='lat'><strong>1,</strong></span> <span class='ocrx_word' id='word_1_485' title='bbox 344 3731 393 3794; x_wconf 77' lang='lat' dir='ltr'><strong>lt.):</strong></span> <span class='ocrx_word' id='word_1_486' title='bbox 420 3730 502 3796; x_wconf 86' lang='lat' dir='ltr'><strong>Quod</strong></span> <span class='ocrx_word' id='word_1_487' title='bbox 520 3733 571 3782; x_wconf 78' lang='lat' dir='ltr'><strong>tibi</strong></span> <span class='ocrx_word' id='word_1_488' title='bbox 590 3740 716 3789; x_wconf 71' lang='lat' dir='ltr'><strong>mauors</strong></span> <span class='ocrx_word' id='word_1_489' title='bbox 734 3729 844 3813; x_wconf 73' lang='lat' dir='ltr'><strong>efficere</strong></span> <span class='ocrx_word' id='word_1_490' title='bbox 862 3730 913 3782; x_wconf 87' lang='lat' dir='ltr'><strong>hoc</strong></span> <span class='ocrx_word' id='word_1_491' title='bbox 930 3731 1019 3799; x_wconf 80' lang='lat' dir='ltr'><strong>possit</strong></span> <span class='ocrx_word' id='word_1_492' title='bbox 1036 3730 1093 3780; x_wconf 83' lang='lat' dir='ltr'><strong>um·</strong></span> 
     </span>
    </p>

    <p class='ocr_par' dir='ltr' id='par_1_8' title="bbox 35 3796 1151 4005">
     <span class='ocr_line' id='line_1_51' title="bbox 35 3796 1094 3873; baseline -0.001 -24"><span class='ocrx_word' id='word_1_493' title='bbox 35 3866 41 3873; x_wconf 31' lang='lat'><strong>·</strong></span> <span class='ocrx_word' id='word_1_494' title='bbox 60 3800 151 3869; x_wconf 84' lang='lat' dir='ltr'><strong>plius.</strong></span> <span class='ocrx_word' id='word_1_495' title='bbox 186 3798 309 3849; x_wconf 86' lang='lat' dir='ltr'><strong>Tantum</strong></span> <span class='ocrx_word' id='word_1_496' title='bbox 326 3802 434 3866; x_wconf 83' lang='lat' dir='ltr'><strong>potuir,·</strong></span> <span class='ocrx_word' id='word_1_497' title='bbox 458 3797 512 3852; x_wconf 75' lang='lat' dir='ltr'><strong>hoc</strong></span> <span class='ocrx_word' id='word_1_498' title='bbox 535 3803 655 3866; x_wconf 84' lang='lat' dir='ltr'><strong>quamvis</strong></span> <span class='ocrx_word' id='word_1_499' title='bbox 672 3802 707 3853; x_wconf 88' lang='lat' dir='ltr'><strong>ad</strong></span> <span class='ocrx_word' id='word_1_500' title='bbox 725 3812 851 3853; x_wconf 78' lang='lat' dir='ltr'><strong>animum</strong></span> <span class='ocrx_word' id='word_1_501' title='bbox 866 3796 926 3852; x_wconf 87' lang='lat' dir='ltr'><strong>Nisi</strong></span> <span class='ocrx_word' id='word_1_502' title='bbox 949 3800 1094 3867; x_wconf 85' lang='lat' dir='ltr'><strong>pertineat,</strong></span> 
     </span>
     <span class='ocr_line' id='line_1_52' title="bbox 60 3867 1093 3939; baseline 0.001 -20"><span class='ocrx_word' id='word_1_503' title='bbox 60 3877 161 3919; x_wconf 87' lang='lat' dir='ltr'><strong>tamen</strong></span> <span class='ocrx_word' id='word_1_504' title='bbox 183 3869 367 3935; x_wconf 83' lang='lat' dir='ltr'><strong>sympathiam</strong></span> <span class='ocrx_word' id='word_1_505' title='bbox 391 3871 477 3920; x_wconf 90' lang='lat' dir='ltr'><strong>etiam</strong></span> <span class='ocrx_word' id='word_1_506' title='bbox 500 3870 580 3938; x_wconf 84' lang='lat' dir='ltr'><strong>po&#39;e&#39;ta</strong></span> <span class='ocrx_word' id='word_1_507' title='bbox 605 3887 636 3921; x_wconf 83' lang='lat' dir='ltr'><strong>ex</strong></span> <span class='ocrx_word' id='word_1_508' title='bbox 659 3887 707 3920; x_wconf 86' lang='lat' dir='ltr'><strong>sua</strong></span> <span class='ocrx_word' id='word_1_509' title='bbox 724 3883 841 3939; x_wconf 88' lang='lat' dir='ltr'><strong>persona</strong></span> <span class='ocrx_word' id='word_1_510' title='bbox 862 3867 946 3932; x_wconf 79' lang='lat' dir='ltr'><strong>iecit]</strong></span> <span class='ocrx_word' id='word_1_511' title='bbox 963 3890 997 3904; x_wconf 64' lang='lat'><strong>⁶·-</strong></span> <span class='ocrx_word' id='word_1_512' title='bbox 1030 3871 1093 3924; x_wconf 72' lang='lat'><strong>427.</strong></span> 
     </span>
     <span class='ocr_line' id='line_1_53' title="bbox 61 3932 1151 4005; baseline 0.003 -17"><span class='ocrx_word' id='word_1_513' title='bbox 61 3936 113 3988; x_wconf 87' lang='lat' dir='ltr'><strong>Me</strong></span> <span class='ocrx_word' id='word_1_514' title='bbox 138 3952 195 3999; x_wconf 73' lang='lat' dir='ltr'><strong>me,</strong></span> <span class='ocrx_word' id='word_1_515' title='bbox 220 3935 348 3987; x_wconf 84' lang='lat' dir='ltr'><strong>subaudis</strong></span> <span class='ocrx_word' id='word_1_516' title='bbox 373 3938 534 4005; x_wconf 79' lang='lat' dir='ltr'><strong>interficite,</strong></span> <span class='ocrx_word' id='word_1_517' title='bbox 564 3942 592 3990; x_wconf 86' lang='lat' dir='ltr'><strong>et</strong></span> <span class='ocrx_word' id='word_1_518' title='bbox 616 3945 657 3991; x_wconf 87' lang='lat' dir='ltr'><strong>est</strong></span> <span class='ocrx_word' id='word_1_519' title='bbox 679 3935 834 4004; x_wconf 83' lang='lat' dir='ltr'><strong>interrupta</strong></span> <span class='ocrx_word' id='word_1_520' title='bbox 856 3934 973 3988; x_wconf 87' lang='lat' dir='ltr'><strong>elocutio</strong></span> <span class='ocrx_word' id='word_1_521' title='bbox 997 3932 1094 3991; x_wconf 81' lang='lat' dir='ltr'><strong>dolore</strong></span> <span class='ocrx_word' id='word_1_522' title='bbox 1140 3951 1151 3979; x_wconf 65' lang='lat' dir='ltr'><strong>t</strong></span> 
     </span>
    </p>
   </div>
   <div class='ocr_carea' id='block_1_3' title="bbox 58 3990 1180 4231">
    <p class='ocr_par' dir='ltr' id='par_1_9' title="bbox 58 3990 1180 4231">
     <span class='ocr_line' id='line_1_54' title="bbox 58 3990 1180 4231; baseline 0.001 -174"><span class='ocrx_word' id='word_1_523' title='bbox 58 4005 174 4057; x_wconf 88' lang='lat' dir='ltr'><strong>turbati.</strong></span> <span class='ocrx_word' id='word_1_524' title='bbox 191 3990 244 4042; x_wconf 29' lang='grc' dir='ltr'><strong>-Χ</strong></span> <span class='ocrx_word' id='word_1_525' title='bbox 259 4007 322 4062; x_wconf 80' lang='lat'><strong>429.</strong></span> <span class='ocrx_word' id='word_1_526' title='bbox 339 4004 398 4058; x_wconf 87' lang='lat' dir='ltr'><strong>Nec</strong></span> <span class='ocrx_word' id='word_1_527' title='bbox 414 4010 521 4074; x_wconf 67' lang='lat' dir='ltr'><strong>potuitg</strong></span> <span class='ocrx_word' id='word_1_528' title='bbox 539 4007 653 4061; x_wconf 73' lang='lat' dir='ltr'><strong>rafidim</strong></span> <span class='ocrx_word' id='word_1_529' title='bbox 670 4005 873 4075; x_wconf 82' lang='lat' dir='ltr'><strong>argumentatio</strong></span> <span class='ocrx_word' id='word_1_530' title='bbox 891 4019 923 4059; x_wconf 81' lang='lat' dir='ltr'><strong>ex</strong></span> <span class='ocrx_word' id='word_1_531' title='bbox 938 3996 1180 4231; x_wconf 62' lang='lat' dir='ltr'><strong>impossih‘pe</strong></span> 
     </span>
    </p>
   </div>
   <div class='ocr_carea' id='block_1_4' title="bbox 0 0 1232 4500">
    <p class='ocr_par' dir='ltr' id='par_1_10' title="bbox 0 0 1232 4500">
     <span class='ocr_line' id='line_1_55' title="bbox 0 0 1232 4500; baseline 0 0"><span class='ocrx_word' id='word_1_532' title='bbox 0 0 1232 4500; x_wconf 95' lang='lat' dir='ltr'><strong> </strong></span> 
     </span>
    </p>
   </div>
  </div>
 </body>
</html>
