2454 4500
125 265 169 333 aa
385 212 525 322 servu
547 217 903 335 concurreramus

130 454 158 500 et
174 443 298 498 recondis
314 442 357 497 vel
370 442 528 510 primariis,
543 448 575 492 ut
591 441 651 494 aliis
668 438 933 508 verbisnepetierit:
951 443 998 493 cui

129 528 232 568 tactam
259 511 389 578 dederat]
423 513 459 563 Et
481 511 632 563 secundum
648 509 788 561 Romanos
812 511 918 564 locutus
943 520 997 576 est,

64 624 66 631 .
129 585 181 638 nisi
198 582 314 649 captatis
337 579 478 632 iaciebant
499 580 634 646 auguriis,
659 587 686 630 et
710 578 993 646 praecipue‘nupt'ias.

128 650 276 720 (2,‘371.):
302 649 483 716 Contentique
508 650 621 714 auspice
641 647 742 710 (Guelf.
758 647 778 697 Ι.
802 649 836 698 nh
863 647 956 714 cusp.)
980 649 1002 697 B

127 719 227 774 venalis
245 725 305 785 (10,
322 717 406 780 336.);
436 717 531 767 Veniet
548 733 611 765 cum
629 716 824 782 signatoribus
842 733 957 783 auspex.
995 718 1004 766 l

127 789 253 843 verbium
269 794 316 840 est.
334 813 368 824 -
403 779 464 843 347'.
482 785 585 835 Scelere
604 792 670 845 etc.;
687 784 894 849 umgenitum:
912 802 981 837 iiam
999 804 1004 836 ι

129 857 269 926 procedit,
285 855 464 922 sisegreges:
481 853 555 922 Quos
572 853 767 912 intermedius
781 853 855 904 venit
871 855 965 905 furor:
983 860 1004 921 (c,

130 927 283 978 immanior
308 924 343 975 ad
366 925 505 988 lusorem,
528 938 586 972 non
609 921 644 995 ad
667 920 873 988 Pygmalionem
903 923 1004 974 referto

127 997 186 1063 ipre
204 993 290 1046 dicat:
306 992 385 1044 Licet
400 991 549 1056 simulatas,
565 990 647 1041 fuisse
664 996 757 1040 tamen
774 989 923 1041 amicitias:
941 992 1004 1041 aime

118 1061 332 1117 sacrificabant:
357 1076 389 1111 ac
415 1060 438 1110 si
459 1059 594 1111 diceret:'
607 1057 771 1109 Sceleratior
793 1061 875 1109 Atreo
902 1066 930 1110 et
955 1061 1004 1126 Thj

128 1130 255 1191 Eteocle,
278 1138 305 1181 et
326 1128 460 1196 Polynice.
495 1127 582 1194 (Ordo
607 1134 659 1178 est:
686 1128 758 1181 inter
783 1143 852 1192 quos
878 1129 1004 1188 medios.)

126 1200 178 1253 Ille
196 1197 341 1248 Sicbaeum
350 1221 360 1262 ,-
388 1195 437 1264 [εἰ]
454 1196 506 1251 hoc
522 1195 582 1246 loco
598 1195 748 1246 secundum
764 1203 893 1246 naturam
909 1198 1004 1266 posuit.

126 1267 238 1335 Impius
254 1277 317 1316 onte
335 1282 419 1329 oras,·
443 1263 568 1331 probavit
589 1263 724 1328 impium,
746 1264 811 1331 quia
833 1273 898 1334 ente
920 1282 991 1316 aras.

117 1322 311 1408 pronuntiant.
363 1333 458 1396 ctam,
491 1332 603 1399 quidam
635 1331 670 1382 ad
692 1348 818 1384 sororem
846 1335 949 1386 referri
971 1351 1004 1402 pu

43 1410 46 1415 ’
125 1411 186 1463 350.
203 1403 323 1455 Securus
348 1417 476 1452 amorum
495 1398 669 1465 Germanae,·
693 1408 740 1451 aret
763 1409 941 1454 contemnens
966 1402 1002 1470 [i.

125 1470 206 1542 geum
228 1486 285 1522 non
310 1469 419 1534 curans]
441 1468 543 1521 amoris
568 1469 677 1520 sororis.
712 1469 748 1519 Ut
764 1471 907 1536 (751304·):
932 1470 1002 1520 Secu

125 1554 206 1607 etque
225 1541 295 1605 mei,
311 1539 329 1590 i.
346 1557 371 1590 e.
388 1545 599 1604 contemptores.
632 1539 686 1588 Aut
706 1545 907 1598 certesacurus
924 1547 987 1590 erat

124 1622 274 1678 germanae
295 1606 378 1660 'circa
398 1607 531 1658 maritimi
560 1604 662 1671 nimio,
693 1605 728 1656 ob
760 1621 843 1673 quem
873 1623 903 1658 se
935 1615 999 1674 post

124 1677 229 1731 sichaei
258 1677 431 1728 interimerer
449 1690 537 1744 posse.
550 1674 722 1726 credebatur.
763 1676 821 1726 Nec
846 1675 921 1727 enim
942 1693 1004 1744 seqt

119 1740 211 1801 bceiso
228 1743 356 1810 Sicbaeo‚
381 1745 439 1812 ipse
456 1743 550 1795 statim
565 1742 701 1811 potiretur
717 1744 793 1808 auri,
815 1744 868 1794 nisi
885 1745 972 1796 etiam
988 1746 1004 1794 Ι

122 1823 181 1876 ret3
197 1814 255 1883 [sed
273 1831 322 1880 per
340 1821 530 1879 contemptum
548 1811 651 1863 dictum
668 1819 725 1878 est,
741 1812 816 1879 quasi
834 1827 867 1882 ‘ex
883 1813 1004 1882 Pygmali

123 1898 203 1935 sona:
220 1897 277 1933 non
294 1899 415 1934 amorem
433 1897 531 1931 vocans
546 1880 707 1943 honestum,
723 1881 771 1931 sed
788 1898 905 1945 amores,
922 1883 953 1934 in
971 1898 1003 1932 co

122 1951 235 2002 Amores
267 1959 361 2002 autem
391 1949 492 2016 plenali
521 1964 637 2000 numero
670 1948 705 2000 ad
728 1948 896 2016 voluptatem
921 1952 1004 2020 pertis

121 2017 273 2136 ἕ10,34.)ι
304 2019 431 2071 Securus.
449 2034 593 2082 amorum„
617 2019 667 2084 qui
690 2019 824 2066 iuvenum
848 2019 902 2068 tibi
927 2037 1003 2086 semp

140 2084 259 2166 iugulati
289 2087 373 2137 ctiam
405 2085 440 2143 ad
469 2085 641 2152 religionem.
665 2111 700 2124 -
741 2091 801 2142 351.
831 2085 967 2153 Aegram,

120 2170 286 2206 anxiam.-
320 2161 381 2212 352.
398 2153 491 2204 Multa
511 2155 603 2207 malus
621 2156 777 2216 simulans,
802 2172 876 2204 vano
895 2174 942 2224 spe
961 2158 1004 2206 lus

121 2233 191 2287 tem,·
215 2227 290 2289 (quia
306 2223 415 2273 dicebat
431 2223 589 2284 absentem,
612 2239 695 2289 quern
711 2222 866 2288 constabit,
890 2226 1004 2276 occisuri

118 2289 234 2356 legimus
252 2291 295 2354 (4,
311 2290 396 2350 296.):
415 2288 488 2356 Quis
499 2291 603 2359 fallere
622 2294 712 2357 possit
729 2292 889 2342 amantem?
925 2292 979 2345 Sed
996 2296 1004 2346 l

118 2354 301 2425 Pgmalioiiis
332 2359 483 2411 ostenditur
512 2359 630 2420 malitia,
662 2376 732 2426 quae
755 2360 839 2410 etiam
870 2370 1004 2414 amanteu

124 2375 203 2477 lienes
228 2443 290 2491 spe,-
316 2427 380 2494 quia
404 2427 526 2491 dicebat,
550 2443 614 2479 eum
637 2427 854 2495 [mox]'reverti.
895 2429 998 2493 Lusit5

118 2518 154 2531 -
178 2490 249 2550 353.
265 2494 301 2542 1η
319 2498 443 2560 somnis;
462 2496 485 2547 si
502 2495 536 2547 ab
555 2511 587 2547 eo
606 2497 679 2565 quod
695 2504 736 2547 est
749 2500 899 2562 somnium,
917 2498 1004 2566 Syriae

52 2624 54 2627 ,
116 2568 149 2612 ut
164 2562 257 2627 peculi
274 2578 326 2628 pro
342 2565 454 2630 peculii.
491 2563 516 2614 st
535 2572 628 2616 autem
645 2583 662 2615 a
679 2582 777 2616 somno
794 2566 869 2616 veuit
887 2569 917 2616 in
935 2586 1004 2617 sorni

114 2629 184 2680 dum
206 2642 316 2680 somnos
339 2640 460 2698 caperet.
498 2633 623 2700 (Imago,
646 2629 678 2685 τδ
701 2630 831 2694 εἴδωλον.)
849 2660 884 2671 -
925 2643 987 2694 355.

80 2715 83 2719 ·
117 2714 200 2758 aras,·
225 2697 367 2765 epitheton
382 2700 436 2751 hoc
452 2701 487 2754 de
505 2718 587 2753 causa
604 2710 657 2764 est;
680 2720 746 2753 nam
763 2720 829 2754 arae
845 2704 908 2771 piae
925 2713 996 2755 sunt.

117 2764 262 2830 Notavit,
292 2765 429 2821 indicavit
469 2770 588 2822 Undae
611 2779 707 2822 contra
728 2772 758 2822 in
781 2780 854 2824 sexto
879 2771 961 2836 (448.)
993 2773 1004 2823 l

108 2833 150 2884 ,Ει
167 2835 284 2885 vulnero
303 2835 366 2886 {lira
391 2849 530 2905 tegentem.
566 2839 624 2888 Hoc
642 2847 683 2891 est
705 2839 847 2892 celantem.
885 2840 956 2906 Quid
975 2860 1004 2895 er.

23 2917 32 2936 e
114 2911 159 2953 ret
176 2902 296 2970 undique
312 2905 478 2957 truncatusb
505 2907 631 2971 Recessit,-
657 2925 720 2958 ecee
744 2908 790 2958 hic
807 2908 914 2974 planius
939 2911 1004 2976 quid

115 2971 193 3020 davit
209 2971 333 3022 ostendit.
348 2980 350 2989 '
368 2975 415 3041 (Et
436 2982 530 3025 utrum
546 2976 581 3027 ad
599 2976 779 3041 praeteritum
796 2977 849 3028 hoe
873 2978 1004 3040 refertam

112 3036 276 3119 quibusdam
292 3038 412 3106 videtin,
456 3044 509 3095 uod
525 3043 616 3109 ipsam
633 3043 768 3096 Didonem
788 3045 903 3112 putabat
926 3047 1004 3098 occid

111 3114 264 3169 incertum
286 3125 355 3161 nam
378 3118 406 3163 et
420 3059 483 3161 ideo
506 3112 601 3178 fugam
619 3113 732 3165 suadere
750 3113 818 3163 visus
835 3114 893 3177 est)
911 3140 945 3152 -
980 3121 1004 3172 3':

114 3175 232 3226 celerare
257 3176 379 3249 fugam,-
408 3178 537 3230 celeriter
559 3179 651 3245 abire,
687 3187 718 3231 ut
748 3181 864 3232 dicimus
894 3182 1004 3232 cursum

111 3236 230 3309 Suader,·
256 3246 407 3298 secumdum
429 3254 558 3299 naturam
582 3248 652 3301 duae
677 3256 738 3301 sunt
761 3249 892 3316 syllabae,
916 3252 963 3303 sed
987 3269 1004 3302 n

111 3308 245 3378 syllabum
262 3321 371 3384 putant:
394 3316 467 3382 quod
491 3317 575 3376 etiam
598 3317 620 3367 si
643 3317 810 3383 inveniann,
834 3318 931 3369 solutio
949 3319 1004 3373 dice

111 3389 165 3446 quo
182 3381 265 3432 modo
282 3380 398 3433 dicimus
415 3400 516 3450 aenea,
533 3394 561 3437 et
578 3385 676 3450 ahena.
710 3387 769 3437 Hoc
786 3395 879 3438 autem
897 3387 986 3439 solum
1003 3392 1004 3395 ’

111 3446 187 3498 modi
210 3447 326 3500 verbum
347 3449 378 3502 in
401 3450 500 3502 Latino
523 3455 668 3506 invenitur.
685 3479 719 3490 —
753 3462 814 3511 358.
838 3455 997 3522 [Recludit;

110 3515 214 3584 aperit,
238 3516 373 3582 ostendis]
413 3518 464 3584 (Ad
488 3521 647 3591 opinionem
671 3524 759 3572 somni
782 3524 924 3576 recludere
954 3526 1004 3577 vid«

109 3583 154 3647 (2,
177 3584 264 3646 297.):
294 3582 494 3653 Aeternumque
525 3590 619 3655 adytis
644 3591 721 3659 effert
744 3593 933 3657 penetralibus
960 3596 1004 3660 ign

109 3654 169 3706 359.
190 3647 349 3704 Thesauros
356 3676 365 3718 ,·
389 3654 442 3705 hoc
465 3671 568 3708 nomen
593 3675 612 3708 n
628 3675 685 3710 non
708 3659 807 3723 habet,
829 3661 899 3710 sient
915 3662 1004 3714 Atlas.

108 3717 218 3782 Thoas,
248 3720 337 3786 Abos,
368 3721 502 3791 [Pallas].·
538 3723 601 3776 licet
628 3727 658 3778 in
688 3727 804 3796 obliquis
835 3728 942 3780 casibus
971 3720 1004 3783 in

105 3784 181 3836 Sicut
203 3801 254 3838 neo
271 3788 435 3856 formosus,
457 3791 521 3860 quia
538 3791 738 3862 derivat[iv]um
758 3803 800 3848 est
815 3815 831 3848 a
842 3796 958 3864 forma.-
983 3817 1003 3850 u

106 3848 160 3918 eie]
175 3856 326 3972 speciosus,
348 3859 394 3926 [ab
412 3859 474 3912 odio
491 3860 613 3924 odiosior,
636 3863 708 3914 velut
729 3881 745 3916 a
767 3864 881 3932 genere]
905 3884 1004 3934 genere

105 3937 123 3972 a
138 3937 183 3973 sce
194 3920 251 3986 era]
267 3924 423 3981 scelerosus.
457 3927 587 3995 Ignotum
606 3935 716 3997 argenti
732 3935 843 4000 pondus
857 3945 882 3984 et
897 3940 977 3997 auri;
996 3955 1004 3988 r

15 4038 18 4043 Α
102 3988 250 4059 ignorabat
266 3991 353 4059 Dido,
375 4003 423 4063 aut
444 4004 520 4048 certa
536 3996 573 4048 ad
595 3999 813 4066 magnitudinem
834 4004 969 4073 pertinet,
992 4007 1004 4056 i
