2454 4500
148 249 213 315 aas
410 246 550 317 sautu
573 247 937 336 conuuuramus
1019 272 1022 277 ·

32 491 38 509 x
134 437 267 511 spectat,
289 429 372 486 interi·
394 441 471 500 sunt,
493 433 563 486 sicut
583 451 632 485 nos
647 435 708 487 illis.
731 417 814 497 ¹Hinc
831 443 886 505 est,
908 410 986 507 (prod
1002 444 1112 491 terram
1127 452 1177 491 etse

148 500 251 552 rnfems
267 500 396 555 dicimus:
417 517 575 572 quiunquam
591 503 659 556 illud
675 500 725 569 sit',
747 505 813 577 quir,
835 521 939 558 norem
957 506 1086 578 cingitur
1099 507 1179 559 unu-

63 620 67 630 ,
148 567 190 621 lis.
224 567 389 623 Tiberianus
412 570 625 624 etiam'inducit
648 572 795 640 epistolam.
817 581 896 626 vento
921 574 1040 626 allatam
1058 576 1096 627 ab
1111 573 1177 627 Anti·

33 854 55 903 ¹,
148 843 239 913 pricos
255 844 397 907 inducunt)
415 863 430 897 a

147 635 280 707 podibus,
302 655 374 718 (pirae
395 628 493 692 hibet:
522 640 624 706 Superi
648 641 752 709 inferis
775 642 904 694 salutem.
953 641 1018 710 Qua
1042 645 1177 695 occasions

147 712 249 759 tractat
263 723 438 779 reciprocum
460 708 514 760 hoc
531 709 606 777 quod
621 707 738 760 diximus
760 726 850 780 supra.
886 711 1178 778 Narmprudentioret,

147 774 236 826 etiam
252 776 360 828 animas
376 794 426 846 per
432 774 650 898 puapplzuoeu
673 770 767 829 dieunt
783 779 883 844 (Guelf.
902 780 923 831 1.
940 780 975 831 II.
992 797 1049 850 per
1072 787 1179 833 metem-

466 847 578 898 alterius
596 846 713 897 climatis
730 862 848 919 corpora
865 849 1004 898 transire:
1030 865 1084 900 nec
1104 848 1134 901 in
1148 862 1177 900 ec

149 910 217 964 orbe
234 913 337 965 versari
352 913 383 964 in
400 930 454 982 quo
471 914 548 983 prius
570 917 682 967 fuerint.
718 915 796 967 Unde
818 916 861 967 ait
873 914 1006 966 Lucanus
1032 921 1083 983 (1,
1098 914 1176 977 affl:

147 978 232 1049 Regu
249 983 322 1035 idem
339 983 459 1050 spiritus
476 995 558 1034 artus
576 983 650 1035 Orle
675 983 733 1034 alio
758 984 858 1051 longae
884 986 993 1035 canitis
1019 987 1049 1035 si
1073 987 1175 1054 cognita

147 1051 230 1117 oitqe.
278 1049 426 1102 Sciendum
449 1059 559 1117 tamen,
587 1051 769 1104 Homericum
798 1069 864 1105 esse.
912 1052 990 1104 Nam
1014 1053 1101 1105 etiam
1127 1052 1175 1105 illic

147 1117 268 1189 Elpenor
285 1118 412 1172 similiter
429 1121 537 1173 Ulixem
552 1121 714 1189 interrogat.
730 1148 765 1158 -
799 1126 860 1178 533.
878 1119 914 1187 [F
913 1124 1011 1189 erigat
1016 1145 1027 1184 ,-
1043 1120 1174 1191 fatigando

120 1223 124 1228 -
147 1186 188 1238 im
209 1186 283 1253 ellit]
301 1211 335 1226 -
370 1191 431 1246 534.
448 1189 514 1241 Sine
533 1191 591 1241 sole
609 1191 721 1256 domos;
746 1204 803 1240 non
828 1197 869 1241 est
892 1191 1072 1241 contrarium
1098 1187 1174 1253 sall:

147 1205 291 1324 Sollmque
309 1273 392 1309 suum
411 1275 465 1308 sua
483 1258 577 1309 sidera
597 1269 709 1311 norunt.
744 1257 814 1309 Illud
829 1257 907 1309 enim
921 1258 958 1309 de
969 1257 1079 1328 campis
1135 1256 1173 1308 aiis

148 1324 222 1378 dicit.
246 1350 281 1365 -·
327 1330 389 1385 535.
413 1324 477 1377 Hac
499 1329 560 1377 uiae
586 1343 763 1387 sermonum5
792 1327 864 1378 haec
886 1342 984 1391 sacra,
1015 1335 1048 1376 ut
1069 1326 1172 1379 diximus

149 1410 180 1446 su
199 1410 245 1460 ra,
267 1400 380 1465 praeter
403 1396 483 1447 unius
506 1394 563 1447 diei
586 1395 705 1464 spatium
727 1409 785 1444 rion
800 1392 943 1457 tenebant.
979 1394 1060 1447 Unde
1076 1403 1173 1447 veretur
1208 1448 1212 1457 ¹

148 1411 263 1531 silylle,
289 1480 325 1514 ue
343 1463 471 1515 manibus
487 1462 587 1515 fabulis
604 1463 715 1525 datum,
736 1461 754 1513 i.
773 1479 796 1513 a.
819 1469 965 1513 statutum=
981 1471 1014 1514 et
1028 1462 1172 1530 legitimum

147 1539 256 1602 tempus
272 1537 385 1583 teratur.
423 1531 503 1598 Quod
520 1539 614 1584 autem
630 1531 709 1583 dicit:
727 1529 836 1581 Aurora
856 1531 983 1584 medium
998 1531 1084 1582 Aeem
1100 1531 1171 1583 traie-

149 1612 237 1666 eernr,
264 1599 333 1652 illud
357 1600 489 1666 ostendit,
517 1600 591 1668 quod
612 1599 764 1654 secundum
788 1599 891 1655 Tuscos
914 1599 971 1651 diei
1008 1594 1172 1651 ortru‘esta

149 1677 224 1722 sexta
246 1667 302 1721 diei
324 1668 403 1719 hora.
438 1667 521 1720 Ortus
545 1668 621 1720 enirn
643 1668 698 1721 diei
720 1666 806 1719 habet
821 1667 969 1718 Auroram.
1006 1667 1173 1719 Donatista·

149 1754 215 1791 men
232 1736 313 1801 dicit,
330 1751 461 1788 aurorem
478 1753 542 1787 cum
558 1736 698 1805 quadrigis
715 1735 840 1804 positam,
857 1722 952 1786 Solem
969 1734 1132 1803 significare.
1144 1760 1173 1771 -

150 1811 212 1866 538.
231 1805 422 1872 Breviterque3
439 1805 512 1873 quod
525 1805 653 1872 congruit
665 1819 775 1855 moram
786 1803 954 1870 obiurganti.
968 1828 1006 1840 —·
1041 1808 1101 1862 539.
1118 1800 1173 1855 Nos

122 1918 125 1929 .
152 1877 230 1938 ruit5
252 1873 275 1925 si
317 1890 348 1924 er
365 1873 441 1925 diem
463 1889 542 1927 sacra
565 1873 756 1934 celebrantur,
781 1873 840 1926 ruit
856 1881 898 1922 est
923 1873 1071 1923 imminete
1093 1870 1174 1953 siper

150 1951 270 2007 uectem,
281 1890 398 2011 dieitur.
434 1940 557 2002 Flendo;
573 1941 694 2010 proprie.
730 1939 803 1990 Nam
821 1946 850 1990 et
863 1939 921 1990 laer
941 1955 1008 1992 mae
1026 1948 1055 1992 et
1070 1947 1176 2008 gemitu

149 2011 260 2065 inerant
277 2009 457 2078 [deplorantis
473 2006 671 2083 Deiphobum]
704 2005 804 2059 Findir
821 2009 853 2057 in
871 1956 940 2058 nml

151 2078 221 2143 sius,
243 2072 327 2146 quain
344 2078 368 2128 si
384 2079 458 2127 duas
474 2077 588 2129 diceret.
621 2077 783 2127 Poteramus
800 2075 876 2127 enim
892 2075 982 2127 etiam
999 2079 1112 2129 tertiam
1126 2092 1177 2144 ope

100 2156 103 2163 ¹
151 2162 224 2197 rare.
258 2144 302 2195 Sic
313 2145 466 2199 Sallustius:
483 2146 559 2196 Inter
577 2146 729 2195 secundum
749 2157 829 2210 atque
848 2144 950 2209 (Guelf.
967 2146 990 2195 Ι.
1006 2151 1043 2195 est
1059 2146 1176 2197 ultimum

152 2215 254 2265 bellum
274 2213 521 2280 Carthaginiense,
543 2229 601 2265 non
618 2215 658 2265 ait
673 2211 794 2263 tertium
815 2241 849 2250 —-
885 2216 946 2268 542.
966 2214 1025 2264 Iter
1041 2215 1177 2280 Elysium,

151 2282 187 2335 ad
203 2281 339 2348 Elysium:
364 2282 398 2334 de
416 2297 470 2349 quo
487 2299 570 2353 supra
586 2285 627 2347 (5,
643 2280 715 2342 735.)
737 2280 859 2331 diximus.
894 2279 1066 2348 illatorum,
1091 2283 1178 2351 impio

152 2365 232 2402 rum:
250 2357 281 2399 ut
298 2350 425 2416 (1,352.):
443 2349 536 2400 Multa
556 2352 648 2401 rnalus
667 2351 808 2400 simulans
827 2351 914 2415 [uana
934 2366 982 2415 spe
1003 2353 1074 2402 lusit
1091 2368 1178 2400 uman-

154 2417 227 2482 tem.]
245 2445 279 2455 -
314 2422 375 2475 543.
393 2419 627 2485 Impiatnrtura3
652 2418 699 2467 ubi
717 2420 867 2484 puniuntur
885 2418 977 2482 impii.
996 2445 1032 2456 -
1067 2424 1127 2477 544,
1145 2416 1178 2468 Νι

156 2488 249 2549 saeui,
273 2504 309 2537 ne
331 2486 460 2538 irascere.
496 2487 642 2538 Terentius
660 2489 751 2552 (Andr.
772 2493 802 2548 5,
819 2496 852 2550 2,
869 2486 940 2546 27.):
969 2486 1015 2535 Ne
1034 2491 1113 2538 saeui
1128 2500 1178 2539 ten·

157 2569 184 2607 to
208 2572 301 2620 opere,
325 2562 353 2605 et
369 2555 481 2621 antique
498 2555 600 2606 dictum
620 2563 668 2605 est.
702 2555 775 2605 Nam
791 2570 865 2605 nunc
883 2571 917 2602 ne
936 2559 1052 2605 saevies
1069 2556 1180 2617 dicimur,

154 2641 206 2676 nec
229 2623 424 2693 imperativum
445 2623 585 2690 iungimus
602 2622 731 2674 adverbio
748 2622 921 2690 imperantis.
956 2622 1030 2690 [Nec
1054 2634 1145 2676 autem
1158 2631 1178 2674 et

157 2709 230 2757 non,
252 2690 397 2759 negantis]
421 2716 456 2727 —
497 2695 557 2749 545.
574 2691 695 2756 Explelo
723 2708 885 2754 numerum3
912 2698 943 2739 ut
967 2692 1088 2743 diximus
1109 2707 1177 2761 supra

157 2761 277 2826 Expleta
297 2768 337 2811 est
354 2764 489 2810 nrinuam.
525 2760 598 2810 Nam
614 2759 653 2811 ait
670 2758 938 2819 Ennius:,Nauibus
958 2762 1108 2825 explebant
1123 2776 1177 2821 sese,

157 2843 300 2895 terrasque
319 2830 467 2896 replebant.
501 2827 592 2895 Quem
609 2828 701 2897 Caper
722 2835 828 2878 secutus
845 2842 912 2876 cum
929 2827 965 2877 de
989 2846 1058 2896 prae
1079 2830 1177 2880 asidona

158 2916 192 2950 er
215 2904 362 2961 tractaret,
383 2897 436 2948 hoc
460 2897 615 2968 exemplum
638 2895 736 2963 posuit.
778 2895 875 2946 Sensus
893 2911 961 2962 ergo
986 2906 1042 2949 est:
1099 2899 1176 2949 'ium

158 2974 279 3019 vestrum
294 2981 452 3017 numerum.
488 2967 524 3016 Et
540 2966 643 3016 reddar
667 2963 796 3016 tenebris.
831 2963 906 3013 Nam
930 2963 1008 3017 circa
1024 2968 1177 3019 Aeneamet

159 3034 290 3102 Sibyllam
319 3033 421 3101 aliquid
451 3034 519 3084 lueis
547 3033 630 3085 fuisse
659 3032 851 3099 intelligimus:
886 3031 990 3102 quippe
1013 3035 1092 3088 circa
1112 3035 1175 3086 vivos

160 3103 239 3154 Unde
263 3102 345 3172 paulo
369 3108 444 3167 post:
468 3100 591 3171 Respicit
613 3103 718 3153 Aeneas
741 3100 839 3150 subito.
880 3099 933 3152 Alii
957 3103 1091 3169 explebo,
1117 3100 1176 3155 mala

159 3178 257 3240 putant
274 3171 412 3237 complebo
431 3185 503 3233 esse,
527 3169 693 3220 umbrarum
717 3169 834 3230 scilicet,
858 3185 875 3218 a
898 3167 1000 3236 quibus
1024 3172 1177 3233 discesserat,

160 3254 317 3290 numerum.
351 3238 403 3288 Alii
421 3238 532 3304 explebo
552 3255 715 3304 numerum,
741 3236 836 3288 dieunt
863 3252 936 3288 esse:
961 3238 1063 3290 finiam
1084 3247 1176 3305 tempus

161 3314 290 3356 statutum
308 3305 466 3376 purgationi
484 3304 557 3357 etin
574 3321 675 3372 corpus
691 3321 849 3358 recturam:
873 3311 904 3354 ut
925 3304 982 3356 hoc
1005 3309 1055 3371 sit,
1080 3309 1176 3359 reddor·

162 3392 213 3441 que
231 3375 358 3425 tenebris.
392 3375 465 3424 Nam
486 3373 603 3440 legimus
628 3377 724 3441 (734.);
750 3373 870 3425 Clausae
893 3375 1017 3426 tenebris
1045 3388 1070 3427 et
1087 3388 1177 3427 cerem

162 3458 257 3493 caeco:
283 3450 314 3492 ut
329 3441 365 3493 sit
380 3458 486 3494 sensus:
507 3442 636 3492 Irasceris
659 3442 729 3495 mihi
745 3441 822 3508 quasi
845 3442 944 3491 homo:
970 3461 1067 3496 nonne
1090 3452 1117 3497 et
1136 3455 1177 3510 ego

162 3509 246 3561 homo
263 3511 370 3562 futurus
386 3509 467 3561 sum?
500 3509 553 3561 Alii
570 3509 678 3576 dieunt,
700 3528 750 3561 cur
766 3508 914 3562 irasceris?
939 3509 970 3562 in
986 3512 1057 3563 locis
1073 3514 1114 3565 liis
1127 3524 1178 3563 sum

162 3577 294 3647 quamdui
318 3579 388 3631 vitae
411 3595 462 3646 per
479 3579 536 3629 vim
557 3588 667 3646 ereptae
685 3579 809 3648 expleam
833 3586 955 3646 tempus:
979 3590 1044 3649 post
1065 3579 1179 3641 tenebis,

162 3647 181 3698 i.
198 3665 220 3698 e.
245 3647 315 3698 meis
338 3647 447 3698 sedibus
469 3646 581 3698 reddar.
622 3647 674 3700 Sed
698 3649 767 3699 haec
789 3649 884 3699 omnia
908 3662 1036 3716 congrua
1059 3650 1117 3701 loco
1132 3663 1177 3700 ner

162 3731 220 3766 esse
245 3717 422 3769 manifestum
446 3723 494 3767 est
540 3715 604 3766 Non
630 3716 706 3767 euim
730 3715 885 3782 intelligere
907 3730 1070 3785 possumus,
1094 3716 1180 3784 Sibjlla

161 3782 236 3835 aliud
252 3783 373 3846 volente,
389 3784 493 3835 scilicet
508 3791 538 3835 ut
554 3783 725 3850 abscederet,
741 3784 919 3852 Deiphobum
935 3785 972 3836 ad
989 3785 1067 3838 aliud
1082 3800 1181 3857 respon·

161 3851 240 3904 disee.
256 3877 291 3887 -
326 3857 386 3908 546.
412 3854 429 3902 I
451 3853 534 3903 decus
559 3865 702 3915 nostrum,-
727 3861 774 3903 aut
798 3853 815 3900 I
836 3855 921 3904 &cus
946 3867 1093 3921 nostrum,
1113 3863 1182 3905 utera

162 3918 321 3970 melioribus
336 3920 413 3984 fatis,
430 3921 583 3973 inferorum
599 3921 703 3972 seilicet
719 3924 940 3985 comparatione:
958 3924 1027 3990 quia
1044 3925 1083 3977 ait
1097 3933 1181 3992 supra:

159 3990 200 4042 du
217 4004 287 4059 quae
303 3993 332 4039 te
348 3987 458 4041 fortine
474 3990 587 4058 fatigat,
610 3989 647 4040 Ut
662 3990 753 4041 tristes
769 3989 828 4042 sine
845 3992 903 4044 sole
922 3990 1039 4058 domos,
1061 3993 1118 4045 loca
1133 3998 1183 4039 rar·

939 2026 990 2073 as‚·
1008 2007 1176 2077 compendio·
