2454 4500
164 263 229 328 sn
426 256 566 320 snam
587 240 968 323 COMMENTARIUS-

162 453 216 499 tur.
249 432 323 497 Nam
339 444 412 513 quod
429 452 572 515 penetrat,
593 447 733 512 penetrale
756 444 874 498 dicium
897 448 988 515 quod
1013 456 1114 502 autem
1137 467 1196 521 peu·

162 522 265 580 tratur,
288 508 465 581 penetrabile.
486 541 521 552 —
561 520 623 572 482.
647 514 719 582 [Tot
735 514 814 583 ferri
839 526 944 584 terga:
974 533 1039 568 non
1064 519 1132 570 dicit
1151 526 1196 586 quot

162 592 257 650 terga,
281 583 329 634 sed
346 583 442 634 multa.
459 609 494 620 -
526 583 677 641 mancam
694 584 792 648 pellis,·
819 584 948 652 quidam
967 586 1056 653 pellis
1080 588 1197 639 humiliter

163 652 267 703 dictum
285 650 440 721 accipiunt]
455 679 489 688 —
523 658 585 709 484.
603 651 705 720 Cuspis
730 654 848 719 ingens;
871 652 916 704 it'a
943 655 1148 725 accipiendum
1164 663 1198 718 ott,

162 739 198 772 ne
215 720 400 786 incongruum
416 721 451 771 sit
474 720 508 771 de'
531 735 616 789 puero
633 722 656 772 si
673 720 771 773 dixeris
795 723 901 787 ingens
928 736 1048 788 pectus.
1085 722 1151 776 Sane
1164 740 1197 773 et·

163 791 270 855 spidem
294 789 402 840 abusive
424 803 476 856 pro
498 788 594 840 bastae
616 805 749 849 mucrone
771 790 874 859 posuit.
890 816 931 828 -
971 797 1042 851 485.
1067 792 1105 843 Et
1125 806 1196 859 penas

162 858 301 926 perforan-
332 857 378 907 hic
402 857 690 927 subdistinguendum:
713 865 745 908 ut
768 861 887 925 ingens.
917 860 1004 911 sicut
1027 861 1156 925 diximus,
1171 858 1197 912 ad

161 926 304 993 superiora
328 925 412 992 possit
434 924 543 977 referri.
561 951 595 963 -
634 931 697 983 487.
722 927 902 995 Animosque
934 930 1123 994 sequuntur}
1141 928 1196 994 [ani-

163 993 237 1059 mus]
254 1009 304 1061 pro
322 995 433 1043 animo.-
452 1009 518 1044 nam
536 994 789 1065 animun-consilii
805 1003 860 1048 est:
877 999 1012 1062 anima,
1030 998 1112 1051 vitae.
1141 997 1197 1067 [Qui-

74 1074 83 1091 .
161 1062 226 1112 darn
242 1062 393 1113 secundum
407 1063 555 1132 Epicureos
573 1066 698 1115 animam
716 1081 765 1133 per
772 1058 875 1114 ‘totum
891 1082 1010 1135 corpus
1028 1066 1143 1118 divisam
1155 1082 1196 1117 etta

160 1131 269 1194 volunt,
299 1137 327 1181 et
349 1130 446 1181 exindo
470 1146 548 1200 posse
575 1131 638 1182 lieri
662 1139 694 1182 ut
717 1132 776 1199 quis
799 1141 957 1202 amputata
983 1143 1074 1201 parte
1096 1134 1196 1203 corporis

161 1197 244 1249 vivat:
264 1201 391 1249 animum
409 1214 473 1250 vero
491 1214 549 1251 esse
565 1194 598 1251 vti
615 1194 775 1268 ἡγεμονικόν
792 1204 929 1267 animae,
956 1203 1024 1254 sine
1048 1192 1107 1283 qul)
1128 1206 1196 1255 visere

160 1281 216 1317 non
233 1282 389 1334 possumus:
412 1268 487 1334 Ergo
503 1269 654 1321 secundum
671 1277 776 1321 sectam
796 1269 852 1319 sibi
868 1278 982 1321 notam
997 1271 1089 1322 Poeta
1103 1272 1195 1323 locutu.

159 1361 194 1370 -
228 1341 290 1390 488.
307 1335 435 1386 Sonitum
460 1353 544 1397 super
562 1355 641 1388 ormo
660 1339 773 1402 dedere,-
797 1338 922 1390 Homeri
947 1347 994 1390 est
1011 1334 1194 1407 (1L·‹t,5ot}:

160 1398 280 1471 ἀράβησε
305 1399 333 1455 di
350 1400 436 1468 τεύχε’
460 1399 503 1457 ἐπ’
520 1399 665 1474 αὗτῷ.]-
703 1410 766 1463 491·
783 1402 905 1474 ‚Restm
932 1408 1104 1472 Euandwt
1125 1415 1193 1477 ΡΜ

160 1481 188 1523 et
204 1473 250 1523 hic
266 1473 410 1540 distingui:
434 1482 523 1543 potest
539 1483 567 1527 et
583 1492 665 1545 supra
681 1474 782 1526 referri
798 1473 903 1539 (Guelf.
922 1476 947 1526 Ι.
967 1476 1003 1527 Π.
1031 1494 1062 1527 re
1079 1477 1153 1540 erte),
1171 1484 1191 1525 u

158 1539 205 1590 sit:
229 1542 359 1592 Euandro
375 1545 488 1594 remitto
505 1544 616 1613 malem
633 1543 736 1594 merant
750 1542 848 1594 filium.
864 1570 903 1581 -—
942 1546 1047 1612 493.[
1078 1546 1190 1611 ailquid,

158 1625 210 1677 pro
235 1611 426 1677 quodcunque.
461 1611 571 1663 Plautus
597 1613 627 1664 in
642 1610 840 1663 Bacchidibus:
866 1608 1034 1678 Quidquid
1053 1627 1096 1665 est
1112 1630 1206 1681 troitus¹

159 1677 235 1743 sibl]
269 1678 397 1731 Solamen
416 1678 556 1731 humandi
573 1693 629 1744 est3
651 1680 789 1746 [solatium
805 1678 931 1731 dolentis
955 1680 1073 1734 scilicet
1095 1678 1187 1750 pamel

179 1748 224 1797 uia
248 1747 323 1815 [boc]
345 1746 474 1799 solatium
498 1757 540 1801 est
562 1750 709 1801 viventium
733 1748 850 1798 humare
874 1748 1045 1801 defunctos.
1068 1777 1105 1788 -
1141 1756 1185 1807 444.

157 1761 294 1881 italum,-
312 1834 363 1897 pro
382 1818 565 1881 constabunt3
583 1818 649 1883 [boc
667 1829 733 1882 ergo
750 1814 831 1878 dicit,
852 1831 913 1866 non
932 1816 991 1881 illi]
1008 1836 1119 1883 paruo:
1139 1819 1206 1873 Noa.

155 1898 241 1950 parvo
265 1887 387 1955 periculo
410 1886 586 1954 [constabunt
607 1886 715 1935 Aeneae
736 1882 868 1953 hospitia,
900 1891 933 1935 et
956 1894 1003 1936 est
1027 1886 1185 1956 proverbiai't

155 1955 269 2021 sensus]
302 1954 408 2013 Balari,-
426 1958 517 2020 potest
533 1958 562 2003 et
574 1949 729 2019 synaeresis
744 1967 801 2003 esse
818 1953 909 2003 baltei
915 1971 925 2001 .·
944 1962 1047 2021 potest
1064 1964 1094 2008 et
1108 1956 1184 2023 hyper·

155 2029 260 2074 metros
278 2035 367 2071 versus
385 2035 450 2070 esse.
484 2019 558 2070 Nam
574 2022 692 2088 sequens
713 2037 731 2071 a
746 2019 834 2070 vocali
854 2020 990 2073 inchoat:
1023 2023 1183 2075 Balteusau·

154 2095 230 2150 tem,
253 2086 304 2155 [in]
322 2103 439 2138 numero
457 2086 589 2154 singulari
612 2086 757 2157 masculini
780 2095 819 2139 est
835 2097 950 2141 tantum
969 2093 1096 2157 generis.
1127 2094 1181 2143 luve-

155 2156 223 2205 nalis
249 2162 297 2218 (6,
315 2156 401 2216 256.);
424 2155 540 2206 Balteus
564 2169 589 2207 et
613 2159 725 2209 tuniano
744 2168 769 2205 et
786 2159 906 2223 cristoe5
934 2160 965 2210 in
994 2177 1118 2212 numero
1134 2175 1181 2211 vero
1211 2210 1214 2221 ¹

154 2223 267 2291 plurali,
285 2232 312 2274 et
329 2225 436 2286 neutri,
457 2224 509 2291 [ut]
527 2225 602 2276 idem
618 2225 750 2277 Iuvenalis
767 2229 816 2289 (9,
834 2226 920 2288 111.):
939 2226 1089 2293 Quotiens
1107 2246 1181 2279 rumo-

157 2294 236 2342 ribus
265 2294 442 2342 ulciscuntur
471 2294 572 2345 holten.
593 2322 628 2331 -
675 2298 736 2350 497.
760 2294 1007 2362 Impressumqua
1028 2299 1126 2366 πόα-ῃ·
1150 2298 1181 2347 in·
1212 2338 1215 2345 .

153 2361 290 2429 sculptum
307 2361 464 2412 Danaidum
482 2363 566 2413 nefas.
600 2363 723 2414 Donatus
741 2370 837 2413 tamen
855 2365 1035 2429 impressum
1054 2368 1132 2431 dicit,
1147 2381 1182 2414 co·

152 2438 262 2480 actum:
288 2430 360 2495 quod
383 2437 496 2495 apntre
513 2432 670 2496 compulsae
687 2439 750 2481 stant
773 2432 874 2482 facere.
911 2432 998 2500 [Sane
1024 2436 1118 2486 fabula
1133 2434 1181 2484 talis

153 2505 205 2548 est:
231 2500 366 2566 Aegyptus
384 2507 411 2550 et
428 2498 553 2564 Danaus,
577 2501 676 2551 fratres
694 2501 787 2565 fuere,
810 2499 870 2551 Beli
887 2499 946 2552 filii.
984 2503 1029 2553 Ex
1046 2504 1089 2555 his
1105 2504 1181 2554 Dana·
1208 2484 1214 2535 l

152 2582 183 2616 us
200 2566 223 2615 L
241 2567 309 2617 nnn
326 2567 437 2631 hanins,
456 2577 483 2618 et
496 2572 632 2635 Aegyptus
650 2568 766 2618 totidem
782 2567 859 2619 ains.
895 2568 948 2621 sen
967 2587 1040 2622 cum
1056 2574 1129 2623 nter
1144 2587 1180 2622 eos

1218 2554 1222 2573 l

151 2636 291 2686 contentio
309 2636 342 2686 dc
360 2636 528 2706 Memphidis
551 2636 668 2702 imperio
691 2637 801 2700 fnisset,
827 2636 921 2687 multis
945 2655 1037 2707 saepe
1062 2642 1179 2693 adductio

151 2704 324 2755 contumeliis
341 2705 453 2755 Danaus
476 2706 559 2756 fratri
573 2708 695 2774 Aegypto
713 2705 793 2756 cessit
808 2705 942 2775 imperio,
962 2744 968 2756 .
989 2745 997 2758 .
1018 2748 1026 2760 .
1045 2749 1052 2760 .
1071 2713 1083 2742 *
1101 2711 1178 2777 (imp,

150 2781 178 2824 et
194 2772 337 2824 Minervae
362 2774 471 2836 auxilio)
489 2773 524 2823 ad
541 2774 760 2839 Peloponnesum
777 2773 914 2840 perrexit,
940 2776 1025 2826 cuius
1043 2779 1128 2841 cives,
1147 2776 1179 2827 ibi

150 2858 198 2892 rex
222 2843 324 2903 sactus,
347 2861 364 2893 a
388 2859 436 2891 sno
461 2842 575 2894 nomine
592 2843 701 2893 Danaos
725 2842 886 2910 appellavit,
911 2845 991 2910 quod
1016 2861 1083 2896 cum
1109 2849 1178 2912 Aegy·

149 2917 228 2976 ptnrn
245 2911 453 2975 momordisset,
470 2913 570 2961 veritus
587 2929 622 2962 ne
642 2910 752 2960 Daaieus
776 2911 809 2961 de
826 2910 934 2959 filiabus
954 2927 1011 2976 per
1029 2930 1143 2982 generos
1157 2919 1178 2962 et

147 2985 261 3044 nepotes
279 2979 376 3028 arixilie
393 2981 583 3045 conquireret,
606 2979 702 3029 frande
720 2985 853 3045 concepte
868 2977 932 3027 filiis
950 2981 1025 3045 suis,
1051 2984 1079 3033 nl
1095 2988 1108 3014 *
1124 2981 1177 3047 (suis

146 3046 358 3113 qninquaginta)
376 3049 469 3096 fratris
486 3048 554 3098 silias
576 3048 606 3098 in
628 3045 841 3096 matrimonium
858 3046 1029 3114 postulavit,
1052 3066 1119 3118 qrias
1134 3050 1177 3099 Da·
1219 3038 1222 3101 Ι

146 3131 227 3177 naus,
257 3116 382 3165 dolorem
415 3116 486 3165 exilii
516 3115 734 3166 retinens*mox
757 3114 899 3182 promisit,
927 3118 981 3166 sed
1009 3135 1074 3168 cuin
1099 3122 1176 3171 factae
1219 3104 1222 3183 i

146 3190 235 3233 essent
259 3183 386 3249 nuptiae,
413 3199 526 3250 sponsae
551 3190 646 3234 omnes
669 3197 782 3248 sponsos
799 3198 860 3231 suos
878 3193 1017 3237 monente
1037 3197 1116 3254 patre
1132 3188 1176 3236 Da·
1219 3192 1222 3225 ἰ

144 3265 206 3312 nao,
224 3252 340 3318 nuptiali
356 3259 437 3302 nocte
456 3260 631 3315 necaverunt,
648 3251 704 3298 sola
718 3251 933 3317 Hypermnestra
951 3266 1063 3305 servato
1077 3258 1174 3324 Lynceo
1216 3266 1221 3307 i

144 3320 241 3384 fugam
261 3319 350 3384 dedit,
368 3319 415 3386 qni
433 3327 494 3387 post
511 3321 623 3386 adeptus
641 3326 772 3386 patruum
789 3318 918 3369 Danaum
935 3320 1093 3375 interemit.
1125 3325 1172 3373 Hae
1214 3328 1220 3367 ·'

144 3387 280 3438 Danaides
299 3389 370 3456 apud
388 3389 494 3438 inferos
511 3388 582 3438 hanc
599 3403 718 3456 poenam
738 3386 863 3437 habuisse
883 3387 1028 3455 dicuntur,
1046 3401 1076 3442 ut
1093 3395 1120 3443 in
1136 3392 1172 3441 do·

142 3454 212 3504 lium
230 3464 371 3523 pertnsnrn
389 3472 490 3521 aquam
508 3458 627 3507 mittant.
662 3454 769 3521 Nesos;
795 3455 984 3508 declinatione
1009 3469 1094 3512 caret.
1126 3461 1170 3509 sn
1205 3472 1208 3485 '

142 3536 238 3586 nocte;
258 3540 308 3589 pro
327 3528 359 3573 in
379 3524 474 3587 nocta]
492 3551 525 3561 —
560 3529 620 3580 499,
638 3524 734 3574 Bonus
753 3524 992 3590 Eurytion31aus
1011 3531 1047 3579 ab
1067 3529 1170 3580 artifice:

143 3598 173 3638 nt
191 3596 232 3654 (9,
250 3592 338 3653 304.);
358 3594 435 3642 Miro
455 3611 533 3659 qriem
547 3593 655 3660 fecerat
674 3605 732 3642 orte
750 3591 875 3659 Lycaon.
913 3594 989 3644 Item
1008 3600 1051 3663 (E.
1069 3607 1099 3663 3,
1115 3601 1170 3657 37.):
1200 3574 1205 3649 l

142 3657 249 3707 Dioini
267 3679 335 3726 opus
355 3663 562 3713 Alcimedontis.
599 3662 773 3727 [caelaverat
792 3679 879 3725 nuro‚·
897 3678 957 3713 non
976 3683 1047 3716 auro
1066 3668 1168 3718 caelare
1200 3682 1209 3709 ι·

143 3734 200 3787 rat,
225 3728 272 3777 sed
296 3731 324 3779 in
350 3747 425 3781 anre.
443 3759 477 3766 -—
513 3737 572 3788 500.
592 3731 682 3794 Ovot‚·
707 3732 804 3794 iactat,
828 3730 981 3797 gloriatur:
1010 3742 1039 3786 et
1057 3744 1097 3787 est
1114 3735 1167 3784 ordo

134 3809 197 3860 *qno
216 3795 302 3859 spolio
321 3800 421 3864 potitus
440 3806 501 3848 ovat
524 3798 700 3865 gaudetque]
717 3825 750 3835 -·
785 3805 846 3854 501.
864 3798 975 3850 Nescio
996 3822 1077 3855 mens
1094 3804 1166 3854 homi·
1197 3838 1200 3853 .

143 3879 227 3925 num,-
251 3863 314 3928 [hoc
339 3867 372 3916 ad
398 3867 523 3916 Turnum
547 3867 687 3936 pertinet]
721 3866 790 3934 Quia
807 3876 924 3935 propter
947 3871 1026 3922 hunc
1045 3874 1166 3941 perittuus

141 3940 183 3982 est
200 3931 336 3996 balteum,
360 3951 444 4000 quem
461 3952 534 3985 nunc
552 3951 580 3985 se
593 3936 733 3994 sustulisse
755 3934 884 3986 laetatur.
902 3964 937 3972 —
975 3946 1039 3996 502.
1058 3943 1165 4008 [Servare

143 4001 270 4061 nodum:
288 4017 431 4069 uunquam
448 4004 554 4070 nescia,
570 4002 647 4055 ideo:
673 4019 722 4054 nec
740 4020 852 4056 servare
871 4006 1012 4075 modum]
1047 4011 1165 4072 Sublata,-
1196 4052 1199 4061 .
