2454 4500
165 304 226 346 n
251 282 405 348 maon.
419 285 601 378 nanno.
624 285 702 349 ms.
725 287 781 362 1x,
803 292 997 356 oss-ass.
1054 256 1119 355 sn

67 448 147 529 538.
166 468 226 536 Qui
242 482 317 535 patet
335 473 366 522 in
385 472 479 524 bivios
503 471 659 525 necessaria
676 470 754 540 signa
770 470 895 536 addidit]
928 469 1025 522 Portos
1043 488 1114 539 quos

67 543 217 591 uroxima
240 552 343 606 ponro;
368 547 498 609 apparet,
520 547 551 590 ut
575 548 603 591 et
625 555 709 610 supra
732 545 778 606 (7,
797 541 849 602 31.)
874 540 1003 606 diximus,
1026 550 1115 594 castra

67 607 208 659 Troiana
224 608 254 658 in
272 607 390 659 Ostiensi
405 609 504 670 fuisse3
527 608 663 676 siquidem
681 608 769 659 nullus
786 609 855 661 alter
872 610 946 665 locus
963 609 993 663 in
1010 610 1114 661 Lauro-

67 675 196 729 taviani
217 675 284 727 hinc
307 675 391 729 fluvio
415 677 559 740 cohaeret,
580 676 646 728 hinc
662 677 767 747 pelago.
801 678 838 729 Et
853 693 927 731 nunc
945 677 1023 729 dicits
1048 676 1112 729 Por·

67 755 145 809 tae,
169 761 240 812 quos
265 746 394 811 proxima
418 756 510 813 pqnto.
545 744 616 796 Item
640 745 800 814 paulopost
823 747 904 811 (468.)
922 745 1043 799 dicturus
1060 754 1115 798 est:

67 810 248 881 [Mororum
273 816 305 862 in
328 825 405 878 parts
429 812 582 880 sinistrn,]
608 814 768 880 Opposuere
786 817 888 879 aciem,
913 832 978 865 nam
1004 816 1115 867 dextera

67 880 216 948 tingitur
239 882 326 932 amni.
350 908 385 918 -
424 884 486 939 239.
510 881 665 949 interrupti
689 883 785 948 ignem
810 899 893 950 supra
916 880 995 934 aliter
1030 882 1115 945 189·):
1212 944 1214 949 ‚

67 945 212 999 Lumina
231 968 298 1001 raro
324 952 436 1001 micant.
470 949 578 1001 Fumus
602 949 873 1029 crigituq‘signum
897 958 939 1003 est
961 888 1114 1018 snpiiorum

67 1017 211 1098 ignium,
247 1017 353 1070 uotiens
369 1017 460 1071 maior
476 1019 568 1069 furnus
585 1020 709 1088 origitur.
726 1045 761 1055 -
794 1023 856 1077 240.
872 1017 998 1074 Fortuna
1007 1043 1016 1082 ,·
1034 1034 1113 1069 occa-

69 1100 179 1152 sione,
200 1034 247 1154 [ad
267 1086 463 1154 inquirendum
479 1088 608 1140 Aeneam.
642 1084 695 1138 Alii
718 1087 791 1138 huno
815 1087 941 1140 ordinem
958 1089 1063 1143 voltust:
1086 1087 1114 1141 Si

68 1154 198 1213 fortuna
215 1155 374 1224 permittitis
392 1155 448 1219 uti,
470 1154 537 1205 Mox
552 1154 598 1208 liic
621 1171 687 1206 cum
710 1154 802 1225 spoliis
825 1154 933 1223 ingenti
949 1155 1033 1207 caede
1051 1172 1113 1222 pst·

72 1229 166 1288 nota,
194 1224 302 1275 Affore¹
321 1225 447 1276 cernetis.
492 1223 551 1276 Neo
582 1239 632 1275 nos
664 1223 706 1275 via
736 1222 807 1276 fallit
836 1223 925 1276 euntis
954 1223 1115 1291 Quaesitum

72 1293 223 1355 Aestatem,
246 1300 274 1345 et
290 1292 403 1343 moenia
418 1289 579 1356 Pallantea]
595 1318 630 1329 -
663 1288 725 1349 241]
743 1289 925 1357 Quaesitum
951 1300 981 1345 ut
998 1308 1112 1360 quaera-

74 1374 156 1411 mus.
191 1358 261 1409 Cum
279 1361 381 1427 spoliis
387 1383 397 1424 ‚·
423 1359 488 1411 hinc
512 1368 565 1424 est,
589 1360 662 1428 quod
684 1376 766 1427 supra
789 1359 871 1426 (208.)
893 1360 1012 1428 Euryalo
1035 1358 1116 1410 dixit:

74 1426 134 1481 Me
159 1427 263 1497 referat
290 1430 344 1479 tibi
373 1442 495 1496 magnus
526 1442 653 1481 ovantem
680 1429 820 1495 luppiter5
851 1428 997 1496 respiciens
1029 1427 1063 1480 ad
1085 1426 1115 1481 id

75 1494 162 1565 quod
184 1504 275 1567 posset
297 1497 407 1548 fortiter
430 1499 531 1550 facere.
546 1525 580 1535 —
613 1500 677 1555 943.
694 1495 752 1547 Nec
775 1513 826 1547 ποτ
849 1499 897 1547 via
917 1496 1017 1564 fall&
1043 1495 1115 1547 bene

76 1562 190 1632 ubique
213 1572 313 1616 cuncta
336 1581 401 1616 cum
419 1565 509 1616 amico
535 1565 728 1617 communicat
746 1590 780 1600 -
814 1566 875 1620 244.
894 1566 1033 1616 Obscuris
1050 1572 1116 1624 etoa
1164 1601 1169 1614 .

76 1646 136 1686 nos
160 1631 191 1682 in
208 1632 330 1685 obscuris
353 1633 467 1685 vallibus
509 1635 570 1684 ositi
593 1634 709 1684 vidimus
726 1633 847 1700 primam
871 1633 984 1696 urbem,
1006 1633 1059 1684 hoo
1075 1638 1117 1683 est

101 1701 211 1752 rimam
226 1709 338 1772 partem
354 1702 451 1753 urbis·
499 1719 545 1753 am
561 1701 698 1753 Palatium
712 1700 742 1751 in
759 1708 854 1757 monte
871 1710 926 1765 est,
943 1717 999 1751 non
1016 1699 1046 1751 in
1062 1699 1115 1752 vtl÷

75 1717 165 1822 dibus.
188 1796 223 1806 -
262 1776 327 1827 245.
366 1770 467 1827 Totum
492 1788 619 1835 amnem3
646 1768 699 1824 hoc
724 1776 765 1821 est
786 1768 929 1838 regionem
951 1766 1059 1833 amnia]
1081 1795 1117 1811 ψ-

74 1841 147 1897 246.
165 1836 257 1888 Arinis
274 1840 373 1905 gravis
391 1845 457 1905 stoa
473 1837 612 1894 Sallustius
624 1838 658 1892 de
672 1836 813 1908 Philippo:
829 1834 888 1907 Qui
903 1848 990 1892 notate
1007 1850 1031 1894 et
1049 1853 1115 1889 con·

77 1906 154 1957 silio
173 1918 276 1957 ceteros
294 1908 426 1959 anteibat.
462 1906 544 1972 [Nam
561 1909 591 1957 in
608 1905 760 1958 senioribus
776 1905 851 1972 viget
886 1904 1027 1968 rudentia;
1042 1904 1116 1956 unde

76 1973 198 2025 Ovidius
216 1975 297 2040 (Met.
313 1979 346 2040 6,,
362 1975 430 2035 29.):
447 1974 522 2026 Seris
541 1977 618 2026 venit
636 1989 706 2025 usus
724 1975 758 2024 ab
778 1923 885 2037 canisii
902 2001 937 2010 -
970 1971 1116 2033 att-Non

78 2054 180 2106 tamen
198 2050 264 2105 esca
287 2059 320 2097 ao
337 2043 360 2094 si
377 2042 495 2096 diceret:
519 2043 599 2096 Licet
615 2041 774 2097 irascemini
792 2041 826 2095 ad
842 2049 968 2108 tempus,
993 2041 1058 2093 hinc
1075 2049 1117 2093 ta·
1222 2042 1225 2047 '

76 2126 154 2165 rnen
171 2119 300 2178 apparet,
321 2127 378 2167 non
401 2111 469 2162 velle
484 2127 530 2162 vos
547 2110 764 2178 penitusdelsre
782 2109 932 2173 Troianos,
955 2109 1028 2176 quod
1050 2104 1116 2169 tales

78 2178 195 2232 animos
218 2178 317 2233 nostris
340 2179 482 2234 iuvenibus
505 2180 583 2234 datis.
599 2207 634 2220 -
668 2182 730 2236 249.
746 2177 856 2250 [Οιηας
880 2177 933 2228 hoc
956 2178 1017 2229 locu
1033 2177 1116 2229 firma

77 2246 128 2299 vel
149 2245 251 2312 fortia]
270 2273 304 2284 -
337 2254 398 2305 250.
415 2246 556 2300 Humerus
574 2248 739 2315 dextrasque
764 2247 888 2308 tenebam·
913 2245 966 2294 hoc
991 2246 1026 2298 ad
1050 2248 1116 2301 salie-¹

77 2323 163 2369 ctnm
186 2315 296 2367 retulitz
320 2332 372 2370 nec
397 2316 473 2367 enirn
497 2316 579 2371 simul
602 2314 664 2367 fieri
688 2322 785 2383 potest.
818 2313 1000 2381 intelligimus
1023 2322 1116 2367 autem

79 2382 161 2452 quod
178 2391 206 2434 et
222 2383 342 2450 singulos
359 2391 387 2435 et
403 2384 586 2436 membratim
604 2383 830 2450 amplectebatur.
849 2408 882 2421 -
917 2389 978 2442 251.
1001 2382 1116 2439 Vultum

67 2452 238 2518 dammis,
261 2462 343 2516 atque
361 2470 411 2502 ora
437 2455 564 2519 agnina
608 2455 694 2511 oe'tice
710 2452 808 2515 iunxit,
832 2459 861 2504 et
876 2449 1064 2505 modo'unum
1081 2452 1116 2505 si-

80 2518 234 2586 gnificant3
257 2526 298 2571 est
313 2527 407 2570 autem
429 2519 548 2573 iteratio.
587 2469 731 2578 iirterdusn
753 2519 892 2592 recipiunt
915 2518 1116 2576 discretionem.

82 2587 170 2657 [Nam
187 2593 228 2638 est
243 2587 407 2640 naturaliter
424 2588 520 2656 scoies
538 2604 622 2656 quam
644 2588 794 2651 habemus,
817 2587 914 2639 vulsus
931 2603 1009 2650 vero,
1033 2602 1132 2654 quem¹
1157 2636 1161 2642 ,

83 2671 138 2725 pro
155 2662 225 2705 nutu
249 2655 336 2707 animi
353 2656 388 2708 ad
410 2663 518 2727 tempus
542 2653 713 2718 formamus]
739 2654 800 2717 ,Pro
820 2656 971 2716 lauduna
989 2655 1007 2704 i.
1025 2672 1048 2705 e.
1058 2656 1118 2707 ‚virv

67 2721 207 2783 ‚tutibusr
230 2722 266 2774 ab
284 2724 406 2791 eoquod
423 2724 579 2791 praecedit,
602 2723 631 2774 id
647 2723 721 2789 quod
736 2722 867 2798 sequitur.
894 2721 948 2839 ΗΜ
972 2727 1012 2786 (5,
1029 2725 1117 2785 355.);

86 2789 213 2843 Primum
240 2794 330 2842 merui
353 2795 408 2858 'qui
433 2794 515 2843 lande
540 2788 703 2854 coronam]
724 2813 759 2832 *-
806 2794 868 2846 254.
925 2792 949 2843 ii
975 2807 1116 2856 moresque

86 2859 197 2911 dabunt
213 2863 316 2924 vesrri;
341 2860 482 2913 Ciceronis
500 2859 579 2923 (Phil.
596 2868 629 2922 2,
646 2855 702 2919 tt.)
720 2864 777 2922 est,
802 2863 923 2915 tractum
945 2857 979 2907 de
996 2857 1117 2916 Philoso-

87 2927 166 2995 phio,
195 2928 244 2995 qui
267 2927 375 2992 dicunt,
404 2927 528 2980 sufficere
552 2925 587 2978 ad
611 2924 729 2991 gloriam
752 2923 890 2983 benefacti
912 2925 1118 2990 conscientiam,

87 2995 163 3064 quod
178 3002 207 3046 et
222 2995 351 3062 Virgilius
367 3011 449 3062 supra
466 3000 507 3061 (1,
523 2994 596 3054 604.)
613 2993 665 3049 ait:
687 2992 723 3043 Et
745 3009 824 3051 niens
847 2992 900 3046 sibi
916 2994 1025 3045 conscio
1041 2993 1118 3052 recti.

85 3063 156 3133 [Scit
171 3063 248 3115 enim
264 3065 362 3129 Poeta,
379 3063 450 3121 nihil
464 3080 522 3115 esse
538 3063 644 3126 maius,
661 3075 745 3129 quarn
762 3060 835 3135 quod
848 3060 891 3118 vel
907 3078 923 3112 s
940 3056 991 3115 diis
1008 3079 1119 3118 meruev

86 3132 191 3197 rimus,
216 3131 260 3182 vel
279 3133 362 3183 rectis
385 3131 509 3182 moribus
532 3127 763 3192 fecerimusla-
803 3135 864 3191 255.
886 3128 1032 3191 Actutum·
1054 3145 1120 3185 conv

86 3199 195 3263 testim,
217 3198 276 3251 sine
295 3199 438 3252 dilatione:
462 3207 489 3251 et
505 3206 546 3253 est
562 3197 722 3252 adverbium
738 3196 877 3266 temporis,
911 3198 1022 3264 integer
1039 3201 1117 3263 aevi3

102 3266 204 3334 'tegni
220 3267 294 3332 aevi,
316 3268 334 3318 i.
352 3267 387 3334 e.]
404 3267 575 3332 adolescens,
596 3267 642 3323 cui
659 3273 733 3323 aetas
749 3264 806 3323 inte
841 3274 1006 3337 asuperest.
1039 3264 1119 3322 Unde

151 3335 194 3386 ius
218 3335 283 3387 deos
301 3339 365 3387 nevi
382 3338 506 3403 integros
530 3335 611 3400 dicit,
640 3333 738 3402 quibus
761 3349 792 3387 m
821 3341 881 3390 tum
906 3335 966 3387 aevi
989 3341 1121 3400 superest,

84 3404 137 3473 [Et
158 3402 233 3453 hono
258 3403 350 3457 omine
373 3405 408 3456 ad
431 3403 554 3472 pericula
580 3400 773 3470 pergentibus,
796 3401 881 3457 etiam
903 3419 954 3470 por
971 3401 1125 3467 Ascanium,

83 3469 247 3543 praemium
269 3472 422 3542 pollicetur.
455 3471 628 3540 Longiorem
651 3469 726 3526 enim
751 3469 790 3526 sis
816 3470 897 3522 vitam
919 3468 1074 3546 promittit,
1096 3469 1119 3524 si

85 3558 124 3593 ea
142 3545 298 3606 exspectent
314 3556 385 3608 quae
397 3540 528 3592 Ascanius
539 3538 606 3590 dare
622 3538 732 3596 maiora
744 3536 846 3606 possit]
858 3564 893 3581 ·.-
927 3543 987 3599 256.
1004 3536 1103 3593 Mariti
1108 3559 1119 3600 ,-

87 3607 230 3680 praestiti:
253 3615 285 3657 ut
308 3611 351 3675 (5,
368 3608 452 3669 801.):
475 3607 571 3669 Merui
588 3623 703 3672 quoquc.
736 3606 806 3658 Item
831 3611 876 3671 (6,
892 3602 981 3668 664):
1006 3603 1119 3672 Quique

87 3677 138 3741 sui
165 3692 299 3727 memores
323 3678 437 3742 aliquos
462 3675 563 3738 (alios)
582 3674 674 3743 fecere
700 3674 843 3734 mercnd03
867 3674 943 3741 [cum
963 3674 1068 3728 mereri
1083 3672 1121 3727 sit,

88 3744 235 3809 conferre,
252 3751 283 3794 ut
298 3746 334 3809 (4,
351 3743 438 3806 315.):
455 3743 486 3794 Si
503 3744 569 3794 benc
587 3744 656 3810 quid
675 3744 707 3795 cle
723 3754 748 3792 te
767 3743 864 3794 merui.
883 3768 917 3779 -
951 3748 1015 3805 257,
1029 3741 1120 3800 Immo

88 3829 141 3880 ego
159 3828 227 3874 vos3
253 3812 367 3880 pulchre
383 3813 467 3864 Poe'ta
489 3810 574 3865 iidem
590 3810 742 3883 sponsionis
758 3810 849 3865 Alethi
865 3809 982 3876 addidit,
1007 3817 1037 3860 ut
1053 3808 1121 3865 eum

68 3879 186 3933 -rnum
202 3880 338 3947 promissa
354 3880 463 3932 Ascanii
478 3877 677 3946 sequerentur]
690 3904 724 3922 a·
757 3884 819 3936 258.
836 3877 949 3945 Excipit
963 3878 1120 3942 Asconius3

88 3949 109 4006 i.
133 3967 159 4000 e.
182 3947 368 4014 subsequitur:
395 3955 423 4001 et
446 3965 463 4000 a
485 3948 568 3999 Podta
593 3946 698 3999 dictum
721 3953 769 3997 est.
804 3945 873 4014 [Vos
897 3955 1005 4012 autem,
1033 3945 1120 4010 Niss;

88 4017 213 4086 figurate
229 4023 262 4068 ut
279 4016 382 4082 (525.):
410 4015 481 4082 Vos,
504 4015 674 4090 oGalliops.
706 4014 772 4067 Sola
787 4015 876 4069 'salus
897 4031 976 4080 vero,
999 4013 1045 4066 cui
1066 4029 1122 4064 una
