<?xml version="1.0" encoding="UTF-8"?>
<!DOCTYPE html PUBLIC "-//W3C//DTD XHTML 1.0 Transitional//EN"
    "http://www.w3.org/TR/xhtml1/DTD/xhtml1-transitional.dtd">
<html xmlns="http://www.w3.org/1999/xhtml" xml:lang="en" lang="en">
 <head>
  <title>
</title>
<meta http-equiv="Content-Type" content="text/html;charset=utf-8" />
  <meta name='ocr-system' content='tesseract 3.04.00' />
  <meta name='ocr-capabilities' content='ocr_page ocr_carea ocr_par ocr_line ocrx_word'/>
</head>
<body>
  <div class='ocr_page' id='page_1' title='image "./commentariiinvi00liongoog_0052.png"; bbox 0 0 2454 4500; ppageno 0'>
   <div class='ocr_carea' id='block_1_1' title="bbox 114 236 1089 353">
    <p class='ocr_par' dir='ltr' id='par_1_1' title="bbox 114 236 1089 353">
     <span class='ocr_line' id='line_1_1' title="bbox 114 236 1089 353; baseline -0.002 -25"><span class='ocrx_word' id='word_1_1' title='bbox 114 263 165 328; x_wconf 64' lang='lat' dir='ltr'><strong>n</strong></span> <span class='ocrx_word' id='word_1_2' title='bbox 186 259 346 330; x_wconf 76' lang='lat' dir='ltr'><strong>uum.</strong></span> <span class='ocrx_word' id='word_1_3' title='bbox 367 258 540 327; x_wconf 76' lang='lat' dir='ltr'><strong>neuun.</strong></span> <span class='ocrx_word' id='word_1_4' title='bbox 562 259 642 331; x_wconf 77' lang='lat' dir='ltr'><strong>uo.</strong></span> <span class='ocrx_word' id='word_1_5' title='bbox 664 260 918 353; x_wconf 68' lang='lat' dir='ltr'><strong>uros-ue</strong></span> <span class='ocrx_word' id='word_1_6' title='bbox 958 274 967 284; x_wconf 93' lang='lat'><strong>·</strong></span> <span class='ocrx_word' id='word_1_7' title='bbox 1001 261 1044 327; x_wconf 68' lang='grc' dir='ltr'><strong>ιι</strong></span> <span class='ocrx_word' id='word_1_8' title='bbox 1084 236 1089 245; x_wconf 84' lang='grc'><strong>’</strong></span> 
     </span>
    </p>
   </div>
   <div class='ocr_carea' id='block_1_2' title="bbox 53 442 1171 4110">
    <p class='ocr_par' dir='ltr' id='par_1_2' title="bbox 53 442 1046 726">
     <span class='ocr_line' id='line_1_2' title="bbox 53 442 1045 563; baseline -0.002 -63"><span class='ocrx_word' id='word_1_9' title='bbox 53 447 81 502; x_wconf 80' lang='lat' dir='ltr'><strong>cie</strong></span> <span class='ocrx_word' id='word_1_10' title='bbox 93 455 121 502; x_wconf 87' lang='lat' dir='ltr'><strong>et</strong></span> <span class='ocrx_word' id='word_1_11' title='bbox 136 448 258 520; x_wconf 73' lang='lat' dir='ltr'><strong>affatim.</strong></span> <span class='ocrx_word' id='word_1_12' title='bbox 294 447 408 500; x_wconf 71' lang='lat' dir='ltr'><strong>Hiscere</strong></span> <span class='ocrx_word' id='word_1_13' title='bbox 426 453 519 500; x_wconf 82' lang='lat' dir='ltr'><strong>autom</strong></span> <span class='ocrx_word' id='word_1_14' title='bbox 536 444 646 563; x_wconf 72' lang='lat' dir='ltr'><strong>aperire</strong></span> <span class='ocrx_word' id='word_1_15' title='bbox 670 444 807 513; x_wconf 77' lang='lat' dir='ltr'><strong>(aperiri)</strong></span> <span class='ocrx_word' id='word_1_16' title='bbox 816 478 824 512; x_wconf 90' lang='lat'><strong>,</strong></span> <span class='ocrx_word' id='word_1_17' title='bbox 846 442 973 516; x_wconf 82' lang='lat' dir='ltr'><strong>[verbum</strong></span> <span class='ocrx_word' id='word_1_18' title='bbox 989 445 1045 498; x_wconf 84' lang='lat' dir='ltr'><strong>sre-</strong></span> 
     </span>
     <span class='ocr_line' id='line_1_3' title="bbox 53 513 1045 584; baseline -0.005 -13"><span class='ocrx_word' id='word_1_19' title='bbox 53 518 197 571; x_wconf 76' lang='lat' dir='ltr'><strong>entatiwnn</strong></span> <span class='ocrx_word' id='word_1_20' title='bbox 214 519 251 570; x_wconf 83' lang='lat' dir='ltr'><strong>ab</strong></span> <span class='ocrx_word' id='word_1_21' title='bbox 269 514 370 581; x_wconf 72' lang='lat' dir='ltr'><strong>hinec]</strong></span> <span class='ocrx_word' id='word_1_22' title='bbox 387 542 422 553; x_wconf 89' lang='lat'>-</span> <span class='ocrx_word' id='word_1_23' title='bbox 458 521 519 573; x_wconf 76' lang='lat'><strong>125.</strong></span> <span class='ocrx_word' id='word_1_24' title='bbox 537 516 547 584; x_wconf 96' lang='lat'><strong>[</strong></span> <span class='ocrx_word' id='word_1_25' title='bbox 573 517 690 565; x_wconf 75' lang='lat' dir='ltr'><strong>nussam</strong></span> <span class='ocrx_word' id='word_1_26' title='bbox 708 513 825 564; x_wconf 77' lang='lat' dir='ltr'><strong>hiemem</strong></span> <span class='ocrx_word' id='word_1_27' title='bbox 832 536 842 578; x_wconf 90' lang='lat'><strong>,·</strong></span> <span class='ocrx_word' id='word_1_28' title='bbox 860 514 906 564; x_wconf 84' lang='lat' dir='ltr'><strong>hio</strong></span> <span class='ocrx_word' id='word_1_29' title='bbox 923 517 1045 583; x_wconf 71' lang='lat' dir='ltr'><strong>apertius</strong></span> 
     </span>
     <span class='ocr_line' id='line_1_4' title="bbox 53 580 1046 657; baseline -0.003 -19"><span class='ocrx_word' id='word_1_30' title='bbox 53 586 202 657; x_wconf 79' lang='lat' dir='ltr'><strong>ripestntem</strong></span> <span class='ocrx_word' id='word_1_31' title='bbox 219 587 341 639; x_wconf 78' lang='lat' dir='ltr'>declarat</span> <span class='ocrx_word' id='word_1_32' title='bbox 357 581 580 653; x_wconf 72' lang='lat' dir='ltr'><strong>[signiticariJex</strong></span> <span class='ocrx_word' id='word_1_33' title='bbox 597 584 722 636; x_wconf 82' lang='lat' dir='ltr'><strong>Graeco:</strong></span> <span class='ocrx_word' id='word_1_34' title='bbox 739 600 806 634; x_wconf 88' lang='lat' dir='ltr'><strong>nam</strong></span> <span class='ocrx_word' id='word_1_35' title='bbox 824 592 853 635; x_wconf 85' lang='lat' dir='ltr'><strong>et</strong></span> <span class='ocrx_word' id='word_1_36' title='bbox 862 581 908 651; x_wconf 71' lang='lat' dir='ltr'><strong>¹illi</strong></span> <span class='ocrx_word' id='word_1_37' title='bbox 925 580 1046 652; x_wconf 58' lang='lat' dir='ltr'><strong>neapoleo</strong></span> 
     </span>
     <span class='ocr_line' id='line_1_5' title="bbox 53 653 1046 726; baseline -0.003 -19"><span class='ocrx_word' id='word_1_38' title='bbox 53 664 210 726; x_wconf 73' lang='lat' dir='ltr'><strong>apostatem</strong></span> <span class='ocrx_word' id='word_1_39' title='bbox 227 656 337 708; x_wconf 83' lang='lat' dir='ltr'><strong>dicunt:</strong></span> <span class='ocrx_word' id='word_1_40' title='bbox 361 663 389 706; x_wconf 86' lang='lat' dir='ltr'><strong>ot</strong></span> <span class='ocrx_word' id='word_1_41' title='bbox 413 654 484 706; x_wconf 86' lang='lat' dir='ltr'><strong>bene</strong></span> <span class='ocrx_word' id='word_1_42' title='bbox 503 661 608 704; x_wconf 77' lang='lat' dir='ltr'><strong>veteres</strong></span> <span class='ocrx_word' id='word_1_43' title='bbox 633 654 721 704; x_wconf 78' lang='lat' dir='ltr'><strong>nostri</strong></span> <span class='ocrx_word' id='word_1_44' title='bbox 738 653 855 703; x_wconf 79' lang='lat' dir='ltr'><em>hiemem</em></span> <span class='ocrx_word' id='word_1_45' title='bbox 881 658 953 704; x_wconf 78' lang='lat' dir='ltr'><strong>anni</strong></span> <span class='ocrx_word' id='word_1_46' title='bbox 971 655 1046 707; x_wconf 75' lang='lat' dir='ltr'><strong>dice-</strong></span> 
     </span>
    </p>

    <p class='ocr_par' dir='ltr' id='par_1_3' title="bbox 53 719 1171 933">
     <span class='ocr_line' id='line_1_6' title="bbox 53 719 1047 804; baseline -0.001 -29"><span class='ocrx_word' id='word_1_47' title='bbox 53 733 90 791; x_wconf 81' lang='lat' dir='ltr'><strong>rt,</strong></span> <span class='ocrx_word' id='word_1_48' title='bbox 114 744 153 777; x_wconf 86' lang='lat' dir='ltr'><strong>ne</strong></span> <span class='ocrx_word' id='word_1_49' title='bbox 176 732 333 795; x_wconf 75' lang='lat' dir='ltr'><strong>tempestae</strong></span> <span class='ocrx_word' id='word_1_50' title='bbox 342 731 434 804; x_wconf 83' lang='lat' dir='ltr'><strong>posset</strong></span> <span class='ocrx_word' id='word_1_51' title='bbox 449 719 586 790; x_wconf 78' lang='lat' dir='ltr'><strong>intelligi]</strong></span> <span class='ocrx_word' id='word_1_52' title='bbox 620 722 691 772; x_wconf 78' lang='lat' dir='ltr'><strong>imis</strong></span> <span class='ocrx_word' id='word_1_53' title='bbox 698 745 707 785; x_wconf 91' lang='lat'><strong>,·</strong></span> <span class='ocrx_word' id='word_1_54' title='bbox 733 720 805 774; x_wconf 88' lang='lat' dir='ltr'><strong>bene</strong></span> <span class='ocrx_word' id='word_1_55' title='bbox 829 723 858 772; x_wconf 89' lang='lat' dir='ltr'><strong>in</strong></span> <span class='ocrx_word' id='word_1_56' title='bbox 881 721 944 773; x_wconf 87' lang='lat' dir='ltr'><strong>imis</strong></span> <span class='ocrx_word' id='word_1_57' title='bbox 962 722 1047 774; x_wconf 85' lang='lat' dir='ltr'><strong>voluit</strong></span> 
     </span>
     <span class='ocr_line' id='line_1_7' title="bbox 53 793 1171 864; baseline -0.002 -18"><span class='ocrx_word' id='word_1_58' title='bbox 53 794 261 864; x_wconf 79' lang='lat' dir='ltr'><strong>aNeptunum,</strong></span> <span class='ocrx_word' id='word_1_59' title='bbox 288 800 318 843; x_wconf 89' lang='lat' dir='ltr'><strong>ut</strong></span> <span class='ocrx_word' id='word_1_60' title='bbox 342 810 400 846; x_wconf 75' lang='lat' dir='ltr'><strong>iam</strong></span> <span class='ocrx_word' id='word_1_61' title='bbox 424 793 528 843; x_wconf 80' lang='lat' dir='ltr'><strong>iactum</strong></span> <span class='ocrx_word' id='word_1_62' title='bbox 551 799 732 857; x_wconf 78' lang='lat' dir='ltr'><strong>cognosceret</strong></span> <span class='ocrx_word' id='word_1_63' title='bbox 753 798 965 863; x_wconf 75' lang='lat' dir='ltr'><strong>tempestatem,</strong></span> <span class='ocrx_word' id='word_1_64' title='bbox 988 809 1046 844; x_wconf 85' lang='lat' dir='ltr'><strong>non</strong></span> <span class='ocrx_word' id='word_1_65' title='bbox 1091 837 1095 845; x_wconf 94' lang='lat'>.</span> <span class='ocrx_word' id='word_1_66' title='bbox 1169 794 1171 803; x_wconf 90' lang='lat'>&#39;</span> 
     </span>
     <span class='ocr_line' id='line_1_8' title="bbox 53 860 1046 933; baseline -0.003 -20"><span class='ocrx_word' id='word_1_67' title='bbox 53 861 199 933; x_wconf 86' lang='lat' dir='ltr'><strong>ipientem.</strong></span> <span class='ocrx_word' id='word_1_68' title='bbox 217 869 331 914; x_wconf 75' lang='lat' dir='ltr'><strong>vetaret.</strong></span> <span class='ocrx_word' id='word_1_69' title='bbox 353 890 389 900; x_wconf 93' lang='lat'>-</span> <span class='ocrx_word' id='word_1_70' title='bbox 432 867 493 918; x_wconf 78' lang='lat'><strong>126.</strong></span> <span class='ocrx_word' id='word_1_71' title='bbox 522 860 646 928; x_wconf 80' lang='lat' dir='ltr'><strong>Stagna3</strong></span> <span class='ocrx_word' id='word_1_72' title='bbox 679 872 814 926; x_wconf 67' lang='lat' dir='ltr'><strong>stagnum</strong></span> <span class='ocrx_word' id='word_1_73' title='bbox 842 860 944 911; x_wconf 80' lang='lat' dir='ltr'><strong>dicitur</strong></span> <span class='ocrx_word' id='word_1_74' title='bbox 973 876 1046 930; x_wconf 83' lang='lat' dir='ltr'><strong>aqua</strong></span> 
     </span>
    </p>

    <p class='ocr_par' dir='ltr' id='par_1_4' title="bbox 53 928 1045 1000">
     <span class='ocr_line' id='line_1_9' title="bbox 53 928 1045 1000; baseline 0.002 -18"><span class='ocrx_word' id='word_1_75' title='bbox 53 949 95 982; x_wconf 83' lang='lat' dir='ltr'><strong>ns:</strong></span> <span class='ocrx_word' id='word_1_76' title='bbox 119 933 168 984; x_wconf 88' lang='lat' dir='ltr'><strong>sed</strong></span> <span class='ocrx_word' id='word_1_77' title='bbox 184 948 258 982; x_wconf 89' lang='lat' dir='ltr'><strong>nunc</strong></span> <span class='ocrx_word' id='word_1_78' title='bbox 276 931 414 1000; x_wconf 80' lang='lat' dir='ltr'><strong>&#39;profunda</strong></span> <span class='ocrx_word' id='word_1_79' title='bbox 431 929 516 981; x_wconf 82' lang='lat' dir='ltr'><strong>maris</strong></span> <span class='ocrx_word' id='word_1_80' title='bbox 532 928 683 998; x_wconf 83' lang='lat' dir='ltr'><strong>significat,</strong></span> <span class='ocrx_word' id='word_1_81' title='bbox 707 930 743 981; x_wconf 85' lang='lat' dir='ltr'><strong>ab</strong></span> <span class='ocrx_word' id='word_1_82' title='bbox 761 946 810 995; x_wconf 86' lang='lat' dir='ltr'><strong>eo,</strong></span> <span class='ocrx_word' id='word_1_83' title='bbox 827 929 901 997; x_wconf 84' lang='lat' dir='ltr'><strong>quod</strong></span> <span class='ocrx_word' id='word_1_84' title='bbox 918 946 974 982; x_wconf 87' lang='lat' dir='ltr'><strong>uon</strong></span> <span class='ocrx_word' id='word_1_85' title='bbox 991 929 1045 984; x_wconf 86' lang='lat' dir='ltr'><strong>uisi</strong></span> 
     </span>
    </p>

    <p class='ocr_par' dir='ltr' id='par_1_5' title="bbox 53 998 1114 1140">
     <span class='ocr_line' id='line_1_10' title="bbox 53 998 1114 1070; baseline 0.001 -20"><span class='ocrx_word' id='word_1_86' title='bbox 53 1000 95 1052; x_wconf 84' lang='lat' dir='ltr'><strong>uia</strong></span> <span class='ocrx_word' id='word_1_87' title='bbox 117 1007 284 1070; x_wconf 79' lang='lat' dir='ltr'><strong>tempestate</strong></span> <span class='ocrx_word' id='word_1_88' title='bbox 309 1000 465 1052; x_wconf 81' lang='lat' dir='ltr'><strong>turbantur.</strong></span> <span class='ocrx_word' id='word_1_89' title='bbox 500 999 575 1066; x_wconf 86' lang='lat' dir='ltr'><strong>Ergo</strong></span> <span class='ocrx_word' id='word_1_90' title='bbox 593 1000 695 1067; x_wconf 79' lang='lat' dir='ltr'><strong>Stagna</strong></span> <span class='ocrx_word' id='word_1_91' title='bbox 719 1007 747 1050; x_wconf 85' lang='lat' dir='ltr'><strong>et</strong></span> <span class='ocrx_word' id='word_1_92' title='bbox 763 1001 829 1049; x_wconf 79' lang='lat' dir='ltr'><strong>Imis</strong></span> <span class='ocrx_word' id='word_1_93' title='bbox 852 998 927 1049; x_wconf 81' lang='lat' dir='ltr'><strong>vadis</strong></span> <span class='ocrx_word' id='word_1_94' title='bbox 944 1001 1046 1067; x_wconf 75' lang='lat' dir='ltr'><strong>refusa,</strong></span> <span class='ocrx_word' id='word_1_95' title='bbox 1109 1024 1114 1029; x_wconf 95' lang='lat'>·</span> 
     </span>
     <span class='ocr_line' id='line_1_11' title="bbox 53 1066 1045 1140; baseline 0 -20"><span class='ocrx_word' id='word_1_96' title='bbox 53 1070 81 1120; x_wconf 87' lang='lat' dir='ltr'><strong>ul</strong></span> <span class='ocrx_word' id='word_1_97' title='bbox 98 1070 203 1140; x_wconf 85' lang='lat' dir='ltr'><strong>pendet</strong></span> <span class='ocrx_word' id='word_1_98' title='bbox 219 1084 251 1120; x_wconf 77' lang='lat' dir='ltr'><strong>ex</strong></span> <span class='ocrx_word' id='word_1_99' title='bbox 268 1066 337 1120; x_wconf 83' lang='lat' dir='ltr'><strong>alio:</strong></span> <span class='ocrx_word' id='word_1_100' title='bbox 360 1069 425 1138; x_wconf 83' lang='lat' dir='ltr'><strong>quia</strong></span> <span class='ocrx_word' id='word_1_101' title='bbox 442 1067 593 1118; x_wconf 88' lang='lat' dir='ltr'><strong>immobilis</strong></span> <span class='ocrx_word' id='word_1_102' title='bbox 611 1085 682 1134; x_wconf 82' lang='lat' dir='ltr'><strong>aquo</strong></span> <span class='ocrx_word' id='word_1_103' title='bbox 699 1069 729 1118; x_wconf 90' lang='lat' dir='ltr'><strong>in</strong></span> <span class='ocrx_word' id='word_1_104' title='bbox 746 1068 803 1118; x_wconf 91' lang='lat' dir='ltr'><strong>imo</strong></span> <span class='ocrx_word' id='word_1_105' title='bbox 821 1067 907 1118; x_wconf 85' lang='lat' dir='ltr'><strong>moris</strong></span> <span class='ocrx_word' id='word_1_106' title='bbox 924 1075 1045 1120; x_wconf 82' lang='lat' dir='ltr'><strong>tentum·</strong></span> 
     </span>
    </p>

    <p class='ocr_par' dir='ltr' id='par_1_6' title="bbox 53 1136 1045 1207">
     <span class='ocr_line' id='line_1_12' title="bbox 53 1136 1045 1207; baseline -0.002 -18"><span class='ocrx_word' id='word_1_107' title='bbox 53 1138 89 1189; x_wconf 87' lang='lat' dir='ltr'><strong>do</strong></span> <span class='ocrx_word' id='word_1_108' title='bbox 106 1145 164 1202; x_wconf 85' lang='lat' dir='ltr'><strong>est,</strong></span> <span class='ocrx_word' id='word_1_109' title='bbox 187 1142 283 1205; x_wconf 84' lang='lat' dir='ltr'><strong>(quam</strong></span> <span class='ocrx_word' id='word_1_110' title='bbox 306 1145 372 1189; x_wconf 88' lang='lat' dir='ltr'><strong>tuno</strong></span> <span class='ocrx_word' id='word_1_111' title='bbox 396 1138 431 1189; x_wconf 83' lang='lat' dir='ltr'><strong>ab</strong></span> <span class='ocrx_word' id='word_1_112' title='bbox 456 1136 514 1186; x_wconf 87' lang='lat' dir='ltr'><strong>imo</strong></span> <span class='ocrx_word' id='word_1_113' title='bbox 530 1143 610 1207; x_wconf 71' lang='lat' dir='ltr'><strong>pnotu</strong></span> <span class='ocrx_word' id='word_1_114' title='bbox 628 1136 695 1188; x_wconf 76' lang='lat' dir='ltr'><strong>‹lic-it</strong></span> <span class='ocrx_word' id='word_1_115' title='bbox 712 1153 769 1188; x_wconf 87' lang='lat' dir='ltr'><strong>esse</strong></span> <span class='ocrx_word' id='word_1_116' title='bbox 785 1138 936 1188; x_wconf 81' lang='lat' dir='ltr'><strong>tiubatam.</strong></span> <span class='ocrx_word' id='word_1_117' title='bbox 973 1136 1045 1189; x_wconf 83' lang='lat' dir='ltr'><strong>Gra·</strong></span> 
     </span>
    </p>

    <p class='ocr_par' dir='ltr' id='par_1_7' title="bbox 53 1205 1101 4110">
     <span class='ocr_line' id='line_1_13' title="bbox 53 1205 1047 1276; baseline 0.003 -20"><span class='ocrx_word' id='word_1_118' title='bbox 53 1226 76 1258; x_wconf 75' lang='lat' dir='ltr'><strong>er</strong></span> <span class='ocrx_word' id='word_1_119' title='bbox 94 1219 266 1270; x_wconf 80' lang='lat' dir='ltr'><strong>commotus;</strong></span> <span class='ocrx_word' id='word_1_120' title='bbox 285 1214 421 1276; x_wconf 83' lang='lat' dir='ltr'><strong>oportune</strong></span> <span class='ocrx_word' id='word_1_121' title='bbox 438 1205 598 1275; x_wconf 83' lang='lat' dir='ltr'><strong>Neptunum</strong></span> <span class='ocrx_word' id='word_1_122' title='bbox 614 1205 654 1256; x_wconf 84' lang='lat' dir='ltr'><strong>ait</strong></span> <span class='ocrx_word' id='word_1_123' title='bbox 670 1215 856 1273; x_wconf 88' lang='lat' dir='ltr'><strong>commotum,</strong></span> <span class='ocrx_word' id='word_1_124' title='bbox 873 1222 938 1257; x_wconf 89' lang='lat' dir='ltr'><strong>cum</strong></span> <span class='ocrx_word' id='word_1_125' title='bbox 956 1210 1047 1262; x_wconf 88' lang='lat' dir='ltr'><strong>maria</strong></span> 
     </span>
     <span class='ocr_line' id='line_1_14' title="bbox 53 1274 1045 1345; baseline 0 -19"><span class='ocrx_word' id='word_1_126' title='bbox 53 1276 169 1336; x_wconf 79' lang='lat' dir='ltr'><strong>hantm:</strong></span> <span class='ocrx_word' id='word_1_127' title='bbox 193 1277 259 1344; x_wconf 78' lang='lat' dir='ltr'><strong>quia</strong></span> <span class='ocrx_word' id='word_1_128' title='bbox 276 1276 440 1345; x_wconf 87' lang='lat' dir='ltr'><strong>plerumque</strong></span> <span class='ocrx_word' id='word_1_129' title='bbox 463 1280 561 1343; x_wconf 74' lang='lat' dir='ltr'><strong>poetae</strong></span> <span class='ocrx_word' id='word_1_130' title='bbox 578 1274 737 1343; x_wconf 81' lang='lat' dir='ltr'><strong>Neptunum</strong></span> <span class='ocrx_word' id='word_1_131' title='bbox 761 1290 813 1345; x_wconf 89' lang='lat' dir='ltr'><strong>pro</strong></span> <span class='ocrx_word' id='word_1_132' title='bbox 831 1275 902 1326; x_wconf 89' lang='lat' dir='ltr'><strong>mari</strong></span> <span class='ocrx_word' id='word_1_133' title='bbox 940 1277 1045 1338; x_wconf 78' lang='lat' dir='ltr'><strong>ouum)</strong></span> 
     </span>
     <span class='ocr_line' id='line_1_15' title="bbox 53 1293 1044 1414; baseline 0.002 -20"><span class='ocrx_word' id='word_1_134' title='bbox 53 1346 114 1397; x_wconf 78' lang='lat' dir='ltr'><strong>ulto</strong></span> <span class='ocrx_word' id='word_1_135' title='bbox 132 1346 329 1412; x_wconf 82' lang='lat' dir='ltr'><strong>prospiciens‚·</strong></span> <span class='ocrx_word' id='word_1_136' title='bbox 365 1345 434 1413; x_wconf 82' lang='lat' dir='ltr'><strong>[alto</strong></span> <span class='ocrx_word' id='word_1_137' title='bbox 458 1343 573 1410; x_wconf 88' lang='lat' dir='ltr'><strong>quidam</strong></span> <span class='ocrx_word' id='word_1_138' title='bbox 597 1344 652 1394; x_wconf 87' lang='lat' dir='ltr'><strong>alto</strong></span> <span class='ocrx_word' id='word_1_139' title='bbox 670 1344 747 1396; x_wconf 87' lang='lat' dir='ltr'><strong>coelo</strong></span> <span class='ocrx_word' id='word_1_140' title='bbox 764 1293 938 1414; x_wconf 72' lang='lat' dir='ltr'><strong>occipiunt]p</strong></span> <span class='ocrx_word' id='word_1_141' title='bbox 956 1346 1044 1397; x_wconf 79' lang='lat' dir='ltr'><strong>Auta</strong></span> 
     </span>
     <span class='ocr_line' id='line_1_16' title="bbox 53 1412 1045 1482; baseline -0.001 -16"><span class='ocrx_word' id='word_1_142' title='bbox 53 1414 216 1482; x_wconf 65' lang='lat' dir='ltr'><strong>tiaerigens</strong></span> <span class='ocrx_word' id='word_1_143' title='bbox 242 1420 340 1482; x_wconf 80' lang='lat' dir='ltr'><strong>caput,</strong></span> <span class='ocrx_word' id='word_1_144' title='bbox 363 1420 411 1464; x_wconf 85' lang='lat' dir='ltr'><strong>aut</strong></span> <span class='ocrx_word' id='word_1_145' title='bbox 434 1413 507 1462; x_wconf 83' lang='lat' dir='ltr'><strong>mari</strong></span> <span class='ocrx_word' id='word_1_146' title='bbox 530 1412 683 1482; x_wconf 83' lang='lat' dir='ltr'><strong>providens.</strong></span> <span class='ocrx_word' id='word_1_147' title='bbox 718 1412 848 1481; x_wconf 83' lang='lat' dir='ltr'><strong>(Quidam</strong></span> <span class='ocrx_word' id='word_1_148' title='bbox 873 1414 944 1478; x_wconf 82' lang='lat' dir='ltr'><strong>olto,</strong></span> <span class='ocrx_word' id='word_1_149' title='bbox 969 1413 1045 1465; x_wconf 82' lang='lat' dir='ltr'><strong>coelo</strong></span> 
     </span>
     <span class='ocr_line' id='line_1_17' title="bbox 53 1480 1045 1553; baseline 0.001 -21"><span class='ocrx_word' id='word_1_150' title='bbox 53 1482 251 1553; x_wconf 76' lang='lat' dir='ltr'><strong>ipirmt;,q11ia</strong></span> <span class='ocrx_word' id='word_1_151' title='bbox 269 1484 322 1543; x_wconf 81' lang='lat' dir='ltr'><strong>ait3</strong></span> <span class='ocrx_word' id='word_1_152' title='bbox 347 1481 408 1531; x_wconf 81' lang='lat' dir='ltr'><strong>Iam</strong></span> <span class='ocrx_word' id='word_1_153' title='bbox 428 1481 534 1532; x_wconf 83' lang='lat' dir='ltr'><strong>coelum</strong></span> <span class='ocrx_word' id='word_1_154' title='bbox 552 1480 728 1548; x_wconf 81' lang='lat' dir='ltr'><strong>terramque.)</strong></span> <span class='ocrx_word' id='word_1_155' title='bbox 745 1507 781 1520; x_wconf 90' lang='lat'><strong>·-</strong></span> <span class='ocrx_word' id='word_1_156' title='bbox 815 1487 876 1539; x_wconf 78' lang='lat'><strong>127.</strong></span> <span class='ocrx_word' id='word_1_157' title='bbox 898 1481 1045 1533; x_wconf 79' lang='lat' dir='ltr'><strong>Placidum</strong></span> 
     </span>
     <span class='ocr_line' id='line_1_18' title="bbox 53 1548 1046 1621; baseline 0.003 -21"><span class='ocrx_word' id='word_1_158' title='bbox 53 1565 105 1618; x_wconf 68' lang='lat' dir='ltr'><strong>»ut3</strong></span> <span class='ocrx_word' id='word_1_159' title='bbox 117 1559 121 1563; x_wconf 89' lang='lat'>&#39;</span> <span class='ocrx_word' id='word_1_160' title='bbox 132 1548 273 1620; x_wconf 75' lang='lat' dir='ltr'><strong>quamtmt</strong></span> <span class='ocrx_word' id='word_1_161' title='bbox 289 1549 369 1603; x_wconf 88' lang='lat' dir='ltr'><strong>multi</strong></span> <span class='ocrx_word' id='word_1_162' title='bbox 387 1548 622 1619; x_wconf 81' lang='lat' dir='ltr'><strong>quemadmodmn</strong></span> <span class='ocrx_word' id='word_1_163' title='bbox 635 1551 785 1619; x_wconf 25' lang='lat' dir='ltr'><strong>&#39;piacidum</strong></span> <span class='ocrx_word' id='word_1_164' title='bbox 804 1550 925 1618; x_wconf 85' lang='lat' dir='ltr'><strong>[caput],</strong></span> <span class='ocrx_word' id='word_1_165' title='bbox 943 1553 965 1603; x_wconf 84' lang='lat' dir='ltr'><strong>si</strong></span> <span class='ocrx_word' id='word_1_166' title='bbox 982 1568 1046 1621; x_wconf 78' lang='lat' dir='ltr'><strong>gra·</strong></span> 
     </span>
     <span class='ocr_line' id='line_1_19' title="bbox 53 1617 1046 1691; baseline 0.002 -21"><span class='ocrx_word' id='word_1_167' title='bbox 53 1637 73 1670; x_wconf 74' lang='lat' dir='ltr'><strong>u&#39;</strong></span> <span class='ocrx_word' id='word_1_168' title='bbox 91 1617 270 1672; x_wconf 77' lang='lat' dir='ltr'><strong>commotus?</strong></span> <span class='ocrx_word' id='word_1_169' title='bbox 294 1620 372 1688; x_wconf 85' lang='lat' dir='ltr'><strong>qnasi</strong></span> <span class='ocrx_word' id='word_1_170' title='bbox 389 1635 445 1673; x_wconf 88' lang='lat' dir='ltr'><strong>non</strong></span> <span class='ocrx_word' id='word_1_171' title='bbox 462 1620 548 1689; x_wconf 88' lang='lat' dir='ltr'><strong>possit</strong></span> <span class='ocrx_word' id='word_1_172' title='bbox 565 1619 642 1682; x_wconf 82' lang='lat' dir='ltr'><strong>sieri,</strong></span> <span class='ocrx_word' id='word_1_173' title='bbox 661 1627 690 1668; x_wconf 88' lang='lat' dir='ltr'><strong>ut</strong></span> <span class='ocrx_word' id='word_1_174' title='bbox 706 1619 842 1671; x_wconf 76' lang='lat' dir='ltr'><strong>irascatur</strong></span> <span class='ocrx_word' id='word_1_175' title='bbox 859 1620 959 1684; x_wconf 86' lang='lat' dir='ltr'><strong>ventis,</strong></span> <span class='ocrx_word' id='word_1_176' title='bbox 982 1636 1046 1691; x_wconf 84' lang='lat' dir='ltr'><strong>pro·</strong></span> 
     </span>
     <span class='ocr_line' id='line_1_20' title="bbox 55 1686 1047 1758; baseline 0.004 -20"><span class='ocrx_word' id='word_1_177' title='bbox 55 1704 85 1738; x_wconf 87' lang='lat' dir='ltr'><strong>us</strong></span> <span class='ocrx_word' id='word_1_178' title='bbox 109 1686 147 1740; x_wconf 83' lang='lat' dir='ltr'><strong>sit</strong></span> <span class='ocrx_word' id='word_1_179' title='bbox 171 1688 310 1740; x_wconf 78' lang='lat' dir='ltr'><strong>Troianis.</strong></span> <span class='ocrx_word' id='word_1_180' title='bbox 344 1687 484 1758; x_wconf 83' lang='lat' dir='ltr'><strong>[Epitheto</strong></span> <span class='ocrx_word' id='word_1_181' title='bbox 509 1689 585 1741; x_wconf 86' lang='lat' dir='ltr'><strong>onim</strong></span> <span class='ocrx_word' id='word_1_182' title='bbox 611 1687 665 1740; x_wconf 80' lang='lat' dir='ltr'><strong>alia</strong></span> <span class='ocrx_word' id='word_1_183' title='bbox 682 1689 820 1740; x_wconf 87' lang='lat' dir='ltr'><strong>naturalia</strong></span> <span class='ocrx_word' id='word_1_184' title='bbox 837 1697 916 1753; x_wconf 80' lang='lat' dir='ltr'><strong>sunt,</strong></span> <span class='ocrx_word' id='word_1_185' title='bbox 940 1689 993 1741; x_wconf 84' lang='lat' dir='ltr'><strong>alia</strong></span> <span class='ocrx_word' id='word_1_186' title='bbox 1011 1689 1047 1743; x_wconf 78' lang='lat' dir='ltr'><strong>ad</strong></span> 
     </span>
     <span class='ocr_line' id='line_1_21' title="bbox 53 1756 1047 1828; baseline 0.005 -21"><span class='ocrx_word' id='word_1_187' title='bbox 53 1774 127 1827; x_wconf 79' lang='lat' dir='ltr'><strong>rpus:</strong></span> <span class='ocrx_word' id='word_1_188' title='bbox 153 1766 183 1809; x_wconf 89' lang='lat' dir='ltr'><strong>et</strong></span> <span class='ocrx_word' id='word_1_189' title='bbox 207 1758 348 1828; x_wconf 68' lang='lat' dir='ltr'><strong>placidum</strong></span> <span class='ocrx_word' id='word_1_190' title='bbox 372 1764 403 1808; x_wconf 90' lang='lat' dir='ltr'><strong>ut</strong></span> <span class='ocrx_word' id='word_1_191' title='bbox 425 1758 551 1810; x_wconf 81' lang='lat' dir='ltr'><strong>naturale</strong></span> <span class='ocrx_word' id='word_1_192' title='bbox 576 1756 700 1826; x_wconf 80' lang='lat' dir='ltr'><strong>Neptuni</strong></span> <span class='ocrx_word' id='word_1_193' title='bbox 724 1764 781 1822; x_wconf 83' lang='lat' dir='ltr'><strong>est,</strong></span> <span class='ocrx_word' id='word_1_194' title='bbox 804 1759 843 1808; x_wconf 86' lang='lat' dir='ltr'><strong>ita</strong></span> <span class='ocrx_word' id='word_1_195' title='bbox 866 1761 994 1825; x_wconf 76' lang='lat' dir='ltr'><strong>grauiter</strong></span> <span class='ocrx_word' id='word_1_196' title='bbox 1011 1758 1047 1812; x_wconf 83' lang='lat' dir='ltr'><strong>ad</strong></span> 
     </span>
     <span class='ocr_line' id='line_1_22' title="bbox 53 1825 1047 1897; baseline 0.002 -22"><span class='ocrx_word' id='word_1_197' title='bbox 53 1843 113 1896; x_wconf 71' lang='lat' dir='ltr'><strong>rpus</strong></span> <span class='ocrx_word' id='word_1_198' title='bbox 131 1827 170 1877; x_wconf 93' lang='lat' dir='ltr'><strong>ob</strong></span> <span class='ocrx_word' id='word_1_199' title='bbox 185 1828 291 1878; x_wconf 84' lang='lat' dir='ltr'><strong>factam</strong></span> <span class='ocrx_word' id='word_1_200' title='bbox 308 1825 521 1897; x_wconf 70' lang='lat' dir='ltr'><strong>tempestatem]</strong></span> <span class='ocrx_word' id='word_1_201' title='bbox 537 1867 540 1872; x_wconf 92' lang='lat'>.</span> <span class='ocrx_word' id='word_1_202' title='bbox 556 1826 615 1878; x_wconf 91' lang='lat' dir='ltr'><strong>Uno</strong></span> <span class='ocrx_word' id='word_1_203' title='bbox 633 1830 728 1878; x_wconf 84' lang='lat' dir='ltr'><strong>autem</strong></span> <span class='ocrx_word' id='word_1_204' title='bbox 745 1826 866 1896; x_wconf 86' lang='lat' dir='ltr'><strong>epitheto</strong></span> <span class='ocrx_word' id='word_1_205' title='bbox 884 1832 973 1894; x_wconf 83' lang='lat' dir='ltr'><strong>(more</strong></span> <span class='ocrx_word' id='word_1_206' title='bbox 987 1827 1047 1891; x_wconf 86' lang='lat' dir='ltr'><strong>mo)</strong></span> 
     </span>
     <span class='ocr_line' id='line_1_23' title="bbox 53 1892 1047 1965; baseline 0.004 -21"><span class='ocrx_word' id='word_1_207' title='bbox 53 1900 134 1946; x_wconf 64' lang='lat' dir='ltr'><strong>‚itum</strong></span> <span class='ocrx_word' id='word_1_208' title='bbox 151 1897 263 1947; x_wconf 78' lang='lat' dir='ltr'><strong>futruae</strong></span> <span class='ocrx_word' id='word_1_209' title='bbox 280 1895 412 1946; x_wconf 81' lang='lat' dir='ltr'><strong>orationis</strong></span> <span class='ocrx_word' id='word_1_210' title='bbox 430 1895 563 1947; x_wconf 81' lang='lat' dir='ltr'><strong>ostendit:</strong></span> <span class='ocrx_word' id='word_1_211' title='bbox 580 1903 611 1946; x_wconf 91' lang='lat' dir='ltr'><strong>ut</strong></span> <span class='ocrx_word' id='word_1_212' title='bbox 625 1892 690 1946; x_wconf 83' lang='lat' dir='ltr'><strong>aiibi</strong></span> <span class='ocrx_word' id='word_1_213' title='bbox 706 1909 762 1945; x_wconf 88' lang='lat' dir='ltr'><strong>uno</strong></span> <span class='ocrx_word' id='word_1_214' title='bbox 775 1911 903 1949; x_wconf 85' lang='lat' dir='ltr'><strong>sermone</strong></span> <span class='ocrx_word' id='word_1_215' title='bbox 917 1902 952 1965; x_wconf 86' lang='lat'><strong>(7,</strong></span> <span class='ocrx_word' id='word_1_216' title='bbox 960 1897 1047 1958; x_wconf 80' lang='lat'><strong>292.):</strong></span> 
     </span>
     <span class='ocr_line' id='line_1_24' title="bbox 53 1962 1048 2034; baseline 0.003 -20"><span class='ocrx_word' id='word_1_217' title='bbox 53 1982 85 2015; x_wconf 77' lang='lat' dir='ltr'><strong>nc</strong></span> <span class='ocrx_word' id='word_1_218' title='bbox 111 1981 259 2034; x_wconf 81' lang='lat' dir='ltr'><strong>quassans</strong></span> <span class='ocrx_word' id='word_1_219' title='bbox 289 1976 380 2032; x_wconf 81' lang='lat' dir='ltr'><strong>caput.</strong></span> <span class='ocrx_word' id='word_1_220' title='bbox 406 1990 442 2000; x_wconf 91' lang='lat'><em>-</em></span> <span class='ocrx_word' id='word_1_221' title='bbox 484 1970 544 2022; x_wconf 75' lang='lat'><strong>128.</strong></span> <span class='ocrx_word' id='word_1_222' title='bbox 570 1962 728 2015; x_wconf 85' lang='lat' dir='ltr'><strong>Disiectam</strong></span> <span class='ocrx_word' id='word_1_223' title='bbox 753 1972 820 2026; x_wconf 87' lang='lat' dir='ltr'><strong>etc.;</strong></span> <span class='ocrx_word' id='word_1_224' title='bbox 849 1965 895 2016; x_wconf 91' lang='lat' dir='ltr'><strong>hic</strong></span> <span class='ocrx_word' id='word_1_225' title='bbox 920 1966 1048 2032; x_wconf 78' lang='lat' dir='ltr'><strong>ostendit,</strong></span> 
     </span>
     <span class='ocr_line' id='line_1_25' title="bbox 53 2032 1047 2103; baseline 0.001 -18"><span class='ocrx_word' id='word_1_226' title='bbox 53 2035 120 2085; x_wconf 75' lang='lat' dir='ltr'><strong>»lum</strong></span> <span class='ocrx_word' id='word_1_227' title='bbox 151 2035 246 2085; x_wconf 80' lang='lat' dir='ltr'><strong>omnia</strong></span> <span class='ocrx_word' id='word_1_228' title='bbox 262 2034 374 2086; x_wconf 77' lang='lat' dir='ltr'><strong>lunonis</strong></span> <span class='ocrx_word' id='word_1_229' title='bbox 397 2041 548 2103; x_wconf 82' lang='lat' dir='ltr'><strong>praecepto</strong></span> <span class='ocrx_word' id='word_1_230' title='bbox 567 2032 727 2103; x_wconf 77' lang='lat' dir='ltr'><strong>complesse.</strong></span> <span class='ocrx_word' id='word_1_231' title='bbox 761 2032 849 2086; x_wconf 81' lang='lat' dir='ltr'><strong>Nam:</strong></span> <span class='ocrx_word' id='word_1_232' title='bbox 873 2036 1047 2086; x_wconf 74' lang='lat' dir='ltr'><strong>submersas·</strong></span> 
     </span>
     <span class='ocr_line' id='line_1_26' title="bbox 72 2101 1087 2174; baseline 0.001 -20"><span class='ocrx_word' id='word_1_233' title='bbox 72 2104 165 2154; x_wconf 84' lang='lat' dir='ltr'><strong>obrue</strong></span> <span class='ocrx_word' id='word_1_234' title='bbox 182 2120 297 2170; x_wconf 81' lang='lat' dir='ltr'><strong>puppes,</strong></span> <span class='ocrx_word' id='word_1_235' title='bbox 313 2102 344 2153; x_wconf 90' lang='lat' dir='ltr'><strong>in</strong></span> <span class='ocrx_word' id='word_1_236' title='bbox 361 2101 475 2154; x_wconf 80' lang='lat' dir='ltr'><strong>Orontis</strong></span> <span class='ocrx_word' id='word_1_237' title='bbox 492 2101 686 2172; x_wconf 84' lang='lat' dir='ltr'><strong>socionunque</strong></span> <span class='ocrx_word' id='word_1_238' title='bbox 704 2102 761 2153; x_wconf 85' lang='lat' dir='ltr'><strong>eius</strong></span> <span class='ocrx_word' id='word_1_239' title='bbox 778 2103 906 2156; x_wconf 87' lang='lat' dir='ltr'><strong>interitu:</strong></span> <span class='ocrx_word' id='word_1_240' title='bbox 923 2105 979 2155; x_wconf 83' lang='lat' dir='ltr'><strong>Aut</strong></span> <span class='ocrx_word' id='word_1_241' title='bbox 994 2119 1047 2174; x_wconf 69' lang='lat' dir='ltr'><strong>aga</strong></span> <span class='ocrx_word' id='word_1_242' title='bbox 1084 2156 1087 2161; x_wconf 74' lang='grc'>,</span> 
     </span>
     <span class='ocr_line' id='line_1_27' title="bbox 53 2168 1047 2239; baseline 0.003 -17"><span class='ocrx_word' id='word_1_243' title='bbox 53 2172 150 2235; x_wconf 76' lang='lat' dir='ltr'><strong>ersus,</strong></span> <span class='ocrx_word' id='word_1_244' title='bbox 184 2183 211 2222; x_wconf 81' lang='lat' dir='ltr'><strong>et</strong></span> <span class='ocrx_word' id='word_1_245' title='bbox 235 2173 335 2222; x_wconf 78' lang='lat' dir='ltr'><strong>disiice</strong></span> <span class='ocrx_word' id='word_1_246' title='bbox 367 2187 485 2238; x_wconf 81' lang='lat' dir='ltr'><strong>corpora</strong></span> <span class='ocrx_word' id='word_1_247' title='bbox 511 2168 606 2223; x_wconf 85' lang='lat' dir='ltr'><strong>Ponto.</strong></span> <span class='ocrx_word' id='word_1_248' title='bbox 642 2170 801 2222; x_wconf 77' lang='lat' dir='ltr'><strong>Disiectum</strong></span> <span class='ocrx_word' id='word_1_249' title='bbox 824 2174 890 2224; x_wconf 79' lang='lat' dir='ltr'><strong>Aen.</strong></span> <span class='ocrx_word' id='word_1_250' title='bbox 917 2174 986 2239; x_wconf 88' lang='lat' dir='ltr'><strong>etc.)</strong></span> <span class='ocrx_word' id='word_1_251' title='bbox 1011 2199 1047 2216; x_wconf 86' lang='lat'><strong>·-</strong></span> 
     </span>
     <span class='ocr_line' id='line_1_28' title="bbox 54 2239 1049 2308; baseline 0.004 -16"><span class='ocrx_word' id='word_1_252' title='bbox 54 2278 61 2292; x_wconf 95' lang='lat'><strong><em>.</em></strong></span> <span class='ocrx_word' id='word_1_253' title='bbox 82 2239 219 2308; x_wconf 72' lang='lat' dir='ltr'><strong>coelique</strong></span> <span class='ocrx_word' id='word_1_254' title='bbox 238 2240 341 2305; x_wconf 71' lang='grc' dir='ltr'><strong>τιιίηὲις</strong></span> <span class='ocrx_word' id='word_1_255' title='bbox 366 2240 384 2292; x_wconf 88' lang='lat' dir='ltr'><strong>i.</strong></span> <span class='ocrx_word' id='word_1_256' title='bbox 403 2263 426 2292; x_wconf 81' lang='lat' dir='ltr'><strong>e.</strong></span> <span class='ocrx_word' id='word_1_257' title='bbox 451 2240 614 2306; x_wconf 79' lang='lat' dir='ltr'><strong>tonitribus,</strong></span> <span class='ocrx_word' id='word_1_258' title='bbox 637 2256 759 2308; x_wconf 86' lang='lat' dir='ltr'><strong>quorum</strong></span> <span class='ocrx_word' id='word_1_259' title='bbox 781 2256 863 2293; x_wconf 81' lang='lat' dir='ltr'><strong>sonus</strong></span> <span class='ocrx_word' id='word_1_260' title='bbox 885 2243 982 2295; x_wconf 73' lang='lat' dir='ltr'><strong>similit</strong></span> <span class='ocrx_word' id='word_1_261' title='bbox 1007 2251 1049 2296; x_wconf 87' lang='lat' dir='ltr'><strong>est</strong></span> 
     </span>
     <span class='ocr_line' id='line_1_29' title="bbox 53 2308 1049 2381; baseline 0.005 -22"><span class='ocrx_word' id='word_1_262' title='bbox 53 2309 96 2374; x_wconf 73' lang='lat' dir='ltr'><strong>iis.</strong></span> <span class='ocrx_word' id='word_1_263' title='bbox 113 2335 152 2355; x_wconf 57' lang='lat'><strong>2-</strong></span> <span class='ocrx_word' id='word_1_264' title='bbox 189 2315 250 2368; x_wconf 82' lang='lat'><strong>130.</strong></span> <span class='ocrx_word' id='word_1_265' title='bbox 268 2309 449 2362; x_wconf 65' lang='lat' dir='ltr'><strong>Neorlotuerc</strong></span> <span class='ocrx_word' id='word_1_266' title='bbox 469 2309 529 2360; x_wconf 80' lang='lat' dir='ltr'><strong>doli</strong></span> <span class='ocrx_word' id='word_1_267' title='bbox 547 2308 670 2378; x_wconf 78' lang='lat' dir='ltr'><strong>fratrem</strong></span> <span class='ocrx_word' id='word_1_268' title='bbox 690 2308 875 2375; x_wconf 79' lang='lat' dir='ltr'><strong>1unom&#39;s,er</strong></span> <span class='ocrx_word' id='word_1_269' title='bbox 898 2314 976 2379; x_wconf 77' lang='lat' dir='ltr'><strong>irae5</strong></span> <span class='ocrx_word' id='word_1_270' title='bbox 999 2320 1049 2381; x_wconf 70' lang='lat' dir='ltr'><strong>out</strong></span> 
     </span>
     <span class='ocr_line' id='line_1_30' title="bbox 53 2377 1048 2449; baseline 0.007 -21"><span class='ocrx_word' id='word_1_271' title='bbox 53 2422 55 2428; x_wconf 92' lang='lat'>.</span> <span class='ocrx_word' id='word_1_272' title='bbox 80 2378 212 2433; x_wconf 78' lang='lat' dir='ltr'><strong>Iunonis:</strong></span> <span class='ocrx_word' id='word_1_273' title='bbox 236 2386 284 2431; x_wconf 87' lang='lat' dir='ltr'><strong>aut</strong></span> <span class='ocrx_word' id='word_1_274' title='bbox 305 2379 425 2429; x_wconf 79' lang='lat' dir='ltr'><strong>fratrem</strong></span> <span class='ocrx_word' id='word_1_275' title='bbox 448 2377 568 2429; x_wconf 79' lang='lat' dir='ltr'><strong>Iruronis.</strong></span> <span class='ocrx_word' id='word_1_276' title='bbox 604 2378 725 2430; x_wconf 83' lang='lat' dir='ltr'><strong>Gemina</strong></span> <span class='ocrx_word' id='word_1_277' title='bbox 749 2395 817 2446; x_wconf 76' lang='lat' dir='ltr'><strong>ergo</strong></span> <span class='ocrx_word' id='word_1_278' title='bbox 835 2380 974 2433; x_wconf 80' lang='lat' dir='ltr'><strong>distinctio</strong></span> <span class='ocrx_word' id='word_1_279' title='bbox 998 2391 1048 2449; x_wconf 76' lang='lat' dir='ltr'><strong>en,</strong></span> 
     </span>
     <span class='ocr_line' id='line_1_31' title="bbox 53 2445 1047 2520; baseline 0.006 -24"><span class='ocrx_word' id='word_1_280' title='bbox 53 2447 88 2498; x_wconf 90' lang='lat' dir='ltr'><strong>od</strong></span> <span class='ocrx_word' id='word_1_281' title='bbox 114 2455 145 2500; x_wconf 84' lang='lat' dir='ltr'><strong>et</strong></span> <span class='ocrx_word' id='word_1_282' title='bbox 169 2447 228 2518; x_wconf 87' lang='lat' dir='ltr'><strong>ipsa</strong></span> <span class='ocrx_word' id='word_1_283' title='bbox 253 2447 363 2498; x_wconf 80' lang='lat' dir='ltr'><strong>Saturni</strong></span> <span class='ocrx_word' id='word_1_284' title='bbox 388 2453 430 2498; x_wconf 88' lang='lat' dir='ltr'><strong>est</strong></span> <span class='ocrx_word' id='word_1_285' title='bbox 452 2445 528 2510; x_wconf 66' lang='lat' dir='ltr'><strong>filia]</strong></span> <span class='ocrx_word' id='word_1_286' title='bbox 546 2472 580 2484; x_wconf 90' lang='lat'>-</span> <span class='ocrx_word' id='word_1_287' title='bbox 600 2453 677 2505; x_wconf 78' lang='grc'><strong>-131,</strong></span> <span class='ocrx_word' id='word_1_288' title='bbox 701 2446 811 2499; x_wconf 83' lang='lat' dir='ltr'><strong>Eurum</strong></span> <span class='ocrx_word' id='word_1_289' title='bbox 830 2449 867 2500; x_wconf 81' lang='lat' dir='ltr'><strong>ad</strong></span> <span class='ocrx_word' id='word_1_290' title='bbox 885 2467 914 2501; x_wconf 83' lang='lat' dir='ltr'><strong>se</strong></span> <span class='ocrx_word' id='word_1_291' title='bbox 931 2451 1047 2520; x_wconf 77' lang='lat' dir='ltr'><strong>Zephy-</strong></span> 
     </span>
     <span class='ocr_line' id='line_1_32' title="bbox 53 2514 1047 2589; baseline 0.011 -25"><span class='ocrx_word' id='word_1_292' title='bbox 53 2532 122 2583; x_wconf 78' lang='lat' dir='ltr'><strong>rque</strong></span> <span class='ocrx_word' id='word_1_293' title='bbox 148 2529 246 2583; x_wconf 81' lang='lat' dir='ltr'><strong>vocat3</strong></span> <span class='ocrx_word' id='word_1_294' title='bbox 273 2519 283 2585; x_wconf 90' lang='lat'>[</span> <span class='ocrx_word' id='word_1_295' title='bbox 310 2533 355 2567; x_wconf 77' lang='lat' dir='ltr'><strong>ars</strong></span> <span class='ocrx_word' id='word_1_296' title='bbox 378 2531 429 2585; x_wconf 86' lang='lat' dir='ltr'><strong>pro</strong></span> <span class='ocrx_word' id='word_1_297' title='bbox 454 2514 532 2580; x_wconf 78' lang='lat' dir='ltr'><strong>toto]</strong></span> <span class='ocrx_word' id='word_1_298' title='bbox 566 2517 619 2568; x_wconf 88' lang='lat' dir='ltr'><strong>Per</strong></span> <span class='ocrx_word' id='word_1_299' title='bbox 642 2515 693 2566; x_wconf 82' lang='lat' dir='ltr'><strong>hoe</strong></span> <span class='ocrx_word' id='word_1_300' title='bbox 718 2532 815 2571; x_wconf 86' lang='lat' dir='ltr'><strong>omnes</strong></span> <span class='ocrx_word' id='word_1_301' title='bbox 838 2518 977 2589; x_wconf 76' lang='lat' dir='ltr'><strong>intellig03</strong></span> <span class='ocrx_word' id='word_1_302' title='bbox 1001 2520 1047 2575; x_wconf 85' lang='lat' dir='ltr'><strong>isti</strong></span> 
     </span>
     <span class='ocr_line' id='line_1_33' title="bbox 53 2533 1047 2653; baseline 0.009 -17"><span class='ocrx_word' id='word_1_303' title='bbox 53 2602 76 2636; x_wconf 86' lang='lat' dir='ltr'><strong>n</strong></span> <span class='ocrx_word' id='word_1_304' title='bbox 93 2593 162 2636; x_wconf 87' lang='lat' dir='ltr'><strong>sunt</strong></span> <span class='ocrx_word' id='word_1_305' title='bbox 177 2533 343 2638; x_wconf 72' lang='lat' dir='ltr'><strong>cardinaiea</strong></span> <span class='ocrx_word' id='word_1_306' title='bbox 375 2584 427 2653; x_wconf 78' lang='lat' dir='ltr'><strong>[Ad</strong></span> <span class='ocrx_word' id='word_1_307' title='bbox 445 2601 474 2635; x_wconf 82' lang='lat' dir='ltr'><strong>se</strong></span> <span class='ocrx_word' id='word_1_308' title='bbox 489 2591 586 2636; x_wconf 80' lang='lat' dir='ltr'><strong>autem</strong></span> <span class='ocrx_word' id='word_1_309' title='bbox 610 2593 639 2636; x_wconf 90' lang='lat' dir='ltr'><strong>et</strong></span> <span class='ocrx_word' id='word_1_310' title='bbox 662 2585 709 2637; x_wconf 87' lang='lat' dir='ltr'><strong>hio</strong></span> <span class='ocrx_word' id='word_1_311' title='bbox 726 2587 774 2638; x_wconf 84' lang='lat' dir='ltr'><strong>ait.</strong></span> <span class='ocrx_word' id='word_1_312' title='bbox 809 2587 865 2639; x_wconf 85' lang='lat' dir='ltr'><strong>Cur</strong></span> <span class='ocrx_word' id='word_1_313' title='bbox 883 2595 978 2643; x_wconf 86' lang='lat' dir='ltr'><strong>tumen</strong></span> <span class='ocrx_word' id='word_1_314' title='bbox 996 2590 1047 2645; x_wconf 82' lang='lat' dir='ltr'><strong>Ze·</strong></span> 
     </span>
     <span class='ocr_line' id='line_1_34' title="bbox 53 2653 1048 2726; baseline 0.007 -21"><span class='ocrx_word' id='word_1_315' title='bbox 53 2670 119 2718; x_wconf 85' lang='lat' dir='ltr'><strong>rus,</strong></span> <span class='ocrx_word' id='word_1_316' title='bbox 144 2654 193 2724; x_wconf 76' lang='lat' dir='ltr'><strong>qni</strong></span> <span class='ocrx_word' id='word_1_317' title='bbox 216 2655 251 2707; x_wconf 82' lang='lat' dir='ltr'><strong>ad</strong></span> <span class='ocrx_word' id='word_1_318' title='bbox 273 2653 383 2707; x_wconf 84' lang='lat' dir='ltr'><strong>ltaliam</strong></span> <span class='ocrx_word' id='word_1_319' title='bbox 406 2653 495 2717; x_wconf 80' lang='lat' dir='ltr'><strong>ducit,</strong></span> <span class='ocrx_word' id='word_1_320' title='bbox 519 2658 712 2724; x_wconf 68' lang='lat' dir='ltr'><strong>quemrpotta</strong></span> <span class='ocrx_word' id='word_1_321' title='bbox 735 2671 819 2726; x_wconf 80' lang='lat' dir='ltr'><strong>supra</strong></span> <span class='ocrx_word' id='word_1_322' title='bbox 839 2658 941 2722; x_wconf 82' lang='lat' dir='ltr'><strong>tacuit,</strong></span> <span class='ocrx_word' id='word_1_323' title='bbox 970 2674 1048 2712; x_wconf 83' lang='lat' dir='ltr'><strong>mmo</strong></span> 
     </span>
     <span class='ocr_line' id='line_1_35' title="bbox 53 2721 1047 2797; baseline 0.006 -23"><span class='ocrx_word' id='word_1_324' title='bbox 53 2721 138 2774; x_wconf 83' lang='lat' dir='ltr'><strong>atur?</strong></span> <span class='ocrx_word' id='word_1_325' title='bbox 163 2721 207 2774; x_wconf 86' lang='lat' dir='ltr'><strong>ira</strong></span> <span class='ocrx_word' id='word_1_326' title='bbox 223 2724 254 2776; x_wconf 87' lang='lat' dir='ltr'><strong>in</strong></span> <span class='ocrx_word' id='word_1_327' title='bbox 271 2722 324 2774; x_wconf 88' lang='lat' dir='ltr'><strong>hoc</strong></span> <span class='ocrx_word' id='word_1_328' title='bbox 340 2721 464 2792; x_wconf 83' lang='lat' dir='ltr'><strong>Neptuni</strong></span> <span class='ocrx_word' id='word_1_329' title='bbox 481 2721 658 2791; x_wconf 76' lang='lat' dir='ltr'><strong>exprimitur,</strong></span> <span class='ocrx_word' id='word_1_330' title='bbox 681 2722 704 2774; x_wconf 82' lang='lat' dir='ltr'><strong>si</strong></span> <span class='ocrx_word' id='word_1_331' title='bbox 717 2724 808 2776; x_wconf 79' lang='lat' dir='ltr'><strong>etiam</strong></span> <span class='ocrx_word' id='word_1_332' title='bbox 825 2741 891 2779; x_wconf 85' lang='lat' dir='ltr'><strong>eum</strong></span> <span class='ocrx_word' id='word_1_333' title='bbox 908 2727 1047 2797; x_wconf 80' lang='lat' dir='ltr'><strong>obimgat,</strong></span> 
     </span>
     <span class='ocr_line' id='line_1_36' title="bbox 60 2780 1046 2860; baseline 0.007 -17"><span class='ocrx_word' id='word_1_334' title='bbox 60 2807 122 2843; x_wconf 85' lang='lat' dir='ltr'><strong>non</strong></span> <span class='ocrx_word' id='word_1_335' title='bbox 136 2791 277 2856; x_wconf 79' lang='lat' dir='ltr'><strong>adsuerit]</strong></span> <span class='ocrx_word' id='word_1_336' title='bbox 290 2816 325 2829; x_wconf 88' lang='lat'>-</span> <span class='ocrx_word' id='word_1_337' title='bbox 360 2796 421 2848; x_wconf 77' lang='lat'><strong>132.</strong></span> <span class='ocrx_word' id='word_1_338' title='bbox 441 2780 560 2840; x_wconf 77' lang='lat' dir='ltr'><strong>Generis</strong></span> <span class='ocrx_word' id='word_1_339' title='bbox 571 2791 687 2860; x_wconf 79' lang='lat' dir='ltr'><strong>fiducia</strong></span> <span class='ocrx_word' id='word_1_340' title='bbox 706 2797 808 2858; x_wconf 81' lang='lat' dir='ltr'><strong>vestr1&#39;;</strong></span> <span class='ocrx_word' id='word_1_341' title='bbox 826 2795 955 2848; x_wconf 71' lang='lat' dir='ltr'><strong>Astraeus</strong></span> <span class='ocrx_word' id='word_1_342' title='bbox 969 2798 1046 2850; x_wconf 87' lang='lat' dir='ltr'><strong>enim</strong></span> 
     </span>
     <span class='ocr_line' id='line_1_37' title="bbox 53 2859 1047 2934; baseline 0.006 -25"><span class='ocrx_word' id='word_1_343' title='bbox 53 2877 72 2910; x_wconf 76' lang='lat' dir='ltr'><strong>rs</strong></span> <span class='ocrx_word' id='word_1_344' title='bbox 97 2859 135 2911; x_wconf 87' lang='lat' dir='ltr'><strong>de</strong></span> <span class='ocrx_word' id='word_1_345' title='bbox 158 2859 319 2926; x_wconf 75' lang='lat' dir='ltr'><strong>Titanibus,</strong></span> <span class='ocrx_word' id='word_1_346' title='bbox 349 2859 396 2927; x_wconf 86' lang='lat' dir='ltr'><strong>qui</strong></span> <span class='ocrx_word' id='word_1_347' title='bbox 426 2866 524 2910; x_wconf 83' lang='lat' dir='ltr'><strong>contra</strong></span> <span class='ocrx_word' id='word_1_348' title='bbox 554 2860 620 2911; x_wconf 83' lang='lat' dir='ltr'><strong>deos</strong></span> <span class='ocrx_word' id='word_1_349' title='bbox 650 2877 730 2912; x_wconf 86' lang='lat' dir='ltr'><strong>arma</strong></span> <span class='ocrx_word' id='word_1_350' title='bbox 760 2871 950 2934; x_wconf 82' lang='lat' dir='ltr'><strong>sumpserunt,</strong></span> <span class='ocrx_word' id='word_1_351' title='bbox 980 2882 1047 2920; x_wconf 85' lang='lat' dir='ltr'><strong>cnm</strong></span> 
     </span>
     <span class='ocr_line' id='line_1_38' title="bbox 53 2927 1046 2993; baseline 0.009 -16"><span class='ocrx_word' id='word_1_352' title='bbox 53 2944 109 2980; x_wconf 84' lang='lat' dir='ltr'><strong>ora</strong></span> <span class='ocrx_word' id='word_1_353' title='bbox 134 2929 300 2980; x_wconf 85' lang='lat' dir='ltr'><strong>concubuit:</strong></span> <span class='ocrx_word' id='word_1_354' title='bbox 330 2928 403 2978; x_wconf 88' lang='lat' dir='ltr'><strong>unde</strong></span> <span class='ocrx_word' id='word_1_355' title='bbox 432 2927 491 2979; x_wconf 86' lang='lat' dir='ltr'><strong>nati</strong></span> <span class='ocrx_word' id='word_1_356' title='bbox 523 2935 586 2979; x_wconf 88' lang='lat' dir='ltr'><strong>sunt</strong></span> <span class='ocrx_word' id='word_1_357' title='bbox 609 2929 684 2980; x_wconf 89' lang='lat' dir='ltr'><strong>venti</strong></span> <span class='ocrx_word' id='word_1_358' title='bbox 707 2933 861 2984; x_wconf 82' lang='lat' dir='ltr'><strong>secuudum</strong></span> <span class='ocrx_word' id='word_1_359' title='bbox 884 2931 1046 2993; x_wconf 79' lang='lat' dir='ltr'><strong>Hesiodum.</strong></span> 
     </span>
     <span class='ocr_line' id='line_1_39' title="bbox 53 2989 1101 3080; baseline 0.01 -32"><span class='ocrx_word' id='word_1_360' title='bbox 53 2995 136 3064; x_wconf 82' lang='lat' dir='ltr'><strong>heog.</strong></span> <span class='ocrx_word' id='word_1_361' title='bbox 164 2995 257 3059; x_wconf 81' lang='lat'><strong>378.):</strong></span> <span class='ocrx_word' id='word_1_362' title='bbox 286 2991 423 3063; x_wconf 78' lang='grc' dir='ltr'><strong><em>Ἀστραίῳ</em></strong></span> <span class='ocrx_word' id='word_1_363' title='bbox 448 2991 473 3048; x_wconf 82' lang='grc' dir='ltr'><strong>δ’</strong></span> <span class='ocrx_word' id='word_1_364' title='bbox 489 2989 563 3080; x_wconf 51' lang='lat' dir='ltr'><strong>’fluit</strong></span> <span class='ocrx_word' id='word_1_365' title='bbox 589 2990 703 3065; x_wconf 59' lang='lat' dir='ltr'><strong>tumore</strong></span> <span class='ocrx_word' id='word_1_366' title='bbox 726 3001 787 3052; x_wconf 68' lang='lat' dir='ltr'><strong>etue</strong></span> <span class='ocrx_word' id='word_1_367' title='bbox 811 2996 1045 3073; x_wconf 62' lang='lat' dir='ltr'><strong>napespoetipovs,</strong></span> <span class='ocrx_word' id='word_1_368' title='bbox 1098 3037 1101 3043; x_wconf 93' lang='lat'>·</span> 
     </span>
     <span class='ocr_line' id='line_1_40' title="bbox 56 3063 1046 3138; baseline 0.008 -21"><span class='ocrx_word' id='word_1_369' title='bbox 56 3070 169 3131; x_wconf 71' lang='grc' dir='ltr'><em>γὲστην,</em></span> <span class='ocrx_word' id='word_1_370' title='bbox 201 3071 340 3134; x_wconf 70' lang='grc' dir='ltr'><strong>Ζέφυρον.</strong></span> <span class='ocrx_word' id='word_1_371' title='bbox 365 3068 471 3133; x_wconf 68' lang='grc' dir='ltr'><em>Βορέην</em></span> <span class='ocrx_word' id='word_1_372' title='bbox 488 3086 505 3120; x_wconf 83' lang='grc' dir='ltr'><strong><em>τ</em></strong></span> <span class='ocrx_word' id='word_1_373' title='bbox 531 3063 780 3136; x_wconf 72' lang='grc' dir='ltr'><strong>αἰψηροκέλευθον,</strong></span> <span class='ocrx_word' id='word_1_374' title='bbox 805 3074 863 3125; x_wconf 80' lang='lat' dir='ltr'><strong>Kot</strong></span> <span class='ocrx_word' id='word_1_375' title='bbox 882 3070 990 3138; x_wconf 80' lang='grc' dir='ltr'><strong><em>Νότον,</em></strong></span> <span class='ocrx_word' id='word_1_376' title='bbox 1016 3071 1046 3127; x_wconf 73' lang='grc' dir='ltr'><strong>ἐν</strong></span> 
     </span>
     <span class='ocr_line' id='line_1_41' title="bbox 53 3129 1046 3202; baseline 0.01 -16"><span class='ocrx_word' id='word_1_377' title='bbox 53 3131 131 3200; x_wconf 70' lang='grc' dir='ltr'><strong>ὀίητι</strong></span> <span class='ocrx_word' id='word_1_378' title='bbox 149 3131 210 3202; x_wconf 65' lang='grc' dir='ltr'><strong>θεῷ</strong></span> <span class='ocrx_word' id='word_1_379' title='bbox 235 3132 294 3190; x_wconf 68' lang='grc' dir='ltr'><strong>θεοὶ</strong></span> <span class='ocrx_word' id='word_1_380' title='bbox 311 3129 477 3202; x_wconf 55' lang='lat' dir='ltr'><strong>timidum]</strong></span> <span class='ocrx_word' id='word_1_381' title='bbox 513 3136 550 3186; x_wconf 92' lang='lat' dir='ltr'><strong>Et</strong></span> <span class='ocrx_word' id='word_1_382' title='bbox 572 3137 625 3189; x_wconf 88' lang='lat' dir='ltr'><strong>hoc</strong></span> <span class='ocrx_word' id='word_1_383' title='bbox 649 3138 711 3190; x_wconf 87' lang='lat' dir='ltr'><strong>loco</strong></span> <span class='ocrx_word' id='word_1_384' title='bbox 734 3138 866 3192; x_wconf 82' lang='lat' dir='ltr'><strong>fiduciam</strong></span> <span class='ocrx_word' id='word_1_385' title='bbox 909 3158 942 3193; x_wconf 89' lang='lat' dir='ltr'><strong>ro</strong></span> <span class='ocrx_word' id='word_1_386' title='bbox 961 3143 1046 3196; x_wconf 81' lang='lat' dir='ltr'><strong>confi·</strong></span> 
     </span>
     <span class='ocr_line' id='line_1_42' title="bbox 54 3201 1046 3275; baseline 0.012 -20"><span class='ocrx_word' id='word_1_387' title='bbox 54 3205 95 3257; x_wconf 83' lang='lat' dir='ltr'><strong>tia</strong></span> <span class='ocrx_word' id='word_1_388' title='bbox 119 3205 229 3275; x_wconf 85' lang='lat' dir='ltr'><strong>posuit.</strong></span> <span class='ocrx_word' id='word_1_389' title='bbox 251 3221 338 3273; x_wconf 86' lang='lat' dir='ltr'><strong>quum</strong></span> <span class='ocrx_word' id='word_1_390' title='bbox 361 3205 462 3257; x_wconf 85' lang='lat' dir='ltr'><strong>tiducio</strong></span> <span class='ocrx_word' id='word_1_391' title='bbox 484 3201 514 3255; x_wconf 90' lang='lat' dir='ltr'><strong>in</strong></span> <span class='ocrx_word' id='word_1_392' title='bbox 537 3203 618 3256; x_wconf 82' lang='lat' dir='ltr'><strong>bonis</strong></span> <span class='ocrx_word' id='word_1_393' title='bbox 642 3207 727 3258; x_wconf 81' lang='lat' dir='ltr'><strong>rebus</strong></span> <span class='ocrx_word' id='word_1_394' title='bbox 751 3207 801 3271; x_wconf 91' lang='lat' dir='ltr'><strong>sit,</strong></span> <span class='ocrx_word' id='word_1_395' title='bbox 826 3225 858 3259; x_wconf 91' lang='lat' dir='ltr'><strong>co</strong></span> <span class='ocrx_word' id='word_1_396' title='bbox 898 3211 992 3265; x_wconf 80' lang='lat' dir='ltr'><strong>dentia</strong></span> <span class='ocrx_word' id='word_1_397' title='bbox 1015 3213 1046 3268; x_wconf 81' lang='lat' dir='ltr'><strong>in</strong></span> 
     </span>
     <span class='ocr_line' id='line_1_43' title="bbox 53 3273 1047 3342; baseline 0.009 -17"><span class='ocrx_word' id='word_1_398' title='bbox 53 3275 88 3325; x_wconf 77' lang='lat' dir='ltr'><strong>is.</strong></span> <span class='ocrx_word' id='word_1_399' title='bbox 106 3295 143 3310; x_wconf 80' lang='grc'>-</span> <span class='ocrx_word' id='word_1_400' title='bbox 180 3281 241 3331; x_wconf 80' lang='lat'><strong>133.</strong></span> <span class='ocrx_word' id='word_1_401' title='bbox 259 3273 320 3323; x_wconf 78' lang='lat' dir='ltr'><strong>lum</strong></span> <span class='ocrx_word' id='word_1_402' title='bbox 340 3275 446 3325; x_wconf 79' lang='lat' dir='ltr'><strong>coelum</strong></span> <span class='ocrx_word' id='word_1_403' title='bbox 465 3285 639 3342; x_wconf 74' lang='lat' dir='ltr'><strong>terramque,-</strong></span> <span class='ocrx_word' id='word_1_404' title='bbox 662 3282 711 3326; x_wconf 88' lang='lat' dir='ltr'><strong>aut</strong></span> <span class='ocrx_word' id='word_1_405' title='bbox 733 3275 803 3327; x_wconf 83' lang='lat' dir='ltr'><strong>ordo</strong></span> <span class='ocrx_word' id='word_1_406' title='bbox 821 3284 875 3330; x_wconf 82' lang='lat' dir='ltr'><strong>est:</strong></span> <span class='ocrx_word' id='word_1_407' title='bbox 897 3282 961 3332; x_wconf 78' lang='lat' dir='ltr'><strong>Ausi</strong></span> <span class='ocrx_word' id='word_1_408' title='bbox 979 3282 1047 3334; x_wconf 76' lang='lat' dir='ltr'><strong>estin</strong></span> 
     </span>
     <span class='ocr_line' id='line_1_44' title="bbox 53 3341 1046 3449; baseline 0.009 -55"><span class='ocrx_word' id='word_1_409' title='bbox 53 3363 57 3394; x_wconf 73' lang='lat' dir='ltr'><strong>e</strong></span> <span class='ocrx_word' id='word_1_410' title='bbox 73 3357 144 3449; x_wconf 65' lang='lat' dir='ltr'><strong>pneo</strong></span> <span class='ocrx_word' id='word_1_411' title='bbox 161 3343 278 3396; x_wconf 86' lang='lat' dir='ltr'><strong>numine</strong></span> <span class='ocrx_word' id='word_1_412' title='bbox 294 3350 385 3394; x_wconf 82' lang='lat' dir='ltr'><strong>tuntas</strong></span> <span class='ocrx_word' id='word_1_413' title='bbox 401 3341 490 3394; x_wconf 87' lang='lat' dir='ltr'><strong>moles</strong></span> <span class='ocrx_word' id='word_1_414' title='bbox 512 3342 625 3409; x_wconf 88' lang='lat' dir='ltr'><strong>tollere,</strong></span> <span class='ocrx_word' id='word_1_415' title='bbox 649 3352 678 3395; x_wconf 87' lang='lat' dir='ltr'><strong>et</strong></span> <span class='ocrx_word' id='word_1_416' title='bbox 694 3344 804 3397; x_wconf 86' lang='lat' dir='ltr'><strong>coelum</strong></span> <span class='ocrx_word' id='word_1_417' title='bbox 826 3353 971 3416; x_wconf 82' lang='lat' dir='ltr'><strong>terrasque</strong></span> <span class='ocrx_word' id='word_1_418' title='bbox 986 3359 1046 3403; x_wconf 87' lang='lat' dir='ltr'><strong>tur·</strong></span> 
     </span>
     <span class='ocr_line' id='line_1_45' title="bbox 53 3411 1046 3480; baseline 0.013 -20"><span class='ocrx_word' id='word_1_419' title='bbox 53 3432 83 3465; x_wconf 79' lang='lat' dir='ltr'><strong>e.</strong></span> <span class='ocrx_word' id='word_1_420' title='bbox 115 3418 166 3463; x_wconf 85' lang='lat' dir='ltr'><strong>aut</strong></span> <span class='ocrx_word' id='word_1_421' title='bbox 189 3419 265 3463; x_wconf 83' lang='lat' dir='ltr'><strong>certe</strong></span> <span class='ocrx_word' id='word_1_422' title='bbox 289 3411 357 3464; x_wconf 90' lang='lat' dir='ltr'><strong>illud</strong></span> <span class='ocrx_word' id='word_1_423' title='bbox 382 3420 438 3477; x_wconf 87' lang='lat' dir='ltr'><strong>est,</strong></span> <span class='ocrx_word' id='word_1_424' title='bbox 462 3411 536 3479; x_wconf 85' lang='lat' dir='ltr'><strong>quod</strong></span> <span class='ocrx_word' id='word_1_425' title='bbox 559 3411 613 3463; x_wconf 83' lang='lat' dir='ltr'><strong>tria</strong></span> <span class='ocrx_word' id='word_1_426' title='bbox 637 3411 706 3464; x_wconf 83' lang='lat' dir='ltr'><strong>hacc</strong></span> <span class='ocrx_word' id='word_1_427' title='bbox 723 3413 855 3480; x_wconf 87' lang='lat' dir='ltr'><strong>numina,</strong></span> <span class='ocrx_word' id='word_1_428' title='bbox 878 3417 944 3470; x_wconf 87' lang='lat' dir='ltr'><strong>licet</strong></span> <span class='ocrx_word' id='word_1_429' title='bbox 960 3420 1046 3476; x_wconf 79' lang='lat' dir='ltr'><strong>divisa</strong></span> 
     </span>
     <span class='ocr_line' id='line_1_46' title="bbox 53 3480 1045 3550; baseline 0.011 -17"><span class='ocrx_word' id='word_1_430' title='bbox 53 3480 121 3533; x_wconf 67' lang='lat' dir='ltr'><strong>veria</strong></span> <span class='ocrx_word' id='word_1_431' title='bbox 149 3488 279 3544; x_wconf 79' lang='lat' dir='ltr'><strong>teneant,</strong></span> <span class='ocrx_word' id='word_1_432' title='bbox 301 3481 429 3532; x_wconf 87' lang='lat' dir='ltr'><strong>videntur</strong></span> <span class='ocrx_word' id='word_1_433' title='bbox 453 3488 548 3531; x_wconf 84' lang='lat' dir='ltr'><strong>tamen</strong></span> <span class='ocrx_word' id='word_1_434' title='bbox 571 3480 689 3533; x_wconf 86' lang='lat' dir='ltr'><strong>invicem</strong></span> <span class='ocrx_word' id='word_1_435' title='bbox 713 3483 794 3550; x_wconf 75' lang='lat' dir='ltr'><strong>regni</strong></span> <span class='ocrx_word' id='word_1_436' title='bbox 823 3484 907 3537; x_wconf 84' lang='lat' dir='ltr'><strong>totius</strong></span> <span class='ocrx_word' id='word_1_437' title='bbox 937 3488 1045 3544; x_wconf 84' lang='lat' dir='ltr'><strong>habere</strong></span> 
     </span>
     <span class='ocr_line' id='line_1_47' title="bbox 53 3542 1044 3622; baseline 0.011 -20"><span class='ocrx_word' id='word_1_438' title='bbox 53 3556 183 3602; x_wconf 69' lang='lat' dir='ltr'><strong>estatem:</strong></span> <span class='ocrx_word' id='word_1_439' title='bbox 201 3550 271 3598; x_wconf 89' lang='lat' dir='ltr'><strong>sicut</strong></span> <span class='ocrx_word' id='word_1_440' title='bbox 284 3542 314 3600; x_wconf 63' lang='lat' dir='ltr'><strong>*et</strong></span> <span class='ocrx_word' id='word_1_441' title='bbox 331 3548 390 3618; x_wconf 77' lang='lat' dir='ltr'><strong>ipsa</strong></span> <span class='ocrx_word' id='word_1_442' title='bbox 405 3549 551 3614; x_wconf 77' lang='lat' dir='ltr'><strong>elementa,</strong></span> <span class='ocrx_word' id='word_1_443' title='bbox 598 3567 640 3602; x_wconf 80' lang='lat' dir='ltr'><strong>iae</strong></span> <span class='ocrx_word' id='word_1_444' title='bbox 654 3550 784 3616; x_wconf 86' lang='lat' dir='ltr'><strong>retinent,</strong></span> <span class='ocrx_word' id='word_1_445' title='bbox 801 3552 913 3622; x_wconf 77' lang='lat' dir='ltr'><strong>physica</strong></span> <span class='ocrx_word' id='word_1_446' title='bbox 926 3556 999 3610; x_wconf 82' lang='lat' dir='ltr'><strong>inter</strong></span> <span class='ocrx_word' id='word_1_447' title='bbox 1014 3573 1044 3614; x_wconf 78' lang='lat' dir='ltr'><strong>to</strong></span> 
     </span>
     <span class='ocr_line' id='line_1_48' title="bbox 53 3566 1044 3694; baseline -0.001 -24"><span class='ocrx_word' id='word_1_448' title='bbox 53 3618 125 3683; x_wconf 23' lang='lat' dir='ltr'><strong>dam,</strong></span> <span class='ocrx_word' id='word_1_449' title='bbox 140 3617 251 3670; x_wconf 83' lang='lat' dir='ltr'><strong>ratione</strong></span> <span class='ocrx_word' id='word_1_450' title='bbox 267 3617 426 3685; x_wconf 72' lang='lat' dir='ltr'><strong>iunguntur.</strong></span> <span class='ocrx_word' id='word_1_451' title='bbox 452 3617 504 3684; x_wconf 85' lang='lat' dir='ltr'><strong>(Sic</strong></span> <span class='ocrx_word' id='word_1_452' title='bbox 520 3618 549 3668; x_wconf 90' lang='lat' dir='ltr'><strong>in</strong></span> <span class='ocrx_word' id='word_1_453' title='bbox 567 3566 711 3688; x_wconf 51' lang='lat' dir='ltr'><strong>georgicis</strong></span> <span class='ocrx_word' id='word_1_454' title='bbox 741 3626 771 3686; x_wconf 80' lang='lat' dir='ltr'><strong>l,</strong></span> <span class='ocrx_word' id='word_1_455' title='bbox 789 3621 874 3686; x_wconf 77' lang='lat'><strong>258,):</strong></span> <span class='ocrx_word' id='word_1_456' title='bbox 900 3623 1044 3694; x_wconf 53' lang='grc' dir='ltr'><strong>Τιηῑροηι</strong></span> 
     </span>
     <span class='ocr_line' id='line_1_49' title="bbox 53 3625 1043 3766; baseline 0.011 -30"><span class='ocrx_word' id='word_1_457' title='bbox 53 3705 107 3757; x_wconf 78' lang='lat' dir='ltr'><strong>pue</strong></span> <span class='ocrx_word' id='word_1_458' title='bbox 133 3704 230 3751; x_wconf 81' lang='lat' dir='ltr'><strong>parem</strong></span> <span class='ocrx_word' id='word_1_459' title='bbox 256 3687 378 3738; x_wconf 78' lang='lat' dir='ltr'><strong>diuersis</strong></span> <span class='ocrx_word' id='word_1_460' title='bbox 403 3699 537 3753; x_wconf 76' lang='lat' dir='ltr'><strong>quattuor</strong></span> <span class='ocrx_word' id='word_1_461' title='bbox 568 3688 695 3750; x_wconf 83' lang='lat' dir='ltr'><strong>annum.)</strong></span> <span class='ocrx_word' id='word_1_462' title='bbox 726 3625 837 3758; x_wconf 64' lang='lat' dir='ltr'><strong>iquod]</strong></span> <span class='ocrx_word' id='word_1_463' title='bbox 867 3703 896 3746; x_wconf 89' lang='lat' dir='ltr'><strong>et</strong></span> <span class='ocrx_word' id='word_1_464' title='bbox 917 3696 1043 3766; x_wconf 85' lang='lat' dir='ltr'><strong>ipsorum</strong></span> 
     </span>
     <span class='ocr_line' id='line_1_50' title="bbox 53 3755 1043 3825; baseline 0.014 -20"><span class='ocrx_word' id='word_1_465' title='bbox 53 3757 152 3809; x_wconf 69' lang='lat' dir='ltr'><strong>sinum</strong></span> <span class='ocrx_word' id='word_1_466' title='bbox 169 3762 276 3824; x_wconf 83' lang='lat' dir='ltr'><strong>sceptra</strong></span> <span class='ocrx_word' id='word_1_467' title='bbox 299 3755 462 3822; x_wconf 77' lang='lat' dir='ltr'><strong>significant.</strong></span> <span class='ocrx_word' id='word_1_468' title='bbox 495 3757 526 3808; x_wconf 92' lang='lat' dir='ltr'><strong>Iu</strong></span> <span class='ocrx_word' id='word_1_469' title='bbox 547 3757 618 3825; x_wconf 82' lang='lat' dir='ltr'><strong>piter</strong></span> <span class='ocrx_word' id='word_1_470' title='bbox 636 3759 712 3810; x_wconf 86' lang='lat' dir='ltr'><strong>enim</strong></span> <span class='ocrx_word' id='word_1_471' title='bbox 736 3757 828 3813; x_wconf 86' lang='lat' dir='ltr'><strong>trifido</strong></span> <span class='ocrx_word' id='word_1_472' title='bbox 844 3764 932 3814; x_wconf 76' lang='lat' dir='ltr'><strong>utitur</strong></span> <span class='ocrx_word' id='word_1_473' title='bbox 949 3766 1043 3818; x_wconf 80' lang='lat' dir='ltr'><strong>fulmi-</strong></span> 
     </span>
     <span class='ocr_line' id='line_1_51' title="bbox 68 3822 1043 3903; baseline 0.014 -31"><span class='ocrx_word' id='word_1_474' title='bbox 68 3824 177 3877; x_wconf 88' lang='lat' dir='ltr'><strong>Pluton</strong></span> <span class='ocrx_word' id='word_1_475' title='bbox 202 3822 340 3895; x_wconf 85' lang='lat' dir='ltr'><strong>[tricipiti]</strong></span> <span class='ocrx_word' id='word_1_476' title='bbox 365 3824 484 3877; x_wconf 84' lang='lat' dir='ltr'><strong>cerbero</strong></span> <span class='ocrx_word' id='word_1_477' title='bbox 509 3829 519 3892; x_wconf 88' lang='lat'>(</span> <span class='ocrx_word' id='word_1_478' title='bbox 547 3826 647 3878; x_wconf 66' lang='lat' dir='ltr'><strong>uelit.</strong></span> <span class='ocrx_word' id='word_1_479' title='bbox 674 3842 696 3876; x_wconf 79' lang='lat' dir='ltr'><strong>t.</strong></span> <span class='ocrx_word' id='word_1_480' title='bbox 715 3826 867 3895; x_wconf 82' lang='lat' dir='ltr'><strong>trij&#39;aucr&#39;):</strong></span> <span class='ocrx_word' id='word_1_481' title='bbox 889 3831 1043 3903; x_wconf 68' lang='lat' dir='ltr'><strong>Neptunus,</strong></span> 
     </span>
     <span class='ocr_line' id='line_1_52' title="bbox 53 3890 1041 3972; baseline 0.005 -26"><span class='ocrx_word' id='word_1_482' title='bbox 53 3901 126 3948; x_wconf 86' lang='lat' dir='ltr'><strong>ente.</strong></span> <span class='ocrx_word' id='word_1_483' title='bbox 165 3890 248 3943; x_wconf 89' lang='lat' dir='ltr'><strong>Multi</strong></span> <span class='ocrx_word' id='word_1_484' title='bbox 266 3891 342 3944; x_wconf 86' lang='lat' dir='ltr'><strong>enim</strong></span> <span class='ocrx_word' id='word_1_485' title='bbox 366 3893 479 3959; x_wconf 80' lang='lat' dir='ltr'><strong>(autern)</strong></span> <span class='ocrx_word' id='word_1_486' title='bbox 496 3901 648 3962; x_wconf 71' lang='lat' dir='ltr'><strong>qliaerunt,</strong></span> <span class='ocrx_word' id='word_1_487' title='bbox 671 3911 722 3947; x_wconf 88' lang='lat' dir='ltr'><strong>our</strong></span> <span class='ocrx_word' id='word_1_488' title='bbox 744 3899 828 3951; x_wconf 88' lang='lat' dir='ltr'><strong>modo</strong></span> <span class='ocrx_word' id='word_1_489' title='bbox 846 3900 989 3972; x_wconf 83' lang='lat' dir='ltr'><strong>Neptunus</strong></span> <span class='ocrx_word' id='word_1_490' title='bbox 1005 3905 1041 3961; x_wconf 66' lang='lat' dir='ltr'><strong>da</strong></span> 
     </span>
     <span class='ocr_line' id='line_1_53' title="bbox 53 3961 1044 4044; baseline 0.001 -28"><span class='ocrx_word' id='word_1_491' title='bbox 53 3964 93 4016; x_wconf 81' lang='lat' dir='ltr'><strong>nis</strong></span> <span class='ocrx_word' id='word_1_492' title='bbox 119 3969 311 4029; x_wconf 80' lang='lat' dir='ltr'><strong>conqueratur</strong></span> <span class='ocrx_word' id='word_1_493' title='bbox 335 3961 490 4022; x_wconf 64' lang='lat' dir='ltr'><strong>elementis,</strong></span> <span class='ocrx_word' id='word_1_494' title='bbox 521 3964 584 4031; x_wconf 85' lang='lat' dir='ltr'><strong>(Aut</strong></span> <span class='ocrx_word' id='word_1_495' title='bbox 607 3971 683 4016; x_wconf 83' lang='lat' dir='ltr'><strong>certa</strong></span> <span class='ocrx_word' id='word_1_496' title='bbox 707 3977 809 4018; x_wconf 81' lang='lat' dir='ltr'><strong>terram</strong></span> <span class='ocrx_word' id='word_1_497' title='bbox 834 3984 885 4040; x_wconf 84' lang='lat' dir='ltr'><strong>pro</strong></span> <span class='ocrx_word' id='word_1_498' title='bbox 902 3972 975 4025; x_wconf 86' lang='lat' dir='ltr'><strong>mari</strong></span> <span class='ocrx_word' id='word_1_499' title='bbox 991 3983 1044 4044; x_wconf 66' lang='lat' dir='ltr'><strong>poa,</strong></span> 
     </span>
     <span class='ocr_line' id='line_1_54' title="bbox 53 4028 1043 4110; baseline 0.01 -26"><span class='ocrx_word' id='word_1_500' title='bbox 53 4029 117 4099; x_wconf 84' lang='lat' dir='ltr'><strong>,ab</strong></span> <span class='ocrx_word' id='word_1_501' title='bbox 137 4043 174 4085; x_wconf 81' lang='lat' dir='ltr'><strong>eo</strong></span> <span class='ocrx_word' id='word_1_502' title='bbox 193 4028 269 4099; x_wconf 80' lang='lat' dir='ltr'><strong>quod</strong></span> <span class='ocrx_word' id='word_1_503' title='bbox 284 4030 426 4096; x_wconf 82' lang='lat' dir='ltr'><strong>continet,</strong></span> <span class='ocrx_word' id='word_1_504' title='bbox 448 4028 477 4084; x_wconf 87' lang='lat' dir='ltr'><strong>id</strong></span> <span class='ocrx_word' id='word_1_505' title='bbox 493 4030 568 4102; x_wconf 82' lang='lat' dir='ltr'><strong>quod</strong></span> <span class='ocrx_word' id='word_1_506' title='bbox 584 4032 760 4095; x_wconf 79' lang='lat' dir='ltr'><strong>continetura</strong></span> <span class='ocrx_word' id='word_1_507' title='bbox 780 4036 846 4106; x_wconf 78' lang='lat' dir='ltr'><strong>quia</strong></span> <span class='ocrx_word' id='word_1_508' title='bbox 862 4038 920 4110; x_wconf 74' lang='lat' dir='ltr'><strong>ipso</strong></span> <span class='ocrx_word' id='word_1_509' title='bbox 937 4041 1043 4096; x_wconf 73' lang='lat' dir='ltr'><strong>dicitur·</strong></span> 
     </span>
    </p>
   </div>
   <div class='ocr_carea' id='block_1_3' title="bbox 0 0 1232 4500">
    <p class='ocr_par' dir='ltr' id='par_1_8' title="bbox 0 0 1232 4500">
     <span class='ocr_line' id='line_1_55' title="bbox 0 0 1232 4500; baseline 0 0"><span class='ocrx_word' id='word_1_510' title='bbox 0 0 1232 4500; x_wconf 95' lang='lat' dir='ltr'><strong> </strong></span> 
     </span>
    </p>
   </div>
  </div>
 </body>
</html>
