2454 4500
66 314 68 319 ,
105 260 170 340 130
367 269 504 332 servu
527 271 888 340 counnuramus
976 266 981 275 '

107 454 249 526 religionis
266 453 407 524 intellige;
429 460 459 505 ut
476 459 517 522 (8,
533 455 622 520 651.)ι
647 454 683 507 Et
706 457 811 517 vinclis
838 459 961 511 innaret
978 450 1077 513 Cloelio?

107 528 222 590 Ιιοεὶἰας
240 524 332 576 Guelf.
350 525 370 575 l.
389 526 493 585 coeliu;
510 522 601 576 Guelf.
615 525 648 576 11.
666 525 753 590 delio)
772 529 884 594 ruptis,
899 528 1006 595 scilicet
1017 530 1051 581 i·
1070 530 1073 537 '

106 598 166 650 Neo
196 596 273 646 enim
297 592 404 644 obsides
429 608 553 662 unquam
577 592 760 662 [religantur.
809 594 866 649 sed
895 595 964 649 huic
992 625 1004 640 υ

105 664 173 719 illud
191 663 325 715 occurritz
350 661 428 712 Unde
451 663 501 714 iste
525 662 623 729 ligatus
646 663 748 715 fuerit?
772 664 840 732 quia
865 679 935 717 eum
952 666 1051 719 Troiani

106 736 241 803 ligarunt3
258 732 330 783 ultro
349 731 470 782 enimse
489 731 634 782 obtrderat
668 731 747 784 Unde
763 733 1011 801 intelligendum
1031 740 1044 776 t

105 802 194 870 inagis
210 796 327 870 ligatum
343 807 406 850 unte
423 807 531 868 tempus
543 799 678 850 sacrificii.
712 800 787 852 Nam
801 804 975 855 consuetudo
989 802 1050 869 nn,

106 886 190 942 supra
206 868 335 932 diximus,
358 874 418 918 erat
441 868 470 918 in
494 868 554 934 ipso
571 875 698 937 tempore
716 870 928 922 sacrificiorum.
962 870 1053 937 Aute[

105 940 188 1009 ligari
205 945 234 991 et
249 935 382 987 Iuvenalis
399 937 487 1002 docet,
504 935 597 987 dicens
615 943 669 1005 (12,
683 937 731 998 5.):
749 938 801 988 Sed
817 940 923 1006 procul
940 952 1059 991 extense·

106 1008 203 1061 tutans
221 1009 312 1073 quatit
328 1004 421 1055 hostia
433 1005 545 1073 funem.
564 1030 598 1040 -
634 1011 693 1062 135.
710 1005 885 1074 Limosoque
902 1008 986 1072 lucu,
1001 1016 1027 1059 ut
1053 1035 1066 1046 -·

104 1078 203 1129 milam
219 1078 250 1127 iu
270 1088 316 1126 am
332 1075 430 1138 iaciat,
447 1073 658 1124 circumstantiis
675 1077 770 1126 utitur.
806 1077 972 1128 Notandum
985 1092 1048 1140 tatu,

105 1146 202 1217 gilium
226 1091 276 1194 suls
300 1141 419 1193 aliorum
443 1140 566 1211 personis
591 1158 706 1193 causam
730 1143 840 1213 exsequi
864 1144 1013 1197 nobilium:
1030 1148 1053 1193 ut

58 1232 62 1239 ·
103 1217 165 1268 loco
188 1211 281 1263 Marii.
320 1211 392 1264 Item
413 1210 496 1280 paulo
518 1218 580 1280 post
602 1210 741 1280 Pompeii:
764 1220 795 1262 ut
819 1213 920 1283 (557·):
944 1214 1040 1265 iacui
1062 1259 1067 1268 „

105 1285 186 1336 litore
211 1294 337 1331 truncus.
374 1277 425 1329 Per
450 1291 555 1330 noctem
581 1281 734 1345 obscurus;
759 1280 833 1332 bona
859 1282 979 1334 elocutio
999 1288 1042 1343 ast,

103 1349 236 1420 temporis
260 1350 300 1401 ad
318 1364 464 1414 personam
487 1348 651 1400 transferre:
673 1356 705 1398 ιιι
728 1351 890 1401 matutinus
912 1350 997 1402 uenit.
1028 1350 1049 1429 [Ι

103 1420 191 1474 herba
215 1415 361 1486 palustris]
401 1417 487 1482 (Sane
509 1417 539 1467 in
562 1425 622 1469 arte
646 1410 928 1472 rhetorica'omnem
949 1436 986 1471 m
1018 1441 1035 1459 =¹

104 1504 170 1540 curn
185 1489 227 1540 rei
250 1487 373 1556 partibus
390 1486 485 1537 dicunt
508 1486 656 1537 convenire
673 1485 791 1552 debere,
813 1482 892 1553 loco,
915 1491 1065 1557 ιειιιμοιι,Ι

102 1557 189 1621 teria,
206 1568 302 1619 causa,
318 1569 443 1624 persona.
477 1554 529 1605 Hic
547 1554 581 1606 ad
598 1554 704 1620 singula
719 1556 920 1625 respondetur:
936 1572 1003 1609 nam
1022 1579 1042 1597 w

102 1625 186 1677 Ulixis
203 1623 314 1695 ponitur
339 1623 373 1674 ad
390 1623 543 1675 fallendum
560 1622 716 1693 aptissima:
741 1639 839 1689 causa,
863 1626 932 1693 quia
953 1626 1067 1685 timere,

102 1692 176 1746 ultor
200 1700 270 1746 esset
292 1691 460 1753 Palamedis,
483 1698 593 1758 tempus
618 1691 652 1742 ad
678 1693 835 1743 nocendum
859 1694 1038 1761 aptissimum,
1058 1719 1064 1752 ῃ

103 1762 161 1815 sibi
179 1764 297 1830 quisquc
314 1761 436 1824 timeret;
460 1760 558 1811 modus
575 1758 687 1829 agendi:
707 1760 758 1811 Bis
781 1763 889 1828 quinas
913 1762 979 1813 silet
993 1760 1033 1812 tlt
1054 1769 1062 1788 ¹

103 1832 236 1884 materia:
270 1830 368 1880 Saitae
386 1825 491 1898 fruges
516 1840 541 1879 et
566 1832 673 1880 circum
696 1839 821 1897 tempora
845 1832 953 1896 vittae,-
974 1830 1061 1883 loom.

103 1912 208 1953 noctem
234 1900 371 1950 obscurus
397 1901 428 1949 in
454 1896 520 1948 ulva
545 1897 664 1959 delitui.)
681 1923 717 1935 ·-
752 1904 812 1957 136.
835 1899 868 1949 si
886 1899 966 1968 forte
987 1926 990 1938 ι

102 1967 227 2021 medium
244 1984 272 2019 se
290 1967 413 2036 praebet.
447 1966 520 2017 Nam
544 1984 597 2019 nec
613 1973 709 2033 negat,
734 1983 785 2018 nec
809 1967 973 2033 confimat,
991 1980 1031 2019 eot
1056 1985 1061 2021 ’.

103 2052 194 2105 gesse:
216 2053 252 2088 ne
270 2043 319 2086 aut
334 2035 373 2086 eis
390 2032 485 2086 demat
500 2035 691 2086 securitatem:
715 2042 763 2085 aut
786 2035 861 2102 quod
884 2052 969 2107 supra
983 2032 1047 2093 dixit,

102 2123 164 2157 sum
188 2105 236 2169 sit,
259 2120 316 2155 non
339 2119 417 2173 posse
440 2103 570 2168 navigare
594 2103 732 2169 Graecos,
762 2103 814 2154 nisi
837 2103 955 2158 homine
994 2129 1006 2147 ιι
1019 2125 1041 2145 ··¹

102 2174 131 2238 (i.
149 2189 173 2226 e.
191 2173 256 2241 quia
272 2173 328 2224 iam
346 2176 416 2225 scire
433 2188 490 2222 non
507 2180 630 2241 poterat,
654 2171 721 2239 quid
743 2172 845 2224 facturi
869 2180 974 2238 essent,
994 2162 1069 2223 (ω’,

100 2240 244 2311 fugisset)
262 2240 416 2293 utiliorum
435 2240 540 2306 (Burni.
557 2256 622 2291 cum
639 2240 715 2291 Fuld.
735 2240 941 2303 Troianorum)
956 2241 990 2293 rit
1003 2236 1039 2309 qt
1044 2263 1055 2276 ·¹

101 2312 251 2379 elegerint:
275 2317 303 2362 et
326 2312 392 2362 artis
417 2316 469 2372 est,
501 2309 531 2359 in
555 2316 785 2377 argumentorum
809 2311 936 2373 augustia
958 2306 1051 2361 incenit

100 2378 281 2432 sermonibus.
301 2405 335 2415 -
371 2386 430 2436 137.
448 2377 616 2445 Antiquam
642 2393 745 2428 caram.
781 2379 818 2428 Et
841 2378 1018 2431 benacomm
1037 2395 1057 2414 ¹¹¹

100 2449 202 2500 liberos
226 2455 254 2500 et
277 2455 436 2516 parentem:
462 2452 493 2494 ιιι
514 2446 640 2497 ostendat
661 2463 689 2497 se
713 2462 771 2497 uon
794 2447 964 2513 deseruisse,
990 2454 1018 2497 ut
1055 2469 1064 2476 ¹

99 2516 148 2570 sed
165 2514 261 2567 mortis
278 2514 379 2584 fugisse
396 2522 503 2565 terrore
521 2514 564 2580 (al.
579 2514 736 2576 terrorem.)
771 2515 816 2578 (Et
833 2515 906 2567 bene
922 2516 1022 2584 ignotos
1034 2512 1065 2585 (¹

101 2591 187 2652 ignat.
196 2607 205 2648 ,·
224 2602 244 2635 s.
261 2584 379 2652 ignotis)
396 2581 473 2633 linxit
488 2582 541 2633 sibi
557 2583 659 2634 liberos
677 2591 705 2633 et
720 2591 880 2652 parentem,
898 2592 930 2634 ut
946 2584 1027 2636 maior

100 2655 170 2705 ratio
188 2671 219 2704 ex
235 2652 359 2722 pluribus
375 2658 541 2703 nasceretur.
577 2649 695 2719 Quidam
718 2667 784 2703 sana
807 2667 865 2703 non
884 2652 993 2716 dulces,
1011 2644 1049 2701 ssd

119 2719 186 2773 lices
204 2722 344 2789 legerunt,
368 2718 433 2787 quia
451 2719 546 2769 dulces
569 2719 628 2770 leve
654 2727 739 2784 esset,
766 2727 795 2770 et
817 2735 968 2773 commune
989 2717 1074 2789 epi

99 2743 271 2851 liberorum.)
287 2815 321 2828 -·
354 2796 415 2846 13⁴).
432 2785 523 2856 [Quos
542 2788 587 2839 illi
594 2810 603 2852 ,·
621 2786 770 2854 dequibus
785 2787 845 2852 illi]
879 2788 952 2841 Fors
968 2800 992 2841 et
1005 2806 1030 2853 p,

99 2861 171 2912 forte
196 2867 224 2910 et
245 2874 356 2926 poenas.
391 2857 444 2908 Alii
467 2856 585 2924 iungunt
602 2856 711 2924 sonet,
734 2865 765 2906 ut
788 2856 823 2907 sit
845 2856 941 2911 forsan
963 2856 1055 2925 (Burm

93 2927 249 2996 forsitan.)
290 2928 326 2976 Et
349 2923 420 2978 hene
444 2924 518 2976 elicit
540 2924 771 2976 misericordiam:
802 2927 987 2995 ostenditque,
1013 2936 1057 2975 not

98 2997 202 3049 habere
219 3011 330 3046 eausam
346 2992 479 3047 redeundi
496 3001 558 3062 post
574 3001 695 3044 mortem
712 3009 842 3056 suorum;
867 3000 917 3059 (ne
934 3010 997 3048 eum
1048 3014 1056 3030 ¹

97 3082 153 3119 non
177 3065 347 3133 reciperent,
369 3061 536 3131 suspicantes
559 3062 594 3113 ad
617 3077 679 3112 suos
702 3062 867 3130 quandoque
891 3058 1055 3117 redituum)

98 3140 159 3192 140.
176 3131 310 3203 Effugt‘a5
335 3136 363 3184 et
379 3128 457 3199 fuga
475 3127 591 3182 dicimus
608 3136 636 3182 et
652 3130 806 3199 effugium,
829 3132 902 3182 sicut
925 3133 991 3183 luna
1006 3136 1031 3183 et
1048 3149 1062 3164 ¹¹

98 3204 179 3255 tium.
216 3203 251 3252 Ut
268 3200 313 3268 (G.
332 3207 363 3264 3,
380 3199 466 3262 384.);
489 3196 521 3248 si
545 3198 590 3265 (R.
608 3200 669 3250 Vos.
686 3199 777 3250 Guelf.
796 3199 829 3251 11.
849 3202 906 3263 sit)
925 3192 1060 3251 utitur·
1088 3214 1090 3221 ·

99 3288 191 3324 curae.
227 3269 297 3321 Hinc
322 3272 363 3320 est
386 3274 413 3320 et
438 3268 566 3334 aequitas
593 3274 621 3318 et
638 3285 765 3335 aequum.
802 3269 888 3337 [Ergo
913 3284 991 3322 more
1061 3305 1074 3342 ,

99 3341 188 3392 hostia
204 3338 226 3389 si
244 3336 385 3404 effugisset
402 3336 504 3403 effugia
521 3335 683 3400 vocabatur,
707 3352 778 3404 quae
802 3344 898 3388 autem
915 3336 1059 3408 subpositv

98 3416 144 3460 rat
159 3406 335 3468 succidanea,
352 3403 374 3454 si
392 3406 502 3471 gravida
519 3405 608 3471 forda,
625 3402 648 3453 si
664 3405 763 3456 sterilis
780 3412 860 3458 taure
877 3408 893 3437 *
912 3406 1032 3476 appella
1049 3429 1050 3440 ¹

98 3476 172 3527 uude
188 3476 245 3527 ludi
262 3470 364 3525 Taurei
382 3472 464 3536 dicti,
487 3470 534 3540 qui
559 3490 590 3525 ex
607 3472 685 3524 libris
708 3472 839 3524 fatalibus
856 3493 873 3526 a
889 3490 959 3543 rege
975 3474 1005 3524 Τ
1031 3497 1033 3511 ·
1051 3491 1058 3508 ¹

96 3542 219 3613 Superbo
242 3538 358 3594 instituti
381 3539 462 3604 sunt]
497 3540 560 3607 (Pro
586 3541 632 3592 his
657 3542 715 3593 cod.
734 3540 779 3591 F..·
804 3542 858 3594 Sed
880 3541 928 3595 hic
950 3542 1045 3596 dices·
1073 3597 1074 3602 ,

92 3610 199 3681 jugia,
222 3611 306 3663 verbo
330 3622 488 3671 sacrorum,
512 3618 539 3661 et
556 3608 590 3662 ad
607 3626 719 3662 causam
737 3617 801 3680 apto
825 3624 890 3662 usus
908 3620 957 3665 est.
987 3610 1048 3661 Nun

97 3680 165 3744 stin,
194 3695 264 3747 quae
288 3676 324 3731 ad
347 3690 409 3730 aras
431 3674 547 3731 adducta
572 3686 613 3731 est
634 3677 820 3744 immolanda,
849 3678 873 3729 si
896 3696 963 3733 casu
1004 3693 1025 3724 ῡί
1038 3703 1053 3714 .

98 3746 205 3817 effugia
222 3746 315 3799 vocari
331 3746 418 3799 veteri
436 3761 516 3798 more
532 3746 615 3799 solet:
638 3748 668 3800 in
684 3748 761 3800 cuius
777 3748 885 3811 locum,
902 3764 974 3819 quiae
1007 3769 1053 3790 ¹¹

96 3818 202 3881 iuerat,
219 3814 406 3880 succidam,-
423 3814 446 3865 si
463 3815 575 3883 pavida
591 3817 690 3883 suerat,
700 3812 790 3886 forda
809 3814 927 3881 dicitur3
942 3818 1016 3899 ustae

96 3891 190 3936 autem
214 3891 268 3948 est,
291 3896 389 3936 taurea
415 3881 582 3953 appellatur:
605 3884 677 3938 unde
702 3887 766 3938 ludi
790 3883 901 3935 Taurei
924 3883 1000 3951 dicti,
1019 3878 1060 3953 qui

94 3949 172 4004 libris
183 3948 328 4020 fatalibus
346 3970 363 4004 a
379 3950 456 4021 Rege
474 3951 557 4019 Tarq.
574 3951 636 4023 Sup.
655 3953 772 4006 instimti
788 3960 852 4005 sunt
867 3962 1026 4026 propterea,
1051 3980 1053 3990 ¹

95 4018 184 4075 omnis
208 4028 302 4091 partus
326 4019 478 4074 mulierum
501 4018 573 4073 male
597 4022 721 4076 cedebat
770 4021 824 4075 Alii
848 4022 935 4075 ludos
960 4022 1090 4075 Taum*
