2454 4500
375 115 382 140 l
423 114 434 131 ἱ
525 125 529 138 ι

146 283 212 350 182
407 250 558 340 servu
574 220 932 342 counenrrmus
1018 341 1023 358 ἴ

47 490 71 516 ,ι
148 475 217 532 ergo
232 442 361 531 Virgilius
373 459 476 523 veteris
493 457 697 510 consuetudinis
713 454 857 520 meminit,
880 453 946 504 cuni
968 451 1037 529 iacit
1052 450 1188 532 Aeneam,

149 533 215 600 quia
236 532 369 599 peregre,
389 530 408 581 i.
426 547 450 581 e.
472 528 503 579 in
520 525 640 579 Thracia
657 524 728 594 agit,
749 523 954 593 auspicantem,
975 522 994 573 i.
1011 541 1036 575 e.
1052 520 1187 588 Auspici-

48 638 50 646 ι
89 620 96 633 ’
120 628 124 629 ’
151 601 204 654 bus
229 600 389 671 coeptorum
414 594 549 664 operum]
565 623 601 635 -
620 600 679 661 ⁸21.
698 593 864 644 Maeniam
887 598 953 650 etc.;
977 597 1078 642 contra
1100 589 1188 640 ratio·

149 685 218 724 rtem
241 668 298 719 Iovi
320 673 433 719 taurum
457 665 609 727 sacrificet,
632 664 702 719 adeo
727 670 766 715 ut‘
779 661 845 714 hinc
867 655 1187 731 putetursubsecutum

98 799 100 803 ⁸
151 754 210 790 esse
233 735 400 806 prodigium.
441 735 549 802 Ubique
573 723 650 788 enim
666 730 723 801 Iovi
747 730 894 784 iuvencum
916 723 1034 795 legimus
1057 725 1187 805 immola-

150 813 229 870 tum,
252 812 283 855 ut
306 808 349 873 (9,
364 801 451 865 627.):
471 802 599 854 Statuam
612 812 681 853 ‘ante
699 816 767 850 aras
784 809 888 852 aurata
907 797 1005 866 fronte
1025 798 1186 847 iuvencum.

151 875 201 942 [Et
222 872 254 925 iu
269 870 405 923 Bucolicis
426 869 555 938 legimus]
578 871 619 938 (E.
637 877 669 934 ὃ,
685 867 753 930 87.);
777 868 840 917 Iam
865 882 953 918 cornu
978 875 1074 933 petat,
1094 876 1120 915 ct
1141 881 1187 930 pc·

153 938 439 1009 dibusmqui'spargut
456 939 599 995 harenam,
634 939 705 990 Item
721 936 855 988 luvenalis
872 939 932 1002 (13,
949 933 1001 996 9.):
1027 931 1206 1000 Qui‘vcsat*

153 1013 283 1073 nascenti
301 1010 401 1063 robora
419 1025 516 1063 cornu.
550 1008 624 1064 Num
647 1005 678 1059 in
700 1004 817 1057 victimis
840 1004 926 1059 etiam
950 1010 1025 1072 aetas
1052 1008 1096 1053 est
1113 1005 1186 1068 (con-

152 1079 268 1157 sulenda
291 1078 349 1141 sel)
373 1077 578 1143 consideranda,
601 1103 637 1116 -·
675 1083 720 1132 22.
743 1073 824 1127 Forte
845 1072 910 1141 fuit
932 1071 1187 1148 iustarumulus,

152 1149 274 1266 [lexerrsat
290 1145 406 1198 dicendo
424 1145 505 1198 Forte
519 1146 592 1215 fuit,
609 1143 683 1213 quod
701 1143 774 1195 iuxta
792 1157 857 1195 eum
873 1141 967 1192 locum
984 1135 1187 1192 sacrificaierrt.

183 1210 297 1277 emulus
322 1220 417 1268 autem
440 1215 572 1280 dicendo,
595 1209 663 1276 uno]
687 1211 741 1266 hoc
764 1225 909 1276 sermone,
933 1217 962 1261 et
983 1208 1087 1261 collem
1105 1215 1133 1259 et
1147 1222 1190 1261 ses

125 1321 127 1325 -
152 1284 281 1365 pulcrum
297 1281 380 1336 fuisse
397 1283 545 1350 siguificat·
575 1283 678 1350 [Potest
695 1279 771 1332 enim
788 1280 917 1334 tumulus
935 1285 962 1329 et
978 1278 1038 1329 sine
1055 1275 1189 1347 sepulcro,

152 1352 384 1422 interpretatione
401 1351 491 1416 collis,
512 1350 654 1403 interdum
670 1348 765 1419 accipi.
800 1349 875 1413 Nam
891 1355 920 1399 et
935 1353 1031 1399 terrae
1047 1341 1188 1412 congestio

153 1436 235 1490 super
253 1436 312 1485 ossa
335 1421 461 1474 tumulus
485 1418 594 1474 dicitur.
628 1416 698 1470 Sane
724 1424 871 1490 apparatus
894 1422 1073 1468 mortuorum
1088 1413 1187 1481 funus

153 1487 210 1541 dici
226 1488 296 1549 solet
334 1487 478 1542 exstructio
494 1488 635 1555 lignorum
654 1503 756 1553 rogus,
779 1484 913 1539 subiectio
930 1483 1001 1550 ignis
1019 1499 1108 1551 pyra,
1131 1497 1190 1531 cre·

154 1557 241 1610 matio
258 1526 396 1610 caiavsris
413 1558 542 1620 bustum,
564 1555 640 1606 locus
653 1557 789 1620 ustrina,
814 1553 904 1627 operis
930 1551 1077 1613 exstructio
1095 1548 1188 1618 sepul-

114 1632 117 1638 '
155 1642 250 1691 orwn,
272 1641 377 1680 nomen
393 1624 558 1694 inscriptum
576 1621 811 1690 monumentum]
847 1619 919 1691 Quo'
936 1637 1061 1684 sommo,
1087 1619 1117 1669 in
1135 1631 1189 1686 quo

156 1710 275 1750 summo.
297 1693 420 1748 *Cornea
437 1693 566 1760 virgulta
585 1704 611 1743 ct
636 1696 759 1760 my'rtus3
783 1691 854 1744 bene
871 1689 939 1758 legit
954 1688 1039 1742 bustis
1056 1695 1124 1758 apta
1140 1685 1192 1736 vir·

155 1763 239 1831 guita.
273 1762 347 1816 Nam
368 1762 488 1830 legimus
506 1761 551 1828 (G.
569 1770 602 1826 2,
617 1762 708 1825 4470:
730 1760 767 1812 Et
790 1762 863 1812 bona
881 1760 952 1813 tello
972 1774 1087 1809 cornus.
1120 1756 1192 1808 Item

154 1837 198 1898 (7,,
216 1830 301 1892 8t7.):
322 1830 358 1881 Et
381 1831 552 1898 pastoratem
576 1829 707 1898 praefixa
731 1830 846 1897 cuspide
872 1839 1002 1896 myrtum.
1046 1825 1103 1892 [Et
1125 1823 1192 1876 alibi

155 1899 202 1969 (G.
219 1909 246 1965 2,
261 1897 347 1961 iii->2
364 1899 403 1951 Ao
422 1911 533 1967 myrtus
550 1900 659 1951 validis
678 1895 854 1962 hostilibus]
889 1899 964 1962 Ergo
982 1895 1005 1946 si
1021 1893 1084 1946 telis
1101 1893 1193 1946 fuerat

154 1969 291 2034 confixus,
317 1969 418 2020 merito
434 1969 491 2020 illic
507 1968 578 2019 haec
595 1967 723 2032 coaluere
740 1967 867 2034 virgulta.
905 1965 1016 2023 Cornus
1033 1969 1130 2015 autem
1147 1962 1193 2014 de·

154 2035 274 2090 clinatur
298 2043 329 2086 ut
345 2035 438 2103 ficus,
460 2036 483 2088 si
506 2035 592 2091 arbor
613 2036 655 2088 sit.
689 2037 762 2088 Nam
786 2053 874 2088 cornu
898 2032 1025 2086 animalis
1042 2031 1193 2083 indeclina-

117 2135 120 2138 >
155 2102 213 2155 bile
230 2112 285 2166 est;
309 2103 375 2155 licet
391 2105 544 2173 genitivum
560 2105 700 2174 usurparit
716 2105 843 2155 Lucanus
862 2109 904 2169 (7,
921 2101 994 2164 217.)
1019 2107 1064 2150 ut:
1083 2099 1194 2151 Cornus

63 2181 75 2224 .’
157 2174 215 2227 tibi
232 2189 299 2224 cura
323 2173 441 2225 sinistri
458 2172 586 2226 Lentule.
623 2175 666 2225 Sic
684 2174 782 2224 Cicero
799 2173 828 2223 in
846 2174 943 2223 Arato:
968 2169 1067 2219 Huius
1085 2187 1191 2236 genus:

156 2256 208 2311 pro
232 2257 312 2308 genu.
339 2268 372 2280 —
406 2250 449 2299 23.
475 2242 638 2310 [Virgulta‚·
664 2241 915 2309 copiosevirgultn
937 2239 1060 2303 hastilia,
1091 2239 1196 2305 silvam,

154 2325 262 2374 ramos,
288 2309 434 2375 arborem,
463 2311 570 2377 vimen,
602 2311 750 2375 corticem,
773 2311 909 2380 stipitem,
931 2316 1073 2376 segetem,
1096 2307 1194 2360 iacula.

156 2376 285 2431 Horrida
306 2391 431 2447 myrtus,
449 2379 563 2431 horrida
581 2380 615 2430 ad
632 2381 685 2431 loci
703 2380 805 2431 sociem
822 2379 933 2444 retulit,
957 2394 1015 2430 non
1032 2377 1069 2427 ad
1086 2377 1195 2428 arboris

155 2455 286 2499 naturam
308 2448 351 2503 vel
374 2457 450 2501 certe
474 2449 644 2500 umbrosam.
673 2448 811 2517 *1Myr'tus5
834 2465 900 2499 sane
924 2447 958 2498 de
982 2456 1075 2512 myrto
1102 2445 1196 2496 fabula

155 2516 216 2571 talis
233 2522 281 2567 est.
314 2517 389 2568 Haec
404 2516 521 2584 Myrtus
536 2533 570 2568 ex
587 2520 663 2569 sema
681 2518 715 2568 de
732 2517 814 2586 plebe
831 2516 1010 2582 antiquorum
1027 2521 1094 2566 nata
1108 2514 1196 2566 Grae·

157 2599 190 2636 co
208 2583 339 2637 vocabulo
357 2584 476 2652 Myrene
494 2586 611 2641 vocitato
629 2594 678 2649 est,
694 2588 786 2636 forma
804 2585 999 2654 pulcherrima.
1034 2585 1113 2634 Hanc
1132 2600 1196 2633 cum

156 2652 270 2720 qiudam
286 2653 462 2722 popularium
479 2654 552 2705 dives
569 2663 597 2705 et
613 2655 714 2710 nobilis
732 2656 900 2717 adamasset,
923 2653 1121 2722 aparentibus
1139 2653 1196 2704 eius

155 2721 301 2790 postulavit
317 2738 439 2775 uxorem.
473 2724 582 2787 Interea
606 2724 726 2776 latrones
745 2722 845 2773 urbem
864 2729 1085 2791 occupaverrmt,
1109 2737 1196 2788 qrram

155 2805 221 2842 cum
245 2782 473 2862 depopulantur„
487 2791 649 2858 Myrenem‚
674 2790 806 2842 fratribus
832 2791 889 2842 eius
915 2789 1026 2854 occisis,
1057 2790 1197 2856 captivam

155 2857 305 2922 duxeruut,
330 2867 358 2910 et
381 2859 411 2910 in
433 2858 546 2911 latebris
564 2860 763 2926 condiderunt,
789 2860 877 2911 donec
895 2859 950 2910 aba
967 2858 1028 2908 loca
1047 2867 1196 2911 vastarent

154 2924 207 2977 Sed
224 2927 442 2995 haeclMyrene,
464 2928 576 2980 inventa
594 2929 753 2993 occasione,
777 2929 862 2995 fugit,
888 2935 916 2978 et
941 2927 976 2978 ad
993 2926 1066 2978 cives
1085 2944 1197 2980 reversa

156 3001 203 3047 est.
245 2994 383 3053 Gratulsti
412 2996 496 3060 cives,
527 3013 591 3050 eam
619 2998 792 3049 sacerdotem
817 2996 931 3049 Veneris
963 3012 1020 3048 esse
1050 2995 1198 3063 iusserunt,

196 3080 312 3120 aecum
324 3079 402 3118 sacra
418 3065 581 3131 ceiebraret,
597 3081 684 3120 unum
704 3066 738 3117 de
755 3064 908 3116 latronibus
926 3081 976 3134 per
994 3079 1062 3131 quos
1081 3064 1199 3135 abrepta

169 3139 262 3198 uerat,
283 3133 314 3183 in
336 3131 417 3202 plebe
444 3134 586 3201 cognovit,
610 3149 729 3201 eumque
754 3134 987 3202 comprehensum
1016 3133 1047 3183 in
1071 3135 1198 3185 medium

155 3200 250 3269 vulgus
268 3201 390 3257 extraxit.
423 3200 526 3267 Latro,
549 3203 644 3273 poenis
662 3203 789 3266 adactus,
814 3202 909 3254 omnia
926 3219 997 3270 quae
1014 3202 1199 3255 intendeban-

155 3276 202 3320 tur
220 3272 358 3322 confessus
376 3276 430 3335 est,
453 3271 540 3320 socios
558 3275 685 3341 quoque,
709 3269 825 3325 ubinam
849 3279 953 3336 essent,
978 3271 1109 3339 prodidit
1145 3270 1198 3322 sed

154 3337 259 3392 iuvenis
283 3338 331 3406 qui
356 3354 418 3390 eam
442 3346 506 3391 ente
531 3349 672 3394 amaverat
696 3347 724 3391 et
746 3339 869 3407 petierat
890 3340 943 3390 sibi
967 3338 1133 3404 coniugem,
1162 3339 1198 3391 ud

146 3403 357 3474 ‘investigandos
373 3406 495 3462 latrones
512 3407 566 3464 sibi
582 3408 727 3477 negotium
743 3408 917 3477 depoposcit,
935 3423 1004 3475 quos
1021 3423 1088 3457 cum
1103 3407 1197 3461 inven-

155 3481 199 3527 tos
219 3476 347 3544 cepisset,
374 3482 402 3526 et
417 3475 578 3544 praemium
594 3485 738 3545 posceret,
755 3477 819 3529 data
838 3476 863 3528 ei
880 3484 1000 3546 potestas
1019 3484 1060 3526 est
1078 3494 1095 3528 a
1111 3492 1199 3547 popu·
1216 3475 1221 3482 '

155 3540 200 3608 lo,
231 3551 263 3593 ut
285 3542 422 3614 virginem
466 3559 531 3597 uam
554 3553 697 3601 amaverat
719 3546 749 3600 in
771 3544 984 3599 matrimonium
1007 3544 1138 3597 duceret:
1162 3545 1198 3595 ob

117 3648 118 3653 η
177 3625 244 3663 uam
266 3627 329 3664 rem
351 3611 424 3666 irata
471 3624 553 3678 mus,
582 3613 662 3665 illum
685 3614 759 3665 mori
782 3612 867 3676 feeit,
889 3613 1033 3681 virginem·
1051 3620 1147 3666 autem
1168 3615 1199 3666 in

187 3690 287 3751 yrtum
303 3679 435 3731 arborem
451 3678 547 3745 vertit,
570 3682 651 3755 eique
676 3684 750 3749 quod
767 3679 894 3734 sacerdos
917 3682 1028 3747 fuisset,
1050 3680 1199 3752 praestitit,

158 3755 190 3798 ut
210 3755 362 3822 perpenso,
386 3754 414 3800 et
429 3748 503 3803 suavi
521 3749 606 3802 odore
624 3750 777 3819 gauderet]
793 3778 829 3789 -
863 3753 908 3809 24.
925 3749 1056 3815 Accessi,
1081 3767 1140 3803 uon
1164 3752 1200 3804 ed

159 3832 293 3881 cornum,
315 3815 364 3867 sed
381 3815 422 3870 ud
446 3829 584 3886 myrtum,
614 3836 686 3889 quae
709 3820 783 3873 inter
807 3818 940 3871 verbenas
964 3827 1014 3871 est
1062 3819 1100 3870 Et
1125 3821 1200 3873 bene

157 3884 242 3938 matri
264 3883 474 3946 'sacrificaturus
504 3903 566 3938 aras
597 3896 713 3942 coronat
743 3905 774 3941 ex
806 3899 908 3954 myrto.
957 3887 1082 3951 Silvam
1112 3889 1202 3957 [sieut

157 3953 264 4005 dictum
281 3950 355 4018 est‚]
379 3951 450 4005 bene
474 3954 577 4019 variat,
600 3963 632 4007 ut
654 3973 728 4009 nunc
751 3956 862 4022 silvam,
886 3970 959 4007 nime
984 3956 1104 4021 vimina,
1127 3974 1203 4008 nunc

158 4021 292 4093 virgrdta,
307 4035 382 4074 mmo
399 4021 531 4077 arborem
548 4021 629 4105 dieat.
648 4051 683 4067 -
717 4031 761 4086 25.
778 4023 894 4093 [Remis
912 4035 1047 4093 tegerem
1066 4025 1204 4079 excusatio
