2454 4500
167 296 205 340 ru
227 275 388 341 vruclt.
412 276 584 340 AENEID.
606 275 688 340 LIB.
709 274 767 352 111,
789 281 983 349 soe-321·
1034 283 1100 349 213

46 460 125 517 bene
144 462 174 515 iu
192 462 268 528 luco,
286 469 316 514 ut
332 463 447 516 diximus
464 480 547 532 supra
565 469 609 532 (1,
626 464 707 526 441).
725 490 759 502 -
794 466 856 521 304.
875 463 917 516 Aa
934 465 1091 531 tumulum

47 532 113 584 i.e.
140 530 334 602 cenotaphion.
373 533 468 585 Viridi
492 537 605 600 cespite3
630 532 757 585 herboso.
782 559 815 570 -
851 540 910 591 305.
938 532 1090 601 Geminos,

47 614 144 655 uttam
160 601 275 665 marito,
293 601 410 653 alteram
428 602 492 653 lilio.
527 605 580 652 Aut
596 609 673 654 certe
689 601 756 652 illud
773 600 897 669 respicit:
924 602 988 668 quia
1005 601 1091 653 insen·

73 668 116 720 ari
136 669 259 737 gaudent
282 685 406 722 numero.
441 672 477 720 Ut
502 669 544 738 (E.
563 677 595 733 5,
612 671 682 734 66.):
707 669 776 719 Eece
794 670 866 719 duos
893 670 946 719 tibi
962 668 1088 737 Daphni.

91 737 156 805 peri
172 752 236 788 vero
254 737 369 807 impuri:
394 746 425 788 ut
449 740 489 805 (E.
507 747 538 800 tt,
555 739 621 798 75.):
646 737 769 789 Numero
788 736 867 787 Deus
891 740 996 805 impare
1040 755 1090 787 nn·

53 806 114 857 det:
144 805 197 873 [vel
217 809 362 873 geminas,
386 807 451 858 Diti'
466 808 538 876 patri
562 814 590 857 et
612 806 811 877 Proserpinam
842 814 890 857 arrt
913 805 978 874 quia
1001 757 1090 858 eiatae

53 881 233 927 mortuorum
251 892 331 941 orne,
353 874 470 927 deorum
488 876 592 926 altaria
617 875 761 939 dicuntur,
786 881 816 924 ut
838 875 886 940 (E.
904 879 936 938 5,
952 873 1021 936 66.);
1044 874 1088 929 tta

52 958 55 963 ·
75 953 194 993 nattuor
210 960 294 1009 eros,
318 942 386 994 Ecce
404 945 477 1011 duas
495 944 549 994 tibi
566 942 699 1012 Daphni,
723 945 831 1009 ducque
848 943 954 994 altaria
973 941 1107 994 Phoebo..

55 959 189 1079 &amris
204 1010 258 1064 hoc
274 1012 434 1079 frequenter
451 1016 532 1081 poe'ta
556 1010 614 1079 ipse
637 1012 793 1062 confundat.
827 1007 977 1079 Lacrymis
995 1027 1090 1061 sacra·

56 1090 152 1141 peren
174 1078 228 1130 hoc
253 1086 377 1144 tanturn,
400 1088 432 1130 ut
457 1097 568 1133 cusam
590 1080 777 1147 lacrymarum
801 1076 938 1144 baberet]
953 1106 988 1119 -·
1029 1084 1090 1137 306.

57 1145 199 1219 Monstris
206 1171 216 1211 ,-
239 1146 321 1200 rebus
347 1147 470 1215 [scilicet]
493 1149 651 1220 insperatis:
679 1150 719 1216 [et
741 1148 794 1198 hoc
820 1146 856 1199 ad
878 1147 1090 1209 Andromachen

56 1216 194 1279 referttm
216 1232 287 1283 quae
304 1224 382 1286 putat
399 1225 568 1269 monstruni.-
591 1225 639 1268 aut
663 1223 737 1268 certe
756 1219 904 1281 monstris,
927 1215 1001 1285 quod
1023 1223 1089 1266 tunc

58 1283 207 1336 advenerat
223 1286 343 1351 Aeneas,
366 1301 430 1337 eunt
453 1284 499 1336 illa
523 1287 620 1338 Manes
642 1285 797 1347 invocaret,
820 1293 848 1336 ct
874 1301 938 1336 eum
962 1283 1091 1336 crederet

58 1368 116 1406 esse
133 1352 315 1421 defunctum]
328 1380 362 1392 -
397 1360 457 1410 308.
476 1352 609 1423 Deriguit
626 1356 691 1404 visu
711 1356 742 1403 in
759 1353 866 1418 medio,-
883 1353 950 1404 dum
968 1369 1013 1403 me
1030 1369 1090 1403 cer·

59 1418 101 1491 nit
122 1420 173 1489 [et]
198 1421 331 1490 obstipuit
354 1421 398 1488 (al.
423 1424 558 1488 oiston),
587 1423 646 1490 [aut
668 1429 818 1488 antequam
842 1436 891 1472 nos
919 1420 1091 1472 manifestim

59 1487 183 1557 videret]
218 1488 304 1542 Calor
322 1508 386 1542 ossa
407 1492 536 1559 reliquit,¹
554 1493 571 1544 i.
590 1509 613 1546 e.
631 1489 769 1542 extimuit:
789 1497 819 1538 ut
836 1494 872 1556 (l,
887 1489 955 1551 92.):
972 1489 1090 1540 Solvun-

59 1570 106 1610 tur
127 1559 244 1629 frigore
269 1560 397 1610 membra.
424 1587 459 1596 ·—
510 1568 571 1617 310.
605 1559 711 1610 Verane
738 1570 763 1608 te
787 1557 901 1626 facies‚·
934 1558 1002 1609 ordo
1034 1563 1090 1609 est:

10 1642 17 1693 j·
61 1625 165 1689 Onrte
181 1626 248 1693 dea,
264 1630 384 1680 affersne
400 1635 427 1680 te
445 1628 531 1692 mihi,
549 1646 614 1681 vera
630 1627 729 1693 faciet,
746 1642 825 1678 verns
841 1625 969 1690 nuntius,
985 1627 1025 1693 [et
1043 1640 1089 1691 op
1110 1666 1113 1673 .

10 1718 18 1771 3
59 1702 209 1815 pomum
235 1697 403 1764 principium
420 1697 572 1764 ¹sentinae,
601 1712 685 1765 quam
708 1695 845 1746 incertum
867 1695 952 1745 timor
974 1695 1089 1746 iecerat

10 1794 17 1839 ξ
86 1782 151 1817 erus
169 1764 241 1815 mibi
260 1767 379 1816 nuntius
398 1766 508 1834 adfers‚·
534 1765 647 1833 qrridam
664 1763 701 1814 sic
719 1769 872 1831 exponunt,
896 1770 979 1829 prout
1000 1761 1090 1814 adier-

10 1850 17 1890 ῑ
61 1834 110 1900 rit,
131 1833 150 1884 i.
169 1851 194 1886 e.
218 1834 291 1885 vivut
315 1826 385 1884 mihi
408 1831 565 1897 nuntiaris]
580 1862 615 1872 -
650 1839 711 1890 311.
733 1831 865 1896 Vivisne5
891 1839 919 1882 et
939 1828 1091 1884 secundum

10 1898 17 1949 i
60 1900 225 1955 muliebrem
243 1902 382 1954 adfectum
400 1903 481 1970 [sicut
497 1917 579 1972 supra
596 1902 702 1953 dictum
720 1898 771 1964 est]
788 1901 958 1966 interrogat,
974 1906 1001 1951 et
1017 1897 1090 1949 bene

10 1976 18 2037 ¹.
61 1971 221 2038 nspicsno.
253 1971 327 2022 Nam
352 1979 379 2023 et
402 1970 499 2022 inferis
522 1969 672 2035 sacrificat,
696 1977 725 2021 et
746 1969 775 2020 in
797 1967 872 2034 luco,
894 1969 924 2019 in
942 1983 996 2034 quo
1013 1965 1091 2018 habi·

10 2044 14 2053 '
62 2046 120 2093 tant
139 2055 244 2091 maner.
264 2066 298 2076 -
333 2045 394 2098 312.
414 2038 517 2089 Hector
534 2047 602 2101 etc.;
625 2039 679 2091 hoc
702 2037 737 2089 od
760 2039 867 2088 Aeneae
892 2036 1013 2104 pertinet
1033 2034 1092 2102 glo·

61 2107 147 2173 riom,
162 2112 196 2159 ut
212 2107 248 2158 ab
265 2109 383 2161 Hectore
401 2125 544 2175 nunquam
561 2107 711 2160 discessisse
730 2105 861 2158 videatur.
896 2103 985 2156 Sensit
1002 2103 1091 2169 (codd.

61 2175 151 2241 sentit)
169 2184 265 2229 autem
280 2176 349 2227 hoc:
367 2176 389 2226 si
407 2176 524 2229 umbrae
542 2175 668 2229 videntur
685 2176 714 2226 in
731 2174 815 2227 sacris
833 2173 944 2238 dandis,
964 2189 1016 2223 cur
1033 2187 1090 2223 non
1180 2222 1184 2229 ,

10 2244 17 2252 “
61 2260 156 2299 eorum
174 2246 266 2314 magis
282 2244 381 2314 quibus
398 2244 585 2296 sacrificatur?
619 2245 732 2313 [Dinit,
756 2243 950 2309 iecry'mcsque
975 2240 1091 2311 effutis,

61 2313 130 2367 bene
184 2321 295 2384 nquam
312 2312 347 2366 od
363 2314 535 2365 mentionem
552 2313 676 2365 Hectoris
699 2319 810 2365 ventum
828 2319 882 2378 est,
906 2318 934 2363 et
954 2310 1040 2362 tacuit
1064 2315 1092 2361 et

62 2382 141 2435 flevit.
171 2409 205 2422 -
240 2389 302 2440 313.
320 2381 453 2445 Furenti,
477 2381 655 2433 insolabiliter
680 2381 726 2448 (ab
745 2381 972 2432 intolerabiliter)
996 2385 1024 2430 et
1040 2377 1091 2428 lm-

62 2452 196 2519 patienter
219 2450 331 2504 dolenti.
356 2477 391 2487 -
431 2456 492 2508 314.
517 2449 697 2521 warbertus,-
728 2449 839 2517 lugente
863 2448 965 2500 scilicet
986 2446 1091 2499 Andro·

10 2530 13 2569 i
63 2520 173 2574 macher
198 2520 268 2571 Cato
292 2521 344 2571 ait:
376 2518 462 2569 Verba
489 2523 598 2570 tertiato
624 2531 648 2569 et
665 2531 794 2584 quarceto
818 2519 975 2586 quempiam
1001 2517 1092 2567 dicere

10 2572 20 2623 ἦ
62 2606 126 2656 prae
142 2587 238 2656 metu]
272 2587 376 2653 Hisc03
402 2586 507 2638 hiscere
533 2596 573 2641 est
596 2588 691 2653 hiare,
713 2585 865 2655 necxloqui
888 2602 974 2655 posse.
1009 2584 1093 2652 [Num

10 2628 22 2693 Ι
63 2656 109 2728 qui
123 2657 245 2711 nimium
262 2664 397 2719 moerent,
414 2656 577 2724 singultibus
594 2672 643 2708 ore
661 2655 744 2708 etiarn
761 2664 858 2722 aperto
875 2654 960 2707 verba
970 2653 1092 2704 reddere

64 2742 118 2785 nen
138 2733 260 2799 possunt.
302 2726 352 2777 Vel
374 2724 468 2787 hisco,
491 2725 537 2776 hic
558 2722 677 2792 loquor]
698 2750 734 2761 —
768 2729 828 2782 315.
856 2723 924 2774 Vico
949 2721 1092 2790 equidem}

63 2794 124 2863 [boc
139 2795 217 2849 enim
235 2801 264 2846 et
286 2793 337 2847 hos
355 2792 416 2861 (boc
434 2811 497 2844 cum
515 2792 610 2860 potho)
632 2792 781 2860 legendum
805 2800 859 2845 est:
876 2791 901 2857 *]
924 2807 957 2842 ao
980 2789 1002 2840 si
1019 2790 1092 2842 dics»

65 2870 118 2916 ret:
139 2863 163 2916 ei
186 2871 283 2915 tamen
303 2863 358 2914 vita
383 2870 437 2927 est,
465 2862 613 2919 infeliciter
636 2863 733 2914 vivore.
755 2889 790 2899 -
830 2866 892 2918 316.
915 2858 1001 2930 [Nam
1025 2876 1090 2909 vere

10 2902 23 2983 l
65 2933 154 2999 cides,·
173 2939 287 3013 propter
303 2931 384 2983 illud:
402 2949 503 2982 verane
521 2943 545 2982 te
556 2929 675 2999 facies?
692 2955 723 2967 -
761 2935 821 2988 317.
840 2928 920 2992 Heu;
937 2927 1092 2996 disiungen-

26 3013 30 3023 '
67 3002 129 3061 dum
159 3001 196 3054 ab
226 3001 459 3069 interrogatione,
489 3008 520 3050 ut
550 3000 701 3071 separatim
727 2997 850 3050 luctuosa
881 3013 929 3048 vox
957 2995 1092 3048 audiatm.

10 3060 26 3139 Ι*
68 3068 171 3135 corus,
187 3068 233 3122 liic
250 3076 374 3134 eventus,
389 3076 422 3119 ut
439 3072 481 3135 (t,
498 3067 585 3131 241.):
609 3068 663 3119 Tot
680 3068 794 3119 casibus
812 3078 897 3121 octos.
932 3063 1003 3116 Alibi
1020 3062 1092 3134 peri·

66 3139 162 3205 culumt
198 3135 342 3189 Deiectum
361 3140 480 3204 coniuge
498 3149 592 3203 tanto,-
616 3136 760 3204 Daphnos,
782 3154 833 3208 per
855 3134 1092 3204 comparationem
1144 3174 1147 3179 .

68 3207 186 3261 virorum
208 3204 341 3271 factum]
380 3206 508 3272 Excipit3
532 3206 637 3274 signate
659 3206 765 3256 locutus
788 3212 843 3269 est,
869 3203 934 3271 quia
959 3203 1092 3253 deiectam

10 3290 24 3329 .“
68 3275 181 3353 iuerat}
197 3274 378 3343 recipiuntur
391 3275 474 3340 enim,
488 3291 558 3341 quae
571 3273 724 3324 cadunt—
759 3279 820 3331 318.
838 3272 952 3338 Digna,
970 3284 1093 3337 congrua

10 3338 25 3369 ἢ
70 3352 95 3398 et
113 3346 201 3414 priori
225 3344 397 3397 conveniens.
414 3370 450 3381 —
484 3349 544 3400 319.
562 3341 692 3394 Hectoris
715 3341 923 3407 Andrornacbe3
947 3340 969 3390 si
986 3338 1093 3388 Andro-

10 3368 20 3503 Ι
72 3414 174 3482 nuche,
197 3412 374 3482 sequentibus
390 3412 488 3480 iunge:
512 3411 535 3461 si
552 3407 778 3476 Andrbmachen,
802 3408 996 3481 superioribus.
1029 3405 1094 3475 [Sed

10 3486 23 3543 i?
53 3479 127 3535 cuin
150 3500 234 3554 supra
251 3481 357 3532 Heleno
380 3478 496 3550 nuptam
512 3481 626 3546 dixerit,
649 3497 698 3532 our
715 3481 761 3532 hic
780 3479 910 3529 Hectoris
928 3473 1014 3529 dixit?
1038 3474 1092 3528 Sed

10 3546 21 3659 Ἰ
70 3553 120 3622 ipre
135 3553 326 3622 quaestionem
342 3551 429 3613 solvit,
443 3549 559 3600 dicendo
577 3548 777 3613 incredibilis]
812 3547 961 3599 Connubio
979 3562 1091 3609 servas,-

10 3668 13 3675 .
69 3627 154 3675 tenes:
185 3629 217 3673 ut
239 3626 282 3687 (7,
301 3618 352 3681 3.):
380 3618 415 3667 Et
439 3634 515 3667 nunc
539 3631 631 3669 servat
654 3618 744 3670 bonos
768 3619 858 3667 sedern
882 3628 949 3667 tuns
973 3618 1093 3682 ossaqui

10 3710 16 3745 t
69 3706 172 3743 nomen.
207 3691 273 3757 [Aut
289 3694 364 3740 certe
382 3687 464 3737 omis*
481 3688 589 3752 (amas),
612 3696 642 3738 ut
659 3688 702 3753 (G.
721 3692 752 3751 4,
769 3685 855 3748 459.);
879 3696 1032 3736 servantem
1052 3685 1090 3734 ri-

13 3758 19 3815 ’Ξ
69 3776 121 3829 pes.
159 3759 214 3808 Au‘t
230 3756 294 3824 quia
311 3755 436 3807 audierat
453 3764 568 3824 nuptam
581 3757 692 3808 Heleno.
727 3757 844 3819 Servus,-
862 3771 912 3825 pro
929 3753 1091 3806 servasti.-

16 3820 23 3834 '
69 3834 124 3885 320.
143 3828 256 3877 Deiecit
272 3826 397 3888 cultum
415 3825 560 3890 decenter,
577 3829 641 3893 quia
658 3826 693 3877 de
710 3824 858 3876 concubitu
874 3823 1016 3874 admonita
1032 3819 1092 3886 est]

55 3894 215 3960 Demisere,
241 3893 354 3956 humili,
378 3892 480 3960 [tenui;
499 3901 526 3943 et
543 3894 709 3959 verecunde,
731 3893 847 3961 quiade
864 3891 968 3960 Pyrrho
984 3891 1092 3942 dictura

53 3960 119 4032 est]
136 3993 171 4004 -·
208 3968 270 4020 321.
290 3962 316 4013 0
336 3961 425 4028 felir;
446 3960 529 4012 bene:
553 3965 615 4029 [nec
634 3963 668 4014 ad
685 3963 856 4029 interrogata
873 3958 1038 4026 respondit‚]
1063 3965 1092 4010 ot

67 4033 252 4107 virginitatem
275 4030 381 4097 laudat,
406 4037 433 4082 et
454 4038 589 4084 mortem:
613 4040 643 4084 ut
666 4031 790 4083 ostendat
811 4047 840 4084 se
863 4029 977 4083 invitam
994 4026 1094 4095 Pyrrhi
