2454 4500
134 268 171 309 ne
193 246 352 311 VIRGIL.
372 247 544 313 AENEID.
566 249 647 317 un
669 249 703 330 I,
727 254 919 324 tet-185.
1002 260 1057 325 39·

67 421 195 482 iuvenalis
226 435 276 499 (2,
300 431 390 494 103.):
421 431 568 498 Speculum
593 434 689 484 civilis
719 432 836 486 tercino
859 434 927 488 belli
954 430 1061 506 (qued,

67 510 113 550 —ece
135 495 288 568 bernerum]
304 528 339 539 -
374 506 435 560 181.
459 500 529 552 Late
545 504 629 568 petit,·
650 503 680 554 in
704 510 839 571 quamum
862 512 958 576 potest.
993 505 1040 558 Pe·
1121 546 1125 553 .

67 577 94 628 ⁰3
113 569 140 620 iu
157 570 286 640 pelagus,
309 570 464 637 ut(1,6.):
487 570 659 639 inferretque
677 572 742 624 deos
758 570 843 624 Lario
865 589 917 642 pro
940 573 969 626 in
987 574 1039 628 Le-

67 643 90 684 u
118 638 205 689 Antea
224 641 252 690 si
269 657 365 706 quem‚·
390 647 437 689 aut
454 640 522 690 ordo
540 647 581 692 est
597 640 723 693 ascendit
737 656 782 692 scu
804 641 878 692 ulum
895 643 1040 711 requisitu·

81 703 188 773 Anthea,
213 707 323 778 Capyn,
348 707 478 772 Caicum,
502 710 525 759 si
547 725 632 776 quem
656 709 753 761 videet.
811 717 902 762 tusus
926 713 1038 766 esthon

67 782 110 824 lere
123 776 283 843 locutionis,
307 792 362 843 quo
381 783 410 827 et
428 776 588 842 Terentius,
612 779 659 848 qui
676 779 743 830 dixit
760 779 853 845 (Andr.
872 785 903 844 1,
920 786 952 845 1,
968 779 1038 844 283:

70 842 94 891 od
112 846 234 912 plerique
259 844 361 896 omnes
372 844 499 910 faciunt.
549 847 633 916 Atqui
663 846 733 899 nihil
762 856 821 898 tam
851 848 1038 910 contrarium

69 914 199 965 reserum
242 914 353 966 enerale
378 922 433 978 est,
463 916 588 981 plerique
611 917 737 985 speciale.
785 915 862 968 (lrdo
891 933 959 985 ergo
982 923 1038 970 ests

67 980 93 1028 od
106 999 199 1035 omnes
212 931 332 1050 fizciunt
349 984 566 1048 adolescentuli,
595 998 625 1034 ut
642 989 771 1036 aeriorum
789 987 826 1035 ud
845 985 961 1054 aliquod
978 998 1038 1037 stu-

68 1066 88 1097 m
103 1052 262 1119 adiungunt
278 1052 404 1120 plerique
423 1069 507 1118 equos
526 1055 608 1118 alere,
624 1055 749 1123 plerique
767 1071 858 1107 eones.
894 1057 949 1106 Aut
961 1062 1037 1109 certe

67 1135 96 1166 em
111 1128 201 1187 vacat,
226 1122 405 1193 utsuperius
420 1120 484 1186 (18.)
515 1122 645 1187 diximus,
668 1124 733 1176 istas
755 1124 915 1192 frequenter
939 1140 1037 1177 meare

67 1188 148 1241 :inulas
171 1190 279 1256 (Gueli.
310 1190 370 1242 edd.
397 1190 524 1255 decere),
554 1199 584 1240 ut
614 1192 671 1260 ipse
695 1192 825 1261 Virgilius
854 1196 922 1310 ((0,
946 1191 1036 1256 861.»

70 1259 111 1308 ebe
135 1260 203 1325 diu,
229 1261 324 1310 res'si
343 1276 398 1325 quo
418 1259 469 1310 diu
496 1261 664 1311 mortalibus
689 1263 748 1312 ullo
773 1271 821 1311 est.
883 1276 946 1313 emo
969 1261 1037 1314 dicit

67 1344 87 1377 u
113 1329 187 1393 uilo,
217 1327 265 1378 scd
290 1331 318 1378 si
343 1329 411 1378 ullo.
454 1329 539 1380 Vacat
562 1344 630 1397 ergo
654 1327 727 1396 Quo.
768 1329 839 1382 Item
860 1328 890 1381 in
913 1329 1037 1386 Lucilio:

67 1413 133 1448 tuem
152 1396 329 1463 Pamphilum
348 1399 470 1464 quaeris.
507 1397 595 1465 Quem
613 1407 699 1450 vacat
733 1397 805 1451 Nam
818 1398 852 1450 de
869 1412 925 1449 uno
941 1398 1036 1479 loque·

67 1482 90 1517 r.
125 1466 210 1534 [Ergo
229 1468 256 1516 si
280 1484 360 1533 quem
385 1466 457 1530 vid,
480 1483 532 1535 pro
550 1469 578 1517 si
595 1469 650 1518 vid.
669 1466 773 1537 posuit,
796 1467 842 1518 cui
863 1473 1035 1520 contrarium

67 1535 141 1588 ebant
158 1543 262 1586 veteres
280 1536 402 1588 nullum:
419 1534 450 1586 Si
468 1552 547 1602 quem
566 1537 681 1603 vidisti3
700 1537 811 1587 nullum
829 1536 891 1587 vidi
907 1551 958 1606 pro
976 1552 1035 1592 non

67 1644 68 1650 ,
103 1602 175 1657 Sane
198 1603 301 1671 legitur
319 1613 348 1658 et
371 1607 398 1654 si
422 1622 495 1671 qun,
518 1613 550 1655 ut
573 1606 621 1657 sit:
644 1606 666 1656 si
690 1603 937 1673 quaeratione-
972 1610 1034 1663 182.

67 1673 157 1739 egram
183 1673 334 1729 Troianas:
358 1673 444 1725 Troia
467 1674 543 1727 enim
566 1674 596 1725 in
612 1674 706 1743 Frigia
727 1673 870 1744 provincio¹
890 1679 932 1724 est
947 1671 1034 1729 dicta:

67 1749 185 1793 tantem
208 1741 244 1791 ab
262 1743 360 1811 Aesopi
382 1743 441 1793 filia
459 1742 553 1810 Frigie
570 1740 702 1807 nomine]
737 1742 791 1810 (Et
813 1741 961 1795 verisimile
986 1748 1036 1810 est,

67 1827 121 1862 :am
143 1810 178 1861 de
203 1810 288 1876 omni
304 1811 351 1862 issa
373 1811 515 1882 provincia
538 1811 626 1863 socios
649 1810 755 1864 habere
777 1809 904 1879 potuisse.
944 1810 976 1863 In
992 1827 1035 1863 ee·

67 1895 87 1930 ,ο
113 1879 191 1931 enim
215 1879 256 1930 ait
280 1879 376 1947 (799.):
404 1879 534 1948 Undique
558 1897 723 1944 convenere,
748 1880 855 1929 animis
880 1879 1034 1947 opibusque
1116 1876 1119 1881 ’

70 1948 111 2010 ti.)
146 1948 287 2012 Biremes5
311 1965 393 2001 naves
417 1949 552 2000 hebentes
572 1965 716 2001 remorum
734 1947 1035 2016 ordinemgeminum:

67 2015 278 2084 tbi(5,119.):
304 2017 355 2069 Tri
375 2018 426 2068 lici
449 2020 535 2084 pubes
560 2034 645 2086 quum
663 2017 804 2070 Dardano
829 2033 911 2073 versu
935 2016 1035 2095 Impqi·

83 2085 128 2155 (al.
153 2083 294 2152 impulit.)
330 2035 467 2153 &uidam
494 2095 591 2139 tomen
614 2089 731 2138 biremes
756 2085 895 2138 numum
924 2092 1035 2161 tempus

67 2155 210 2206 udinese
234 2153 397 2220 Virgilium,
428 2164 575 2226 negantes,
605 2156 696 2209 Troiis
720 2154 892 2223 temporibus
916 2155 1034 2210 biremes

67 2243 87 2276 e.
124 2225 212 2276 Varro
231 2225 307 2276 errim
324 2224 377 2288 ait,
403 2233 463 2290 post
480 2225 584 2293 aliquot
600 2241 686 2277 annos
702 2224 825 2279 iuventas
842 2222 982 2287 biremes.)
999 2251 1035 2273 ψ

74 2294 111 2342 ln
128 2295 270 2360 puppibus
289 2309 368 2343 armo
389 2293 485 2355 Gnici3
507 2295 572 2363 quia
595 2293 785 2362 navigantium
808 2291 928 2344 militum
951 2290 1035 2360 [mos]

67 2361 106 2427 in]
123 2363 261 2433 puppibus
278 2378 358 2413 arma
375 2362 512 2430 religare,
535 2371 566 2413 ut
582 2363 649 2422 alibi
667 2367 727 2430 (10,
743 2360 810 2425 80.):
835 2358 932 2410 Pacem
952 2379 1034 2420 orare

67 2450 101 2496 u,
123 2431 278 2500 praefigere
302 2433 444 2497 puppibus
463 2448 551 2483 ormo.
588 2430 790 2499 [Fiebatquesi
830 2427 960 2496 ignatis:
985 2438 1034 2497 aut

67 2519 81 2552 a
104 2515 156 2570 pro
180 2499 323 2552 navalibus
347 2498 545 2567 armamentis,
568 2508 600 2549 ut
623 2497 764 2567 (5,15.):
813 2499 927 2564 elligere
952 2517 1034 2552 orma

67 2568 93 2634 t]
112 2595 146 2605 -
182 2571 244 2627 184.
263 2567 382 2632 Cervos;
412 2573 486 2620 cervi
504 2569 570 2620 dicti
587 2577 651 2623 sunt
668 2563 722 2620 ἆπδ
739 2562 795 2620 τ’ὤν
812 2564 948 2639 κεράτων,
973 2563 1034 2625 ise.

67 2639 169 2691 rnibus.
205 2636 353 2689 Sciendum
372 2646 467 2690 autem
484 2646 525 2693 est
542 2637 636 2703 etieim,
652 2638 752 2689 Latina
768 2637 883 2689 nomina
894 2636 1051 2694 Graecam.

67 2724 160 2776 imque
184 2706 383 2775 etymologiam
407 2708 541 2778 recipere.
576 2707 647 2775 [Alii
665 2709 765 2764 dicunt
781 2707 856 2774 quod
879 2705 953 2763 cervi
976 2722 1034 2760 non

74 2778 106 2827 in
125 2794 158 2829 ea
174 2783 254 2845 parte
271 2776 396 2844 Africae,
418 2777 466 2829 sed
488 2776 584 2833 fictum
607 2792 664 2833 esse
682 2776 773 2838 aiunt:
797 2773 916 2842 Quidam
934 2774 1035 2831 Cervos

70 2861 238 2914 quammque
262 2845 323 2896 fera
347 2845 434 2896 dictos
457 2845 604 2914 accipiunt.
644 2841 727 2909 Nam]
751 2843 845 2916 (codd.
869 2841 934 2911 sed)
958 2844 1035 2907 cervi

68 2915 180 2972 suntin
197 2912 337 2993 provincia
353 2913 558 2983 proconsulari,
582 2913 719 2981 adquam
742 2913 817 2964 venit
832 2914 946 2974 Aeneas.
980 2913 1035 2967 Aut

67 3002 90 3034 n
107 2999 180 3050 ergo
197 2989 239 3033 est
254 2984 406 3044 secundum
422 2983 563 3053 poeticum
579 2998 702 3041 rnorem:
725 2988 773 3034 eut
790 2982 825 3033 ob
849 2980 903 3033 hoc
921 2974 1034 3049 dictttin,
1130 3014 1133 3019 ·

81 3051 204 3104 heroicis
221 3052 393 3122 temporibus
418 3053 520 3120 ubique
547 3051 641 3110 omnia
666 3050 851 3108 nascebantur
867 3067 918 3120 per
935 3067 980 3114 se,
1003 3056 1035 3103 ut
1130 3050 1132 3058 '

66 3157 86 3188 „
104 3121 174 3184 39.),·
193 3121 296 3173 Omnis
309 3121 385 3190 feret
402 3125 498 3172 omnio
517 3121 609 3173 tellus.
646 3122 709 3188 (Aut
725 3126 839 3190 possunt
854 3127 920 3177 time
937 3118 1035 3180 fuisse;

72 3199 107 3248 ut
123 3190 218 3243 multis
235 3190 295 3241 aliis
312 3190 394 3256 locis,
417 3191 510 3247 variae
527 3188 694 3240 mutationes
710 3190 816 3250 iactae;
839 3186 904 3242 licet
920 3186 1034 3256 quidemr

67 3279 91 3310 rs
109 3275 162 3330 pro
182 3276 346 3327 quacunque
365 3261 426 3316 fera
444 3260 531 3310 dictos
549 3258 700 3326 accipient:
724 3257 789 3327 quie
806 3262 868 3325 post
884 3256 923 3306 ait
939 3254 1036 3324 (2·15·):

67 3341 154 3387 entur
166 3331 267 3389 ueteris
282 3328 387 3382 Boecbi
400 3331 572 3398 pinguisque
583 3325 707 3398 ferinae.
743 3325 816 3384 Nem
833 3323 906 3379 male
922 3324 1035 3393 quddam

67 3401 93 3451 le
111 3397 208 3453 vicinis
224 3397 318 3455 insidis
334 3400 523 3455 transfretasse
535 3396 665 3460 tradunt,
688 3402 717 3448 et
730 3393 794 3452 ideo
811 3405 944 3458 errantes,
961 3392 1035 3464 quod

67 3467 152 3537 gnotis
176 3467 243 3518 locis
265 3467 373 3529 essent.)
410 3467 550 3533 Prospicit
573 3477 714 3527 errantes,·
737 3469 886 3534 pascentes.
920 3462 956 3512 Ut
986 3463 1034 3530 (E.

67 3537 115 3601 1.):
135 3535 218 3587 Mitte
237 3554 311 3586 meue
330 3536 436 3587 Siculis
454 3548 550 3599 errant
567 3537 598 3587 in
617 3536 759 3592 montibus
777 3549 875 3600 agnae.
910 3530 952 3584 Re
969 3547 1035 3589 tere
1104 3552 1111 3563 ⁸

67 3632 71 3657 t
90 3603 161 3658 dum
178 3613 342 3676 pascuntur,
365 3614 506 3675 vagantur,
541 3606 577 3657 Et
599 3605 628 3656 in
652 3604 771 3724 septimo
789 3599 871 3671 (491.)
888 3600 922 3654 de
939 3615 1035 3656 cervo:

69 3678 121 3731 bat
143 3676 234 3727 silvis.
270 3675 307 3725 Et
330 3675 412 3740 alibi,
444 3691 510 3728 cum
533 3676 567 3726 de
592 3673 684 3725 colum
704 3673 726 3724 is
750 3672 857 3733 diceret
886 3668 1034 3735 (6,199.):

67 3758 147 3800 entes
175 3744 241 3794 illae
266 3756 376 3794 tontum
401 3745 513 3811 prodire
538 3744 668 3795 volando.
695 3768 729 3780 -
764 3745 823 3798 185.
849 3737 935 3802 Τοῖα,
960 3737 1037 3801 inter,

67 3835 83 3865 n
106 3822 136 3866 et
154 3831 234 3865 omne
251 3812 305 3865 hoc
322 3814 451 3878 interest,
476 3813 549 3881 quod
566 3824 655 3862 totum
672 3811 789 3871 dicirnus
813 3808 892 3859 unius
910 3808 1035 3877 corporis

67 3883 218 3935 tudinem:
242 3899 322 3933 omne
340 3883 374 3933 de
391 3882 523 3934 universis
540 3881 671 3945 dicimus,
694 3887 725 3931 ut
747 3886 813 3951 puta
832 3877 933 3929 Totum
950 3876 1034 3926 oudi-

67 3971 104 4004 ’,ιη
126 3953 209 4003 babet
225 3951 424 4017 scholasticos,
440 3952 494 4002 hoc
511 3959 565 4002 est:
607 3950 702 4001 lenum
718 3958 759 4003 est
775 3945 941 4000 auditorium
956 3945 1035 3996 scho-

67 4024 107 4077 ἠὲ.
146 4019 238 4074 Omne
257 4018 433 4074 auditorium
451 4019 534 4071 babet
550 3967 749 4087 sciolortieo's,
771 4018 790 4070 i.
807 4034 832 4070 e.
848 4013 942 4066 omnia
957 4012 1035 4064 audi-
