2454 4500
134 248 351 354 oviuou.
371 223 545 353 rudem.
567 285 648 351 us.
670 286 698 365 r,
712 288 917 369 vsit-stro
1000 293 1045 359 os

53 474 124 531 ione.
160 472 235 528 Nom
253 471 360 542 passivo
375 466 559 524 declinatione
569 465 681 529 -utimur
696 465 728 522 lu
739 466 1000 536 estivasignilicstio

64 543 220 597 hocloco:
254 542 337 623 [Cum
371 543 428 606 ipsi
451 541 595 605 praeimus
627 539 702 587 euim
726 547 793 587 tuno
821 486 1045 605 praevertimuldl
1106 540 1109 549 “

53 631 85 669 m.
100 620 196 666 autem
213 619 301 665 estivo
318 608 464 662 declinatio
483 614 537 671 est,
555 607 690 674 passivum
708 605 793 657 babet
807 606 1046 673 significationem,

52 701 58 736 :
80 684 128 734 ille
148 697 190 733 me
206 681 363 748 praevertit.
399 677 461 744 (Alii
479 679 666 742 praevertitur
689 675 727 724 sic
746 674 867 742 positum
884 674 991 740 volunt,
1014 684 1047 728 ut

53 758 67 816 l,
82 751 170 814 bedt
186 750 335 802 Bellontur
352 748 506 797 Amazones
525 747 622 807 armis,
640 760 690 810 pro
707 747 857 810 praevertit
874 751 903 795 et
919 742 1045 808 bellant.)

62 824 122 877 318.
142 817 288 898 Namque,⁸
307 823 338 867 ut
352 816 511 867 ostendatur
524 828 581 865 esse
594 811 723 864 venatrix.
757 811 786 860 H
788 815 892 862 umeris
906 814 938 862 ds
953 831 1045 878 merop

53 896 171 940 *nautum
193 883 317 950 sedicet]
351 883 499 947 Halilem5
523 890 619 947 aptum
644 881 726 944 sexui.
761 880 950 950 Unusquisque
967 881 1045 935 euim

53 972 107 1007 :um
125 953 213 1009 habet
231 972 283 1023 pro
301 953 403 1004 viribus
420 952 485 1008 suis,
518 950 682 1018 (Venonis,
705 948 804 1001 similis
821 950 967 1016 venatrici,
985 952 1002 1001 i.
1019 970 1044 1003 e.

53 1025 89 1078 usi
112 1025 250 1088 venatrix,
274 1029 305 1072 ut
328 1027 396 1085 (11,
413 1020 498 1081 648.)ε
529 1020 564 1068 Ar
588 1020 695 1068 medios
720 1019 793 1069 iuter
817 1021 913 1069 coedes
937 1020 1045 1071 exultat

53 1084 156 1156 razon.)
191 1093 294 1144 Comus
319 1090 494 1158 diffundere,-
517 1096 548 1137 ut
571 1087 781 1138 diffunderetur.
816 1089 925 1139 Graeca
949 1097 1045 1142 eruent

52 1178 99 1216 uro
116 1170 166 1216 est.
201 1162 245 1212 δίο
263 1156 330 1211 alibi
346 1161 388 1225 (6,
405 1156 492 1218 248.);
515 1156 631 1223 Argenti
649 1170 783 1223 magnum
802 1155 850 1207 dot
860 1157 939 1225 fem
957 1157 1046 1208 talen·

53 1245 78 1281 n.
114 1231 162 1298 (Et
177 1228 257 1296 (79.):
282 1227 326 1276 Tu
348 1229 400 1276 dos
418 1226 509 1293 epulis
527 1225 687 1275 occumbere
705 1223 840 1286 Divumt)
859 1226 930 1277 uude
948 1226 983 1274 da
1002 1226 1045 1278 δι’·

53 1317 72 1349 ἰ
90 1313 154 1349 ustis
172 1297 305 1361 obtinuit,
322 1295 396 1363 quod
412 1297 506 1346 lacere
523 1309 578 1344 uon
593 1292 741 1357 debemus,
758 1310 793 1345 ue
812 1294 865 1344 duo
882 1293 967 1346 rerba
983 1293 1045 1348 iun·

53 1379 123 1433 mus,
146 1365 200 1418 nisi
229 1365 260 1417 iu
285 1369 423 1430 poemate.
446 1386 483 1400 ·-
525 1370 585 1418 320.
611 1361 696 1411 Nudo
725 1379 815 1428 geuup
839 1362 946 1412 nudum
970 1378 1045 1432 genu

53 1435 124 1488 bens.
161 1434 197 1484 Ut
213 1433 237 1484 si
253 1432 342 1484 dieas:
359 1431 450 1484 lonus
468 1433 604 1481 animum.
641 1431 676 1480 Et
693 1438 734 1482 est
751 1431 858 1482 Graece
875 1431 979 1499 figura:
996 1433 1045 1487 sed

53 1521 133 1568 nea,
150 1500 238 1571 quam
256 1499 372 1555 diximus
389 1500 453 1553 fieri
472 1515 522 1567 per
541 1497 722 1565 participium
740 1499 883 1564 praeteriti
900 1502 1036 1569 temporie

64 1585 162 1622 ossum
188 1571 382 1622 accusativum.
417 1570 493 1620 Haec
516 1565 592 1621 euim
610 1583 660 1632 per
677 1582 781 1619 nomen
798 1568 842 1632 iit,
869 1573 992 1637 quamvis
1008 1539 1046 1623 od

53 1657 95 1692 um
112 1637 344 1707 significationem
361 1641 515 1690 recurrunt.
549 1635 636 1686 Sinus
654 1637 766 1688 collecta
776 1659 785 1700 ,·
804 1643 834 1687 ut
852 1639 951 1703 (229.):
969 1639 1044 1692 Ocu-

53 1727 55 1737 ·
78 1727 111 1760 su
140 1726 191 1758 uso
217 1706 368 1776 [nitentes]
384 1731 420 1743 -·
454 1711 514 1763 321.
540 1706 577 1754 Ac
602 1706 698 1770 prior,·
723 1701 805 1772 p'aulo
828 1714 891 1772 post
913 1708 1045 1775 sequitur,

53 1793 106 1843 eus,
143 1779 244 1844 inquit.
279 1773 359 1827 Heus
383 1788 456 1826 nunu
473 1771 634 1826 adverbium
651 1773 772 1825 vocantis
789 1780 847 1838 est,
870 1775 936 1827 alias
958 1777 1044 1837 ieter·

53 1845 90 1896 tio
107 1844 226 1897 dolentis
242 1843 316 1912 [est]
349 1844 386 1894 Ut
402 1847 437 1909 (7,
456 1844 542 1900 116.)ε
565 1841 645 1897 Heus
663 1845 746 1893 ctiam
773 1859 883 1893 mensos
901 1848 1044 1897 consumi.

53 1928 90 1980 ts,
113 1917 208 1980 inquit
232 1914 322 1964 iulus.
358 1910 522 1975 Errantem
547 1911 773 1979 investigantem:
799 1913 876 1979 (quia
899 1920 1045 1968 versotoret

53 1998 77 2032 m
93 1983 243 2047 vestigant,
268 1979 345 2050 spissi
368 1981 495 2032 videntru·
513 1997 617 2031 errare.
652 1980 785 2030 Sororum
793 2002 803 2045 ,·
828 1996 885 2032 nou
908 1989 1043 2052 tunquam

53 2061 77 2102 te
98 2049 209 2103 sit‘illis
232 2063 327 2116 soror,
351 2049 399 2101 sed
424 2056 456 2097 ut
480 2055 521 2099 est
543 2049 572 2099 iu
597 2049 801 2102 cousuetudine.
819 2073 854 2086 ·-
887 2059 950 2108 823.
975 2049 1043 2104 Suo·

53 2134 149 2184 sesam,
166 2119 338 2172 instructam.
376 2116 439 2180 Vel,
462 2123 493 2166 ut
510 2115 557 2168 alii
573 2117 682 2181 dicunt,
705 2115 735 2168 in
758 2117 871 2184 cingulo
887 2119 1043 2175 habentem

55 2197 171 2242 oretram
190 2197 218 2240 et
235 2187 345 2254 pellem.
371 2183 460 2250 (codd.
480 2196 505 2234 et
527 2203 547 2237 s.
568 2199 598 2235 ur
614 2187 760 2253 plerique.)
795 2185 961 2239 Mooulosoe
980 2190 1042 2258 lyn-

53 2276 72 2320 η
92 2254 226 2324 [epitheto
245 2254 333 2307 tribus
351 2254 440 2305 modis
459 2262 613 2320 ponuntur,
632 2263 679 2305 aut
696 2255 843 2320 laudandi,¹
863 2263 911 2307 avit
928 2258 1041 2312 demon·
1118 2313 1121 2319 ,

54 2327 128 2392 sudi,
145 2333 194 2378 aut
210 2321 396 2390 vituperandi,
414 2320 459 2373 hic
477 2323 633 2376 maculosae
650 2323 856 2374 demonstrandi
874 2323 935 2390 est]
968 2323 1042 2396 Lyn.

53 2410 127 2446 srex
150 2391 276 2462 Sophias
300 2394 366 2456 fuit,
390 2389 437 2460 qui
462 2390 575 2441 missum
599 2408 617 2443 a
641 2394 744 2444 Cerere
768 2391 988 2462 Triptolemum,
1010 2405 1042 2450 ut

54 2462 168 2515 minibus
191 2463 334 2514 srurneuta
360 2467 542 2523 monstraret,
565 2469 722 2527 susceptum
745 2459 880 2526 hospitio,
904 2472 935 2514 ut
958 2465 987 2516 in
1011 2481 1041 2520 es

53 2532 121 2584 renti
144 2527 293 2597 immenti]
319 2527 408 2597 gloria
432 2534 509 2580 tantu
534 2529 682 2595 migraret,
714 2530 877 2583 interimere
901 2533 1039 2600 cogitavit.

53 2615 155 2668 »quoru
171 2615 236 2652 rem
260 2597 333 2650 irata
351 2598 451 2660 Ceres,
476 2613 540 2648 euru
559 2597 695 2649 convertit
711 2599 739 2650 iu
758 2599 868 2665 lyncem
887 2601 979 2653 leram
995 2619 1040 2657 vo·

63 2667 175 2733 coloris,
198 2676 230 2718 ut
246 2668 305 2735 ipse
322 2666 415 2718 variae
434 2667 535 2717 urentis
553 2667 687 2718 extiterat.
721 2667 782 2718 Erit
799 2676 894 2720 autern
912 2672 1041 2726 nomino·

53 2753 76 2788 us
97 2737 165 2788 bose
190 2737 275 2803 lynx,
300 2741 332 2785 ut
355 2733 429 2797 Pan,
456 2734 542 2799 Tros,
567 2752 637 2802 quoe
659 2733 688 2786 in
714 2735 833 2804 genitivo
860 2753 913 2790 una
937 2741 1040 2808 syllaba

53 2814 138 2856 uelint.
157 2831 192 2842 -··
227 2808 289 2861 324.
314 2800 495 2870 spumantis5
519 2803 548 2854 i:
564 2822 586 2856 e.
609 2804 749 2871 spumosi,
774 2806 953 2872 participium
978 2807 1039 2860 loco

53 2875 126 2926 ruinis
151 2872 280 2940 positum.
323 2873 443 2922 Cursum
470 2872 590 2922 clamore
614 2878 778 2940 prementem
787 2896 796 2936 ,·
822 2873 1040 2945 [insequentem,
1121 2874 1124 2879 ’

62 2942 118 3010 ipse
142 2939 209 2999 alibi
234 2942 279 3005 (G.
299 2947 331 3005 3,
348 2939 435 3000 omi:
457 2942 601 3007 Ingentem
626 2941 750 2992 clamore
773 2958 886 3008 premes
910 2946 952 2997 eo
968 2947 1040 3001 retio
1092 2972 1094 2976 ·

53 3008 141 3076 vum]
174 3009 340 3076 Plerumque
359 3009 413 3058 duo
431 3008 536 3061 diversa
553 3010 581 3061 iu
601 3020 687 3065 uuum
706 3007 810 3062 exitum
832 3013 950 3079 eadunt,
973 3015 1040 3069 lieet

53 3080 143 3132 uraris
160 3078 328 3146 significent,
351 3085 382 3126 ut
398 3073 451 3127 hou
469 3078 537 3130 loco.
579 3078 697 3128 Vidistis
715 3077 807 3144 enim,
831 3080 915 3131 etiam
940 3083 975 3136 ad
993 3098 1039 3133 vo·

53 3165 70 3199 u
93 3145 226 3211 pertinet,
256 3144 330 3214 quod
354 3144 438 3197 etiam
457 3160 491 3197 ex
508 3148 616 3200 Aeneae
633 3147 813 3213 responsione
838 3147 983 3214 colligitur.
1003 3178 1039 3195 -·

53 3226 68 3275 i·
86 3219 196 3279 orsus,
213 3231 286 3266 nunc
304 3214 410 3280 coepit,
426 3214 587 3266 alias'liuiit.
616 3218 660 3275 ¹Ut
677 3223 732 3281 (12,
746 3215 831 3280 Seni:
849 3217 895 3267 Sis
913 3219 1039 3287 luppiter

53 3304 96 3348 us.
131 3285 183 3336 Sed
199 3282 255 3335 illic
273 3282 386 3350 proprie
404 3283 510 3348 posuit,
533 3282 583 3349 [et]
600 3282 645 3335 hic
663 3293 825 3352 usurpatum
844 3291 891 3337 est
927 3280 1038 3344 Proste-

53 3371 89 3406 un
107 3352 183 3407 euim
202 3357 243 3403 est
266 3350 453 3418 participium.
472 3380 508 3391 -
542 3357 603 3407 3'26.
623 3352 727 3404 Audito
755 3370 841 3420 neque
866 3357 946 3422 viso;
970 3355 1037 3412 hino

53 3425 139 3476 »batur
187 3419 364 3486 desuperius
382 3418 435 3470 hoc
452 3417 673 3486 interrogaverat
690 3423 787 3475 Venus.
824 3423 903 3488 (Sane
921 3427 1036 3491 quidum

53 3493 119 3558 lito,
136 3507 153 3541 a
187 3487 255 3539 illud
272 3503 451 3553 responsum:
477 3486 604 3547 Clamore
621 3505 805 3556 prementems
823 3492 858 3544 ad
875 3495 990 3547 vidistis
1007 3498 1037 3550 si

53 3578 106 3628 sm3
125 3573 213 3627 neque
231 3555 569 3621 uisa,responderit.)—-
604 3565 665 3615 327.
687 3558 712 3610 Ο
731 3576 815 3626 quom
835 3574 876 3626 ts,-
894 3566 1036 3628 qliaedes
1112 3616 1121 3627 ,

62 3628 184 3692 dubitat,
206 3642 272 3677 uam
297 3626 380 3676 deam
405 3641 463 3677 esse
480 3623 607 3676 confidit:
631 3629 658 3694 [o
677 3625 841 3695 dubitativa,
863 3631 930 3683 elias
954 3647 1035 3689 voca.

53 3717 66 3750 ι,
102 3698 207 3762 (Burm.
227 3694 362 3761 optativo)
380 3700 411 3743 ut
428 3693 472 3760 (G.
493 3699 517 3759 1,
536 3694 604 3755 trid:
620 3696 711 3759 Adsis,
729 3711 745 3749 o
764 3697 902 3764 Tegeaee,
919 3702 1035 3774 favens]

71 3771 133 3824 328.
151 3762 210 3815 Noe
234 3780 288 3813 vox
312 3762 451 3811 bominem
476 3774 574 3824 sonot;
600 3764 708 3830 Graeco
732 3764 821 3831 figura
844 3777 891 3820 est.
929 3769 955 3822 0
980 3773 1033 3824 deo

53 3849 89 3899 εις
115 3832 171 3899 (bic
190 3850 205 3883 o
222 3830 460 3899 distinguendum,
482 3839 513 3880 ut
539 3839 600 3897 post
616 3832 731 3886 inierat:
755 3832 805 3884 deo
825 3849 909 3903 certe,
934 3839 1032 3894 confir.

53 3922 82 3957 ns
100 3900 262 3969 opinionem
281 3914 375 3964 suam,
399 3898 437 3958 et)
454 3897 591 3951 conclusio
610 3907 650 3952 est
665 3901 830 3970 syllogismi,
852 3905 900 3973 qui
925 3918 1034 3963 constet
1107 3911 1115 3924 ‘

53 3968 257 4041 propositione,
273 3967 477 4032 assumptione,
493 3967 674 4022 conclusione.
710 3970 783 4024 Nom
802 3974 823 4026 si
841 3992 894 4026 nec
910 3993 959 4028 vox
977 3994 1030 4033 neo

53 4055 88 4092 ‚tu
104 4036 237 4092 mortales
249 4046 319 4102 srmt,
335 4041 429 4101 runt,
444 4040 476 4085 ut
489 4035 541 4108 deo
554 4036 596 4088 eit.
611 4062 646 4076 ·-
679 4043 740 4096 329.
759 4041 802 4091 An
817 4041 918 4096 Phoebi
931 4063 1029 4112 sororp
