2454 4500
119 274 155 319 u
170 236 336 361 ,maora
358 242 531 341 usuam,
550 196 630 310 ua.
644 247 698 320 rr.
721 248 915 337 seo-ms.
970 250 1037 349 ²⁸⁷.
1137 288 1142 304 .

54 461 57 486 ·
82 436 215 492 deficiens
237 436 326 509 accipi
349 435 443 489 volunt
465 435 691 503 more-antiqno,
713 432 783 485 sicut
800 432 961 500 delinquere
985 447 1036 502 pro

54 507 132 561 icere.
163 504 272 561 Caelius
283 506 477 558 historiarum:
494 501 664 571 Delinquere
673 502 859 572 frumentum,
872 501 1036 563 Sardiniam
1105 548 1109 559 ‚

54 589 100 628 ‘tes
124 589 224 628 unere.
269 572 397 626 Tubero:
425 571 500 625 Nom
525 573 600 624 delin
622 582 687 636 unt,
718 582 769 621 out
791 583 902 639 superet
924 570 1036 636 aliquid

54 647 75 712 ῖς
100 644 120 699 i.
142 663 183 712 e.,
203 640 314 697 defluat
336 649 384 701 aut
406 657 438 692 su
457 649 524 694 eret
564 641 607 693 Ge
631 639 670 690 'us
685 637 845 693 Annaliun:
868 637 1036 707 Deliquium

54 716 91 781 ts,
116 721 145 766 et
167 714 377 779 delinquimus
400 708 480 773 dimt3
505 709 579 779 quod
601 706 728 776 Virgiliru
752 707 798 775 (G.
817 717 849 774 ²,
866 707 951 769 taut:
981 706 1036 758 De·

54 795 96 833 :us
114 781 189 834 Solis
213 782 318 833 corios.
353 779 428 831 Nam
453 777 483 831 in
505 779 560 830 hoc
583 777 642 846 ipso
663 776 725 828 lucc
746 792 775 830 se
795 775 890 845 nitur]
906 802 940 815 -
974 781 1037 835 391.

54 850 331 971 5⁶¹'ll‘tflt‘lss'u
343 845 566 969 ‘tullii
584 844 768 985 iiiiii&
787 846 1036 968 etitem

54 938 154 1042 ainai
168 987 246 1040 Bene
264 947 360 1039 suteris
376 992 483 1039 excusat
499 952 626 1049 ienensi,
643 985 722 1049 pium
739 980 864 1047 diceudo,
881 998 947 1035 erun
963 983 991 1036 ei
1007 988 1036 1036 et

54 1055 123 1108 ritus
138 1055 200 1123 dat,
217 1062 245 1108 et
261 1053 381 1106 ostendit
396 1051 492 1105 solatia
508 1051 612 1104 dolenti
628 1051 696 1104 velle
713 1058 873 1122 praestare,
891 1057 919 1103 et
935 1052 1035 1123 probat

54 1123 180 1193 giorum,
209 1139 275 1176 cum
303 1119 422 1177 deorum
444 1121 600 1190 praeceptis
628 1126 773 1190 paret-
816 1124 878 1178 ³95.
901 1120 1035 1172 Animum

54 1192 178 1262 sj‘actus3
208 1208 276 1264 pro:
305 1189 432 1243 animum
458 1189 627 1242 labefactum
655 1187 768 1259 habens.
815 1187 932 1253 Amore,-
965 1206 1034 1242 num

56 1261 118 1313 ouis
155 1276 210 1331 quo
232 1259 280 1312 illa
302 1255 472 1327 flagranti]
486 1282 521 1297 -·
555 1261 616 1314 397.
636 1255 709 1306 Tum
731 1274 795 1308 vcro
815 1255 919 1309 Teucri
924 1281 935 1322 ,-
958 1258 1034 1328 regis

54 1329 121 1381 licet
152 1328 315 1398 praesentia.
348 1326 393 1378 Sic
416 1325 447 1378 in
470 1340 545 1378 nono
567 1326 660 1390 (73.);
686 1325 758 1376 Tum
776 1343 840 1378 uero
859 1327 1035 1393 incumbunt,

54 1408 84 1448 nt
106 1400 266 1466 praesentia
285 1395 387 1447 Turni.
421 1391 544 1463 [Liton3
569 1393 603 1447 de
625 1394 714 1447 litore.
751 1393 857 1462 Uncto,·
881 1396 945 1465 pice
967 1394 1035 1449 deli·

54 1464 89 1533 a.]
106 1488 143 1504 -·
176 1471 237 1525 399.
254 1464 279 1516 F
279 1466 479 1529 tendentesque
497 1464 615 1532 seruus,
638 1479 695 1514 non
713 1463 761 1530 qui
784 1470 881 1529 erant,
903 1464 952 1517 sed
969 1465 1036 1535 quia

54 1552 62 1587 ι
83 1542 245 1606 pomerani:
266 1542 298 1585 ut
319 1533 414 1599 (536.)ι
438 1530 517 1598 Quos
541 1548 591 1598 ego
610 1535 664 1582 sim
683 1533 785 1585 totiens
802 1534 861 1584 iam
879 1532 1032 1602 dedignata

54 1605 129 1655 ritas.
155 1601 259 1669 (Guelf.
277 1603 297 1653 1.
324 1601 400 1653 adu:
424 1599 569 1670 Quomodo
593 1601 677 1652 odero
695 1606 724 1652 et
747 1601 865 1651 audiam
890 1601 1034 1671 iungitur?

55 1671 118 1734 titan
134 1670 189 1723 sic:
212 1670 267 1740 Qui
291 1685 349 1723 non
372 1669 431 1721 lato
453 1676 571 1739 peremit
586 1668 670 1721 certis
686 1669 860 1741 temporibus
876 1686 973 1723 errare
991 1669 1032 1723 di-

55 1748 117 1806 tur,
145 1740 227 1793 certis
255 1734 357 1809 recipi;
386 1752 455 1805 ergo
482 1739 583 1801 adero,
612 1753 678 1788 cum
707 1737 884 1807 diuvixero,
906 1739 1033 1807 audiam,

55 1808 111 1860 ndo
127 1807 266 1880 recipior.)
282 1834 317 1845 -
351 1810 413 1864 400.
430 1804 526 1925 Fupae
544 1806 656 1870 studio,-
674 1804 771 1858 celeris
787 1806 978 1878 profectionis:
1002 1816 1034 1860 ut

59 1876 191 1942 3,201.)ε
207 1877 260 1928 Ille
277 1877 377 1927 volans
395 1877 470 1925 simu
499 1892 569 1926 aruc
581 1874 675 1944 juga,
692 1875 780 1925 simul
798 1893 919 1944 aequora
939 1878 1033 1933 verrit.

55 1944 206 2009 fabricasm
224 1945 296 1998 bene
314 1960 440 2015 expressa
458 1950 498 1994 est
510 1943 649 1996 festinatio
662 1943 792 2012 riuvigare
807 1943 1034 2012 numentum]-

55 2050 61 2065 .
81 2013 206 2079 cernas,-
230 2015 346 2066 honesta
369 2012 472 2082 figura,
494 2011 518 2064 si
540 2027 604 2065 rem
620 2012 721 2064 tertiae
739 2027 873 2083 personae
890 2013 920 2064 in
937 2029 1033 2069 sccun-

55 2099 64 2133 a
88 2083 207 2135 referas:
231 2090 263 2133 ut
286 2084 313 2133 ri
337 2085 402 2147 quir
426 2093 529 2131 cernat
547 2107 599 2129 -2
615 2083 677 2138 402.
696 2080 857 2146 Formione,
882 2082 973 2149 (adeo)
997 2080 1033 2136 ad

55 2151 121 2202 tium
137 2151 250 2220 respicit
265 2149 359 2218 [haec]
376 2151 546 2231 comparatio
563 2150 616 2201 hoc
639 2149 716 2215 loco,
739 2150 807 2218 [uon
825 2151 860 2202 ad
877 2149 1034 2219 personam]

54 2220 205 2285 nomadum,
220 2220 358 2272 cautelam
375 2218 492 2289 exprimi
508 2235 558 2289 per
576 2218 647 2271 hanc
662 2220 906 2288 comparationem.
943 2221 1032 2274 Hora·

67 2287 166 2355 (Serui.
185 2296 216 2354 1,
235 2287 349 2353 1,33.):
368 2287 490 2339 Parvula
509 2304 575 2337 nom
593 2288 714 2354 exeinplo
734 2300 775 2339 cst
793 2292 890 2358 magui
901 2288 1033 2357 formica

55 2358 132 2409 iris..
152 2355 286 2410 Iuvenalis
311 2362 354 2423 (6,
371 2355 456 2418 361.);
478 2356 610 2407 Formica
635 2357 745 2407 taudem
764 2360 880 2425 puidam
899 2375 1032 2426 expauere

55 2429 146 2492 (istra.
181 2424 251 2477 Sane
269 2425 397 2494 formica
414 2425 487 2477 dicta
503 2433 545 2478 est
560 2425 596 2493 ab
614 2439 647 2475 eo
664 2425 738 2492 quod
752 2426 825 2494 [ore]
849 2429 939 2478 micus
955 2428 1031 2496 ferat

55 2494 118 2561 ris);
144 2494 198 2563 [vel
214 2494 306 2562 aliquo
323 2494 407 2545 modo
425 2511 442 2545 a
459 2493 573 2546 Graecis
589 2494 743 2545 derivatum
760 2503 815 2560 est,
831 2512 916 2565 qrram
933 2503 1031 2548 vocant

55 2582 138 2630 μηκα.
171 2563 215 2616 De
238 2579 293 2631 qua
315 2563 409 2614 fabula
432 2563 494 2614 talis
519 2569 573 2614 est:
595 2563 627 2612 In
643 2564 732 2615 Attica
754 2565 870 2633 regione
892 2565 1030 2634 quaedam

55 2633 89 2685 lla
106 2632 225 2699 Myrmix
250 2631 363 2684 nomine
385 2631 452 2695 fuit,
475 2631 617 2683 Minervae
634 2631 671 2681 ob
688 2633 880 2685 castimoniam
904 2641 932 2685 et
948 2634 1032 2688 soler·

55 2718 67 2752 ι
84 2700 201 2765 dilecta,
224 2716 296 2769 quae
312 2708 405 2770 postea
425 2699 557 2751 hocloco
573 2698 716 2751 Minervae
734 2701 762 2752 in
781 2718 809 2753 se
827 2701 921 2753 odium
939 2703 1029 2754 conci·

55 2778 70 2821 t.
104 2768 233 2837 Namque
250 2785 315 2818 cum
332 2767 440 2819 vidisset
456 2767 582 2819 Minerva
599 2769 736 2820 Cererem
758 2777 866 2837 segetes
888 2772 1031 2838 invenisse,

55 2853 88 2890 ns
118 2836 179 2905 ipsa
209 2838 351 2890 ostendere
375 2836 470 2888 Atticis
493 2851 549 2904 quo
579 2836 730 2906 expeditius
752 2846 858 2907 segetes
890 2847 1031 2910 parerent,

55 2919 124 2958 rum
141 2905 241 2957 dicitur
258 2906 392 2958 invenisse
409 2903 483 2973 quod
500 2919 565 2954 cum
583 2920 669 2956 manu
686 2913 797 2973 ageret,
820 2914 849 2959 et
864 2909 985 2978 Myrmix
1003 2909 1031 2962 ei

55 2981 175 3040 sereret,
204 2990 270 3026 aissa
295 2983 335 3028 est
359 2972 465 3024 occulte
491 2973 576 3024 aratri
600 2971 697 3024 stivam
721 2975 879 3047 subripere,
903 2985 931 3029 et
954 2976 1029 3046 apud

55 3044 124 3095 sines
147 3059 177 3096 se
200 3043 304 3096 iactare
327 3043 528 3094 infructuosum
552 3058 610 3096 esse
633 3041 744 3095 Cereris
766 3059 881 3110 munus,
903 3044 956 3098 uisi
979 3061 1028 3096 auo

57 3118 141 3165 entur
163 3111 290 3176 invento,
321 3126 376 3179 qno
398 3118 475 3163 terra
497 3117 592 3162 aratro
614 3110 736 3164 resoluta
758 3112 908 3181 expeditius
932 3114 1030 3179 ederet

56 3190 114 3243 tau,
138 3180 293 3260 quodcum
310 3178 452 3249 proditum
469 3195 552 3246 aegre
576 3179 681 3231 tulisset
696 3172 837 3246 Minerva,
859 3181 1027 3250 Myrmicem

56 3248 224 3317 uvirgmem
247 3249 276 3300 iu
300 3247 450 3300 formicam
475 3248 625 3313 convertit,
652 3260 770 3318 eamque
793 3258 824 3302 ut
846 3250 1028 3320 proditricem

56 3333 138 3370 usam
168 3316 314 3369 frumentis
339 3333 410 3385 quae
439 3332 552 3396 semper
575 3314 729 3384 insequitur
752 3326 780 3370 et
801 3317 935 3386 subripit,
969 3336 1028 3375 essa

56 3386 150 3456 oepit,
172 3401 303 3452 quaeres
320 3401 386 3436 cum
401 3384 457 3436 Iovi
474 3385 682 3438 rn1serationem
698 3386 841 3452 movisset,
857 3389 1028 3458 excogitavit,
1095 3419 1101 3433 ι

56 3453 229 3507 nadmodum
262 3454 397 3507 formicae
429 3453 566 3506 honorem
594 3454 679 3505 daret.
729 3454 802 3506 Nam
833 3472 898 3507 cum
929 3459 1025 3510 lacum

57 3523 92 3586 c.)
107 3523 196 3573 filium
213 3539 293 3574 auum
316 3539 347 3575 ex
364 3521 469 3590 Aegina
485 3529 640 3593 susceptum
657 3521 792 3576 Thessalis
807 3523 966 3594 imponeret
980 3545 1025 3581 re·

63 3630 72 3658 ,
89 3601 118 3644 et
135 3607 215 3661 agros
232 3591 305 3660 ipsos
323 3591 427 3643 videret
442 3590 602 3642 hominibus
619 3590 760 3658 indigere,
783 3593 913 3647 formicas
931 3595 1025 3665 colligi

56 3677 126 3713 num
143 3661 235 3726 iussit,
257 3677 357 3730 easque
380 3660 410 3712 in
426 3657 552 3712 homines
569 3660 762 3727 commutavit.
785 3663 857 3715 uude
874 3664 1026 3732 Myrmido-

56 3729 187 3810 appellati
205 3727 286 3794 sunt]
320 3729 420 3780 Farris
427 3751 436 3792 ,-
462 3729 552 3780 solum
575 3745 677 3781 nomen
696 3737 752 3792 est,
776 3732 849 3798 quod
870 3751 883 3782 r
901 3730 1025 3800 geminet

56 3798 166 3852 emtivo.
200 3798 367 3850 Monadicon
392 3812 460 3864 ergo
484 3804 540 3863 est,
563 3797 633 3849 sicut
649 3797 703 3849 Sol.
739 3799 811 3851 Item
834 3816 898 3864 ror,
921 3802 1025 3868 cordis,

56 3867 123 3918 nin
138 3866 183 3916 dis
197 3866 282 3916 mittit
293 3866 453 3936 genitivum.
487 3868 557 3919 Item
571 3886 584 3917 s
598 3869 721 3934 geminat
734 3884 775 3934 as,
789 3871 872 3919 assr's.
906 3866 943 3919 Et
956 3869 1025 3922 haec

56 3943 87 3988 nt
100 3934 280 4003 exemplis.-
314 3938 376 3992 403.
396 3935 463 3986 Cum
476 3937 612 4004 populant
619 3960 628 3998 ,·
646 3935 758 4003 antique
770 3935 844 3988 dixin
879 3936 951 3988 Nam
969 3939 1024 3990 hon

57 4019 108 4060 um
131 4002 205 4074 apud
220 4011 325 4059 veteres
344 4004 464 4059 actimm
487 4006 555 4072 fuit,
578 4021 652 4058 nrmc
676 4010 786 4061 tantum
810 4005 952 4076 deponens
973 4013 1022 4061 est.
