2454 4500
824 234 827 243 ι

112 277 121 285 -
165 214 174 282 3
196 228 233 330 a
253 269 411 337 vmou.
433 269 607 337 aauaio.
629 216 710 333 ana
735 270 810 347 vu.
826 230 934 342 Η.
1024 276 1090 341 411
1117 331 1120 335 .
1180 350 1181 359 Ν

50 450 1086 528 w

116 1263 121 1269 1
200 1152 203 1157 ’
261 1180 423 1252 naum
452 1177 610 1271 saavu
635 1173 891 1271 uouoaan

353 1413 357 1418 ,
458 1322 697 1443 cainiana
823 1393 828 1419 .

51 1566 589 1701 mumolum
656 1501 1146 1658 Aaumnos

267 1899 271 1909 ,
347 1870 350 1877 ι
407 1833 589 1951 maa.
646 1835 751 1924 vu.

484 2102 671 2116 m

20 2367 29 2391 ¹
128 2368 176 2422 Uti
193 2372 221 2421 et
236 2354 267 2419 in
283 2363 423 2437 principio
440 2362 572 2429 diximus,
587 2362 619 2423 ia
636 2361 703 2435 duas
720 2371 815 2432 partes
830 2364 887 2420 hoe
903 2383 971 2438 opus
987 2371 1028 2438 (V.
1045 2386 1107 2426 cor-

58 2439 122 2513 pus)
139 2437 257 2497 divisum
280 2442 328 2488 ast.
368 2434 442 2485 Nam
466 2433 551 2501 primi
572 2448 620 2497 aex
643 2434 679 2495 ad
703 2434 860 2503 imaginem
883 2435 1014 2506 Odyssiae
1039 2439 1106 2494 dicti

57 2517 138 2564 nant:
170 2522 239 2577 quos
269 2518 454 2587 personarum
483 2510 511 2554 et
534 2501 734 2556 allocutionum
758 2505 892 2558 varietate
916 2517 1025 2562 constat
1048 2527 1106 2564 esse

57 2578 221 2652 graviores..
242 2576 279 2626 Ha
302 2581 397 2625 autem
419 2587 465 2624 sex
481 2571 518 2623 ad
539 2570 694 2638 imaginem
710 2573 801 2627 Iliadis
826 2575 893 2627 dicti
910 2584 988 2644 sunt,
1011 2578 1107 2646 quiin

57 2645 181 2717 negotiis
204 2643 351 2697 validiores
375 2644 445 2692 sunt.
484 2640 559 2690 Nam
583 2647 612 2692 et
633 2640 693 2712 ipse
718 2641 772 2693 hoc
795 2643 862 2695 dicit
885 2645 980 2712 (45.).·
1004 2647 1106 2700 Maius
1195 2660 1200 2669 “

24 2720 36 2731 “
60 2734 133 2786 opus
160 2710 327 2778 laevem-*et
351 2727 384 2762 re
408 2724 473 2761 vera
497 2708 638 2788 tragicum
662 2725 731 2830 offis
755 2719 811 2776 est,
833 2712 883 2763 ubi
907 2721 1016 2768 tantum
1034 2717 1106 2770 bella

57 2791 227 2845 tractantur.
247 2807 281 2819 -
316 2785 342 2838 1.
361 2777 404 2828 Tu
432 2795 558 2846 quoque,-
585 2785 657 2828 aeut
714 2780 818 2845 senus,
842 2781 985 2836 Palinurus
1010 2786 1105 2838 etiam.

59 2855 195 2917 Nostris,
213 2845 477 2920 [bocest]1taliois:
495 2853 526 2896 ut
543 2845 589 2904 (G·
607 2855 640 2911 2,
657 2848 726 2911 89-l:
753 2848 821 2900 Non
840 2851 935 2902 eadem
953 2855 1107 2907 arboribus

59 2924 163 2995 pendet
179 2920 324 2971 vindemia
343 2917 457 2967 nostris.
494 2914 573 2978 Non,
596 2921 628 2963 ut
645 2914 770 2968 Donatus
788 2918 840 2984 ait,
857 2920 905 2988 [in
922 2925 1107 2994 comparatio·

60 3009 129 3051 nem
154 2986 275 3055 Oceani]
298 2983 509 3053 navigabilibus.
550 2983 656 3033 Aeneia
682 2989 799 3052 nutrix,-
822 2987 895 3040 hanc
919 2989 968 3042 alii
990 2993 1109 3058 Aeneae,

19 3107 23 3110 .
61 3061 111 3115 alii
129 3059 266 3122 Creusae,
290 3055 338 3107 alii
353 3053 467 3106 Ascanii
478 3051 619 3104 nutricem
634 3053 738 3106 volunt.
771 3054 890 3109 Lectum
906 3065 1004 3113 tamen
1021 3069 1063 3114 est
1077 3061 1109 3114 in

60 3126 215 3190 Philologis
237 3125 268 3177 in
291 3124 345 3176 hoc
369 3123 430 3174 loco
454 3121 571 3173 classem
589 3121 777 3175 Troianorum
801 3142 867 3177 casu
890 3138 1108 3183 concrematam.

61 3198 144 3252 Unde
163 3196 260 3247 Caieta
285 3192 376 3262 dicta,
399 3187 455 3245 ἀπὸ
472 3185 523 3244 τοῦ
540 3191 634 3247 καίειν.
653 3217 688 3228 -
730 3199 755 3249 3.
775 3191 874 3246 Servat
880 3219 890 3260 ,·
914 3203 1007 3261 tenet,
1024 3200 1109 3266 possi·

62 3269 131 3337 dat·g
150 3273 182 3316 ut
199 3263 245 3333 (G.
261 3266 294 3326 4,
310 3260 398 3320 459.);
424 3261 585 3312 Servantem
603 3262 699 3327 ripas,
717 3262 776 3321 ulta
797 3281 854 3315 non
872 3266 946 3317 vidit
964 3269 996 3318 in
1014 3266 1109 3320 herba.

62 3330 194 3404 Μαςηαξ
212 3333 248 3384 ad
263 3329 413 3396 Hispaniae
430 3328 635 3381 discretionem.
652 3354 687 3366 -
721 3333 747 3387 4.
765 3330 798 3382 Si
815 3349 871 3399 qua
889 3345 931 3385 est
947 3352 980 3386 ea
997 3337 1111 3405 gloria,-

62 3399 394 3471 seeundum'Epicureos.
428 3398 504 3465 Bene
521 3404 617 3449 autem
640 3397 758 3451 interest
774 3401 883 3466 funeri,
909 3398 1057 3474 postquam
1075 3405 1112 3458 ab

63 3472 165 3528 inferis
187 3470 285 3524 rediit:
307 3467 377 3518 sicut
400 3465 528 3519 interfuit
550 3474 702 3536 antequam
720 3469 915 3537 descenderet,
938 3479 969 3522 ut
985 3473 1112 3527 medium

64 3550 163 3596 actum
186 3537 352 3591 ostenderet.
375 3564 411 3574 -
451 3540 478 3593 6.
504 3533 665 3602 Quaerunt,
688 3537 798 3590 Hebrus
824 3538 932 3606 (Acron
956 3541 1112 3606 Helenusil

66 3612 202 3682 quierant
217 3606 293 3676 legit.
312 3630 347 3644 -
381 3613 407 3662 7.
427 3604 531 3656 Tendit
549 3606 601 3656 iter
621 3605 709 3672 velis,·
733 3607 800 3679 quia
818 3615 903 3677 prout
920 3609 981 3662 vela
1000 3619 1112 3666 extensa

65 3675 245 3743 maincia
262 3674 348 3727 etiam
365 3691 460 3725 cursus
478 3674 642 3740 extenditur,
658 3674 689 3727 in
707 3693 762 3744 quo
779 3677 854 3728 navis
872 3684 912 3729 est
928 3677 991 3732 iter.
1065 3697 1112 3733 am

40 3749 108 3802 'ait
130 3761 231 3814 supra:
252 3744 343 3796 Flecte
367 3745 444 3794 viam
470 3742 563 3809 velia]
595 3743 633 3794 Et
657 3744 732 3797 aliud
757 3753 799 3798 est
821 3748 875 3796 iter
892 3746 958 3798 velia
981 3755 1029 3802 teu
1049 3768 1112 3803 ers:
1202 3780 1204 3785 >

65 3815 144 3870 aliud
169 3831 219 3884 per
243 3813 302 3867 vela
327 3809 395 3866 iter:
430 3811 467 3863 Et
489 3809 569 3862 multi
586 3811 684 3864 dicunt
704 3813 860 3885 improprie
884 3814 1006 3882 dictum,
1028 3819 1112 3872 multi

67 3878 191 3940 nimium
213 3881 336 3954 proprie.
372 3880 487 3932 Constat
509 3889 604 3932 tamen
628 3883 782 3938 secundum
806 3881 874 3934 illud
891 3883 1012 3951 dictum,
1057 3887 1113 3938 ucd

67 3955 109 4011 ait
131 3968 216 4018 supra
239 3956 287 4016 (5,
304 3949 376 4013 28.):
400 3948 491 4000 Flecte
516 3951 593 4000 viam
617 3951 697 4011 velis.
735 3950 816 4018 Quod
840 3951 862 4001 si
880 3951 1015 4018 dicimus,
1036 3904 1113 4008 benc

68 4021 210 4096 procedit:
227 4019 262 4072 Et
279 4019 360 4071 tende
378 4020 454 4070 viam
472 4016 560 4083 velis,-
578 4026 610 4071 ut
625 4019 656 4073 in
672 4018 738 4091 ipsis
756 4018 820 4072 velia
835 4019 909 4073 ratio
926 4022 962 4072 sit
980 4022 1060 4076 vitea
1078 4049 1114 4062 -
