2454 4500
69 320 72 325 -
143 307 180 346 m
202 280 361 348 vmou..
385 260 557 350 aunam.
579 288 661 381 un
688 288 771 364 vm,
794 248 961 359 rs-us
1009 298 1075 363 453
1135 368 1138 377 ,

32 470 72 524 ad
92 484 176 521 omne
193 482 279 538 genus
304 469 385 522 etad
402 485 516 522 omnem
539 487 687 525 numerum
711 460 864 543 referrent,
889 484 920 528 ut
942 475 1073 531 hocloco

30 555 127 609 genus
151 538 318 589 femininum
335 547 363 590 et
380 539 514 608 pluralem
537 557 688 594 numerum
704 542 808 608 posuit,
832 560 896 595 cum
919 545 985 617 altpt
1002 563 1072 597 mas·
1101 570 1103 575 ¹

30 608 161 658 culinum
185 614 213 657 et
236 605 405 674 singularem
429 611 551 677 posuerit
574 615 616 689 (1,
633 607 683 671 6.).·
710 609 805 661 Genus
831 614 903 662 unde
927 611 1073 680 Latinum,

55 675 111 726 uod
134 674 240 744 plenius
264 674 294 724 in
318 675 396 726 initio
413 676 500 742 primi
522 676 588 728 libr1
604 675 738 730 Aeneidos
755 679 870 738 dictum
883 680 941 746 est]
959 707 993 720 -·
1027 681 1071 740 72.

30 695 136 809 iupus
155 762 170 794 o
189 743 300 810 genitor
317 760 381 794 cum
399 746 542 812 flumine,·
566 746 605 796 sic
632 747 708 798 enim
723 746 863 799 invocatur
880 749 909 800 in
926 750 1069 830 precibus:
1148 764 1151 771 “

32 813 152 876 Adesto,
178 811 325 877 Tiberine,
350 830 413 862 curn
438 815 496 864 tuis
522 815 616 864 undis.
652 814 778 866 Tiberim
802 818 865 866 vero
889 817 937 868 alii
960 836 977 874 a
1000 835 1068 887 rege

30 881 219 948 Aboriginum
243 880 350 935 dictum
372 881 466 932 volunt
489 884 536 950 qui
559 882 633 932 iuxta
656 883 790 934 dimicans
813 883 996 955 interemptus
1020 895 1068 945 est.

30 949 89 1002 alii
110 949 146 1000 ab
169 964 202 1000 eo
227 964 294 1015 rege
318 949 367 1015 (L.
384 949 419 1000 R.
444 951 478 1000 ab
504 952 631 1017 origine3
656 952 686 1003 V.
705 953 740 1002 ab
766 953 876 1019 origine
904 970 980 1020 regn
1007 957 1068 1010 Vos.

31 1016 129 1068 Guelf.
145 1018 165 1068 l.
183 1035 200 1066 a
218 1015 310 1082 Rege‚·
328 1017 419 1069 Guelf.
438 1019 472 1069 ¹11.
490 1020 525 1069 ab
545 1019 625 1086 rege),
642 1034 726 1086 quem
743 1020 863 1071 Glaucus
879 1021 981 1075 Minois
997 1022 1068 1074 filius

32 1085 163 1137 initalia
184 1085 334 1136 interemit
370 1085 438 1151 Alii,
460 1087 533 1139 inter
558 1103 625 1156 quos
649 1094 676 1138 et
692 1087 799 1156 Livius,
822 1088 857 1138 ab
874 1082 1068 1160 Albinopum]
1099 1132 1103 1141 .

30 1169 104 1222 rege
122 1153 215 1222 quiin
232 1168 297 1205 eum
313 1153 420 1205 cecidit.
436 1181 472 1196 -
505 1163 549 1213 73.
569 1157 664 1206 Arcete
683 1157 857 1221 periclis'5h
894 1159 998 1227 onage,
1015 1164 1067 1230 pro'

30 1241 52 1272 α
82 1239 122 1272 me
145 1220 286 1288 prohibete
309 1222 445 1287 pericula.
462 1251 497 1260 —
531 1228 574 1281 74.
600 1223 663 1290 Quo
688 1236 713 1275 te
738 1241 846 1291 cunque
882 1243 953 1279 acus
976 1239 1064 1294 tenet;
1135 1222 1138 1236 '
1168 1277 1171 1286 ,

31 1293 119 1342 lucus
134 1298 176 1342 est
192 1290 332 1357 quoddam
348 1285 457 1343 lhtentis
473 1291 562 1343 adhuc
580 1308 668 1360 aquae
683 1293 904 1362 receptaculum,
928 1303 956 1347 et
977 1295 1067 1346 dictus

30 1361 111 1412 lucus
128 1357 205 1426 quasi
222 1360 343 1409 lacuna.-
368 1375 399 1411 ex
422 1376 477 1426 qua
501 1370 648 1428 erumpens
672 1376 744 1431 equa
766 1361 850 1414 efficit
867 1363 993 1431 fontem:
1018 1364 1070 1432 qui.

30 1434 102 1479 cu'm
118 1426 206 1480 fluere
223 1428 360 1494 coeperit,
385 1429 493 1478 alveum
511 1430 598 1480 facit.
619 1428 696 1481 Unde
714 1429 768 1482 tria
784 1429 836 1481 ista
853 1431 935 1481 disits
963 1430 1066 1494 licum,

24 1497 156 1566 sontem,
180 1497 298 1547 alveum.
331 1496 390 1546 Hoc
414 1497 490 1547 enim
513 1504 565 1549 est:
592 1495 763 1567 Quocunque
780 1499 840 1549 solo
858 1499 1066 1566 pulcherrimus

31 1567 114 1630 exis5
132 1579 291 1634 quanquam
308 1563 389 1614 multi
404 1564 457 1615 hoc
477 1581 556 1616 versu
572 1567 791 1635 superfusionem
810 1566 866 1617 eius
883 1567 966 1622 velint
982 1569 1066 1636 signi-

29 1633 121 1685 ficari.
154 1634 219 1685 Ideo
236 1640 332 1686 autem
355 1633 425 1684 haec
441 1634 507 1684 dixit
523 1635 642 1698 Aeneas,
664 1634 729 1702 quia
752 1633 891 1760 cupierat:
918 1634 975 1686 Hic
993 1636 1066 1689 mini

32 1718 141 1769 magna
157 1703 258 1752 domus
277 1702 360 1752 celsis
378 1714 462 1766 cpput
480 1703 597 1753 urbibus
615 1703 680 1753 exit.
697 1726 732 1741 ·-
772 1711 789 1759 7
808 1740 814 1752 .
833 1702 943 1770 Semper
960 1704 1065 1758 honore

31 1788 113 1832 meo;
126 1769 346 1889 p{amphiboliam
368 1768 455 1834 facit]
487 1769 556 1822 Satis
580 1768 697 1837 [nutem]
712 1772 817 1824 Aeneas
840 1773 886 1840 pie
911 1772 1064 1839 pollicetur,
1168 1828 1170 1833 ,
1200 1835 1201 1839 ¹

30 1855 102 1890 cum
144 1838 236 1890 'iberis
260 1838 413 1890 verecunde
442 1840 606 1908 poposcerit.
647 1840 692 1889 Ait
720 1854 841 1906 namque
866 1839 956 1906 (61.):
986 1839 1064 1891 Mihi
1113 1904 1116 1909 ι
1144 1900 1147 1909 Ι

30 1911 126 1960 victor
147 1907 280 1959 honorem
297 1906 446 1959 Persolnes.
464 1933 497 1944 -—
531 1915 575 1963 77.
588 1905 746 1974 'Cor‘niger5
772 1907 889 1960 flumina
912 1908 974 1958 ideo
999 1924 1064 1961 cum

29 1975 164 2028 cornibus
180 1977 349 2044 pinguntur,
370 1975 425 2026 sive
443 1974 516 2042 quod
533 1974 672 2043 mugitum
692 1976 776 2025 boum
793 1975 917 2027 imitatur
935 1992 1063 2041 murmur

29 2045 185 2096 undarum:
201 2043 256 2095 sive
273 2044 348 2111 quod
364 2043 528 2110 plerumque
545 2044 575 2094 in
591 2058 729 2095 cornetum
745 2043 953 2096 similitudinem
970 2061 1064 2096 curva·
1158 2068 1159 2071 ¹

28 2122 74 2165 tas
91 2113 231 2164 cernimus
247 2111 330 2180 ripas.
365 2111 552 2179 Hesperidum
571 2123 702 2178 regnator
719 2129 875 2178 aquarurn,·
898 2112 970 2164 bene
987 2113 1067 2167 addi.

29 2182 74 2233 dit
90 2180 292 2248 Hesperidum,
314 2179 333 2231 i.
350 2186 387 2234 e.'
398 2180 564 2232 Italicarum.
600 2179 673 2230 Nam
689 2180 824 2232 Eridanus
847 2196 895 2232 rex
912 2189 953 2232 est
968 2180 1061 2232 flumi-

29 2266 103 2303 num
131 2248 296 2319 Hesperiae,
326 2254 357 2300 ut
378 2249 428 2317 (G.
453 2253 484 2314 1,
506 2247 601 2309 482.):
631 2247 799 2313 Fluviorups
829 2266 877 2299 rec
908 2248 1062 2299 Eridanus.
1096 2299 1098 2305 ,

32 2318 156 2370 Flavius
172 2332 236 2370 vero
252 2316 387 2371 vocativus
404 2316 529 2386 antiquus
546 2322 601 2380 est,
623 2316 689 2384 quia
711 2318 785 2384 apud
802 2316 921 2368 maiores
938 2317 968 2370 in
986 2317 1071 2369 omnir
1156 2332 1159 2344 ·

30 2391 127 2440 forma
142 2384 240 2437 similis
256 2393 317 2439 erat
332 2385 509 2453 nominativo.
543 2383 596 2435 Sed
619 2385 704 2436 modo
727 2385 807 2437 aliter
830 2393 872 2438 est
893 2385 924 2438 in
941 2386 1060 2438 secunda

30 2464 144 2506 tantum
159 2456 258 2507 forma.
293 2453 421 2522 Namque
437 2454 461 2504 si
477 2455 621 2523 proprisun
636 2452 722 2506 fuerit
737 2469 850 2521 nomen,
865 2461 893 2504 et
915 2455 927 2502 i
944 2461 1015 2506 ante·
1026 2471 1061 2504 us

30 2523 186 2589 habuerin·
206 2540 240 2573 us
263 2521 372 2590 perdita
394 2521 461 2574 facit
489 2520 656 2573 vocativum:
683 2529 715 2573 ut
739 2521 900 2587 Terentius,
932 2521 1060 2572 Terenti:

29 2590 112 2646 nulld
124 2589 244 2662 eccepto.
277 2589 307 2640 Si
322 2598 417 2644 autem
433 2589 625 2659 appellativum
640 2589 689 2655 sit,
709 2588 740 2640 in
756 2608 770 2641 e
794 2589 880 2642 mittit
901 2589 1062 2655 vocativum,

30 2669 65 2713 ut
86 2661 168 2728 pius,
197 2662 258 2728 pie,
281 2658 412 2731 fluuius,
428 2660 536 2728 fluvie:
568 2664 680 2724 excepto
698 2656 803 2726 filius;
827 2672 892 2708 nam
909 2655 1059 2724 fili‘facit.
1123 2664 1127 2683 ⁴

29 2731 197 2797 Plerumque
218 2736 314 2780 tamen
335 2731 432 2797 poetae
456 2726 610 2796 euphoniae
632 2741 714 2777 carisa
730 2725 922 2794 antiquitatem
944 2741 1061 2792 sequun-
1115 2757 1117 2762 .

29 2807 86 2850 tur.
104 2823 140 2835 ·-
179 2803 222 2855 78.
245 2796 281 2847 Et
301 2799 434 2864 prbpius3
457 2795 558 2862 legitur
574 2801 603 2846 et
624 2795 765 2859 proprius.
799 2792 852 2845 Sed
872 2792 896 2842 si
918 2795 1060 2860 proprius,

28 2864 210 2930 familiarius,
225 2864 389 2934 [stabilius,]
405 2862 554 2932 significat:
570 2869 602 2913 ut
614 2867 655 2926 ii,
672 2861 757 2923 526.):
772 2860 807 2911 Er
823 2861 956 2928 proprius
974 2861 1058 2933 (Lips.
1077 2870 1080 2875 '

29 2932 162 3005 propius)
175 2951 224 2986 res
241 2935 335 3001 aspice
352 2941 472 2984 nostras·
508 2929 536 2981 Si
553 2935 648 2982 atatem
663 2930 797 2997 propius,
820 2929 899 2982 citius
916 2928 1058 2996 significat.

32 3005 133 3055 ilicem
156 3002 186 3055 in
207 3002 330 3055 Verrinis
352 3002 423 3066 (Vos.
448 2999 521 3070 Lips.
544 3001 576 3050 in
598 2997 723 3061 Verrem,·
746 2998 778 3049 L.
804 2999 836 3051 in
863 2997 1067 3060 Verrinurum)·

31 3078 77 3140 (5,
95 3070 165 3134 36.):
189 3069 247 3122 Nec
262 3069 317 3138 [eo]
334 3070 485 3137 quicquum
502 3077 543 3117 est
559 3067 677 3137 propius
695 3066 810 3134 factum
828 3083 913 3134 quam
932 3076 961 3119 ut
986 3064 1064 3125 illud,

31 3140 189 3207 exemplum
211 3140 254 3204 (L.
273 3138 405 3204 exemplo)
429 3139 461 3189 de
477 3137 603 3188 Adriano
620 3135 778 3203 Syracusas
803 3135 952 3205 referretur
968 3134 1060 3199 (Basil.

33 3207 111 3278 infi).
146 3208 183 3260 Et
197 3207 250 3260 hoc
267 3215 310 3260 est
324 3207 429 3259 melius.
462 3205 535 3259 Nam
557 3205 652 3255 statim
675 3211 716 3256 est
738 3219 824 3271 porca
846 3207 1018 3320 conspectas
1031 3209 1060 3254 et

33 3282 140 3330 Aeneas
155 3290 213 3328 nou
229 3273 385 3342 dubita[vi]t
399 3275 434 3326 de
454 3273 509 3326 fide
525 3272 642 3333 oraculi,
665 3271 715 3324 sed
738 3272 857 3342 exposcit
879 3287 911 3323 ce
922 3271 1057 3323 critatem.

33 3346 100 3397 Tua
124 3346 261 3409 numinu,·
283 3352 332 3398 tua
348 3341 459 3396 oracula
475 3349 504 3394 et
525 3341 667 3411 promissa.
682 3367 723 3409 ··.
750 3347 794 3397 79.
818 3339 981 3408 [Geminam
1005 3353 1058 3405 pro
1119 3400 1121 3409 Ι

32 3417 110 3468 duras.
143 3411 326 3482 Remigioque
344 3423 434 3481 aptum·
456 3411 475 3462 i.
494 3429 519 3462 e.
543 3409 579 3460 ad
601 3407 751 3479 remigium
775 3407 895 3458 officium
918 3407 1058 3474 remigan-

32 3485 121 3546 tium,
141 3481 208 3534 elibi
230 3498 282 3554 pro
305 3480 389 3533 turba
409 3477 620 3547 remigantium:
642 3484 674 3527 ut
699 3479 748 3543 (3,
770 3475 862 3536 471.):
896 3474 1057 3543 Remigium

33 3549 163 3619 supplet]
179 3577 213 3589 -
247 3555 292 3608 81.
307 3549 484 3613 Monstrum
509 3544 723 3615 quiaetsubito
741 3552 850 3596 etcum
865 3544 977 3611 triginta
994 3557 1058 3612 por·

33 3621 109 3674 cellis
133 3626 173 3671 est
194 3619 258 3671 sisa·
274 3645 310 3656 -
343 3624 386 3676 82.
410 3615 507 3686 [Foet'u
532 3615 662 3666 consolor
685 3613 765 3677 αἱῦος
790 3610 916 3677 expedita
936 3610 1058 3679 locutio.]

10 3702 13 3715 ·
38 3689 196 3755 Viridique·
212 3690 245 3738 in
267 3687 364 3750 litore3
386 3685 488 3737 fluviali
508 3683 617 3736 scilicet.
642 3706 677 3718 -
716 3684 760 3737 83.
787 3679 967 3744 Conspicitur
989 3698 1057 3747 sus,-

35 3755 165 3811 Horatius
188 3756 248 3823 (Ep.
266 3760 297 3821 1,
314 3763 347 3821 2,
362 3753 432 3815 26.):
456 3752 491 3804 Et
514 3754 606 3804 amica
624 3751 683 3802 luto
701 3765 759 3800 sus.
792 3747 938 3799 Sciendum
953 3756 1057 3820 umen,

36 3827 91 3879 hoc
114 3841 172 3877 esse
195 3824 336 3889 vitiosum,
365 3821 551 3890 monosyllabo
579 3819 654 3870 finiri
677 3831 799 3879 versum,
828 3815 881 3866 nisi
904 3818 975 3869 sorta
997 3817 1057 3886 ipso

38 3891 225 3962 monosyllabo
249 3892 358 3944 minora
381 3891 548 3962 explicentur
578 3885 714 3939 animalia.
756 3885 792 3934 Ut
815 3884 925 3950 (Horat.
948 3888 1004 3937 Art.
1028 3885 1058 3938 Ρ.

38 3963 127 4025 139;);
153 3959 314 4012 Parturient
330 3960 505 4028 (parturiunt)
530 3969 650 4021 montes,
674 3965 803 4005 noscetur
827 3954 967 4006 ridiculus
985 3970 1056 4006 mus.

36 4031 219 4087 Gratiosiores
242 4030 318 4087 enim
340 4044 431 4083 serem
453 4028 499 4082 isti
521 4035 584 4081 suut
605 4024 756 4078 secundum
780 4022 923 4074 Lucinam.
947 4046 981 4060 -
1014 4027 1057 4078 84.
