2454 4500
202 246 298 328 'vr'
474 345 478 353 Ι
586 265 840 333 enarrarre.

210 457 421 534 interpretem
448 455 485 513 in
515 453 738 514 Saturnalibus
768 446 960 533 loquentem
995 447 1178 511 introducit
1191 449 1211 487 ·¹

213 540 247 599 Si
269 543 338 618 quis
360 560 400 600 ex
422 539 502 599 locis
530 544 598 599 riou
620 539 770 620 genuinis
800 538 870 597 et'a
900 539 1012 597 seriori
1034 553 1135 594 manu
1159 553 1208 592 ass

212 629 252 684 tis
268 626 303 704 ²)
327 625 366 683 tle
395 636 499 684 aetate
526 623 674 685 bominis⁴
696 624 839 684 iu‘dicare
867 623 1021 693 uoluerit,
1050 623 1077 679 is
1101 619 1224 698 prolect

212 710 310 788 longe
332 724 458 770 erraret.
504 709 591 769 Hinc
620 728 747 789 quoque
775 708 864 768 nibil
891 708 958 781 fere
987 704 1128 776 efficias,
1159 723 1222 782 quo

212 795 299 873 apud
319 813 396 854 eum
417 797 585 872 scriptores
607 794 763 853 dicuntur
784 793 939 853 neoterici
954 791 1118 860 Lucanus,
1139 787 1218 847 Pers

213 899 267 950 ua,
299 878 425 958 alii³);
456 880 554 940 iidem
577 893 703 962 veteres
724 880 820 938 etiam
841 871 1112 953 nominanturt).
1156 873 1227 933 Int

213 965 367 1044 antiquos
382 984 456 1024 curn
471 965 541 1024 aliis
555 963 712 1043 Virgilius
734 966 808 1042 ipse,
825 961 964 1022 refertur
979 959 1016 1038 ⁵).
1059 959 1226 1017 Romanu·

215 1068 291 1106 eum
313 1048 425 1117 fuisse,
457 1067 496 1108 ex
517 1049 626 1108 multis
653 1049 732 1107 locis
761 1061 913 1127 apparet,
944 1045 1002 1104 ubi
1031 1044 1074 1103 ad
1103 1045 1227 1103 moior'

215 1154 289 1193 suos
318 1148 467 1211 provocat
491 1131 539 1212 6).
592 1133 631 1193 ln
663 1133 797 1193 Graecia
826 1133 1079 1192 commentarios
1110 1131 1224 1206 script

215 1237 281 1276 esse
302 1217 418 1278 frustra
439 1218 597 1276 affirmare
619 1219 742 1277 volebat
764 1217 907 1281 Bodinus
923 1216 970 1290 7);
993 1214 1111 1274 Graeci
1133 1225 1220 1270 tame

209 1307 371 1363 ¹sermonis
412 1305 561 1383 peritiam
599 1304 795 1382 aliquotiens
832 1313 981 1367 ostentat,
1041 1297 1222 1357 Christiana

213 1387 367 1465 religioni
395 1389 561 1449 addictum
588 1407 620 1446 se
652 1407 719 1448 non
751 1389 848 1447 luisse
877 1407 968 1465 saepe
997 1379 1172 1462 prodit⁸);
1205 1400 1223 1438 e

214 1471 292 1532 locis
337 1474 392 1552 qni
431 1493 448 1531 a
493 1473 663 1532 monachis
706 1471 870 1551 depravati
906 1483 1006 1543 sunt,
1050 1466 1144 1527 nihil*
1174 1470 1227 1523 eii

216 1576 287 1617 cere
313 1556 398 1617 licet.
450 1555 684 1616 Commentarii
713 1577 808 1635 quent
838 1577 932 1616 usum
962 1553 1121 1619 habeant,
1151 1569 1226 1628 supr

216 1643 324 1721 paucis
356 1641 486 1701 dictum,
551 1640 695 1703 Servium
724 1661 840 1701 censeo
869 1642 1010 1700 maxime
1045 1635 1210 1697 laudando

214 1737 380 1806 propterea
403 1725 490 1804 quoti
512 1725 686 1805 Virgilium
709 1745 749 1785 ex
770 1726 908 1805 Virgilio
937 1728 1166 1801 interpretatus
1187 1739 1218 1778 et

214 1811 254 1870 ad
277 1830 376 1888 quern
399 1809 518 1890 ubique
540 1823 696 1891 provocat.
739 1811 778 1871 ln
797 1822 866 1870 toto
890 1811 952 1869 hoc
974 1827 1070 1887 opere
1087 1805 1152 1866 sibi
1172 1824 1222 1863 co

216 1894 305 1964 stat,'
326 1913 391 1953 non
416 1907 453 1961 ut
474 1896 530 1954 alii
548 1900 762 1977 interpretes,
792 1899 897 1956 nostri
925 1912 1050 1975 quoque
1078 1890 1227 1969 tempori

218 1982 274 2059 qui
300 1983 356 2038 sub
388 1977 488 2038 finem
512 1981 677 2056 amplioris
711 1982 939 2042 commentarii
960 1978 1133 2037 dormitare
1160 1977 1197 2035 iu

216 2067 326 2143 piunt,
356 2061 474 2123 laboris
505 2066 612 2124 taedio
641 2067 743 2142 capti,
773 2076 806 2124 et
834 2067 924 2144 operi
953 2063 1054 2122 finem
1076 2064 1226 2140 imponer

216 2158 432 2227 properantes.
469 2146 514 2206 ‘la
538 2148 597 2206 boc
617 2160 726 2208 autem
749 2149 838 2208 idem
856 2151 1098 2209 Grammaticus
1122 2148 1227 2222 vitup

215 2231 333 2292 randus
357 2230 500 2304 vitietur,
532 2234 618 2312 quod
649 2253 744 2312 saepe
766 2234 894 2294 easdem
916 2253 966 2292 res
995 2234 1141 2317 repetit,
1162 2248 1223 2308 quo

216 2315 347 2394 quidem
368 2297 436 2393 ipse
460 2318 563 2377 verbis
585 2332 748 2397 utsupra
769 2337 793 2377 s.
813 2339 908 2398 caepe
923 2317 958 2394 9)
989 2314 1222 2378 diximus·ind

215 2413 273 2461 cat.
318 2397 400 2457 Sunt
422 2399 501 2459 adeo
522 2401 668 2480 exempla
689 2403 859 2480 quaedam,
880 2422 962 2482 quae
983 2402 1226 2480 paradigmatu·

214 2487 314 2545 instar
334 2501 427 2560 saepe
449 2489 594 2562 ponitet
616 2505 655 2544 ex
671 2487 807 2566 Virgilio
825 2499 864 2545 .et
884 2507 923 2546 ex
943 2489 1014 2546 aliis
1036 2486 1207 2564 scriptorib

215 2572 324 2648 petita.
365 2565 481 2628 Fidem
505 2570 724 2631 Grammatico
746 2591 813 2631 non
836 2571 954 2650 ubique
977 2570 1160 2630 habendam
1178 2588 1226 2628 ess

214 2652 310 2711 facile
332 2664 482 2738 apparet;
510 2656 576 2733 ipsa
598 2667 743 2715 veterum
766 2656 1069 2717 Grammaticorum
1087 2655 1227 2732 interpr

216 2735 309 2796 tandi
327 2736 416 2809 ¹ratio
444 2736 564 2816 ubique
593 2739 687 2798 nobis
711 2740 891 2800 satisfacere
919 2744 1042 2822 nequit.
1086 2739 1226 2798 Nonnn·

165 2886 167 2893 ¹
216 2838 310 2901 quarn
332 2829 461 2891 tamen,
484 2825 612 2884 etiarnsi
633 2825 709 2884 talia
732 2825 946 2902 proferantur,
970 2844 1053 2905 quae
1077 2823 1210 2902 probari

216 2904 310 2965 nobis
332 2921 398 2962 non
421 2906 563 2981 possint,
585 2907 634 2966 vel
656 2927 777 2967 errores
799 2912 834 2970 iu
857 2921 981 2971 rectam
1005 2912 1089 2968 viam
1104 2927 1171 2987 'nos
1191 2908 1212 2967 d

217 2999 311 3060 cunt3
336 2998 369 3045 et
388 2999 425 3046 ut
445 2988 507 3065 ipsi
529 3009 597 3050 non
618 2991 716 3052 nimis
736 2994 850 3071 procul
866 2995 1064 3065 aberremus,
1089 2991 1222 3053 efficiun

167 3097 177 3157 p
218 3075 309 3150 Quae
331 3069 441 3130 Servio
463 3072 556 3154 vulgo
576 3075 783 3152 tribuuntur,
816 3098 884 3140 non
912 3082 1023 3138 omnia
1051 3097 1120 3137 esse
1143 3077 1219 3138 Serv

167 3168 176 3227 i
216 3170 312 3218 antea
333 3156 400 3215 iam
421 3159 517 3218 innui
538 3171 571 3219 et
585 3179 682 3220 neruo
697 3164 827 3241 ignorat
843 3163 896 3241 1⁰).
937 3165 1055 3244 Neque
1077 3163 1168 3222 enim
1189 3183 1203 3222 ι

167 3232 176 3281 ³
216 3256 361 3319 tempore
377 3259 452 3300 eurn
468 3253 535 3304 tam
550 3245 693 3325 amplum
715 3248 750 3307 in
766 3247 939 3330 Virgilium
960 3249 1216 3308 commentariu

217 3337 254 3385 ut
274 3341 362 3382 nuuc
390 3323 548 3401 babetur,
575 3334 626 3390 rei
657 3333 747 3393 tritas
777 3352 872 3414 saepe
902 3332 1139 3414 explicantem,
1169 3352 1202 3392 rc

249 3477 279 3541 1)
296 3477 419 3530 Macrob.
443 3477 577 3535 Saturnal.
595 3491 627 3548 1,
644 3494 684 3542 2:
708 3486 769 3539 Hos
792 3486 921 3554 Servius,
944 3492 1018 3540 inter
1037 3486 1225 3539 Grammatic

285 3547 421 3598 doctorem
448 3565 541 3600 recens
564 3552 725 3620 professus,
758 3557 839 3606 iuxta
870 3560 1028 3608 doctrinam
1053 3558 1197 3608 mirabilis

173 3632 183 3648 ⁵
283 3616 431 3680 amabilis,
454 3621 604 3693 verecunde
622 3632 724 3671 terram
749 3625 861 3676 intuens
879 3639 904 3676 et
921 3627 996 3677 uelut
1014 3627 1114 3676 latenti
1131 3629 1225 3679 simili

284 3684 456 3749 sequebatur.
474 3712 506 3722 -
541 3689 568 3749 2)
586 3688 622 3738 Ut
637 3698 701 3741 sunt
716 3693 746 3742 A.
765 3699 788 3754 1,
805 3699 866 3750 282.
885 3699 946 3752 706.
963 3702 989 3757 8,
1005 3699 1081 3751 646:
1099 3698 1149 3761 qui
1163 3713 1227 3747 rnou

284 3753 413 3818 lapideus
438 3754 549 3806 dicitur.
590 3756 621 3807 E.
645 3761 677 3820 6,
699 3762 742 3815 64.
767 3759 821 3811 ulii.
844 3777 867 3813 v.
891 3762 1043 3814 Burmanni
1069 3762 1187 3816 Praefert.

283 3821 311 3881 3)
330 3821 415 3871 cta
433 3825 464 3886 6,
483 3829 541 3879 187.
559 3830 619 3879 320.
637 3850 671 3862 -
706 3826 734 3887 4)
753 3827 783 3878 V.
801 3828 895 3881 Voll.
912 3847 938 3898 p·
957 3840 983 3887 2.
1000 3829 1046 3880 fin.
1064 3855 1098 3867 -
1133 3831 1160 3894 5)
1177 3834 1208 3883 A.

284 3895 326 3945 14.
346 3894 386 3946 56.
403 3915 438 3928 -
484 3892 512 3952 6)
530 3891 566 3941 Ut
581 3894 609 3943 A.
631 3898 790 3956 1,179.-·
830 3896 859 3955 7)
875 3897 915 3949 Ad
932 3897 1053 3967 Oppiani
1070 3898 1202 3968 Cynegeb

282 3963 343 4012 322.
360 3972 382 4006 v.
400 3956 576 4009 Burmam-
612 3960 639 4020 8)
657 3961 698 4013 Cf.
716 3964 745 4013 Α.
764 3968 910 4026 etan·
947 3968 976 4026 9)
994 3966 1035 4019 Ci-
1053 3966 1203 4034 G.t‚208.

284 4024 327 4084 10)
345 4023 387 4075 ct.
404 4022 500 4093 Scalig.
518 4027 553 4079 ad
570 4029 685 4082 Varron.
702 4031 735 4083 de
754 4029 789 4082 R.
805 4030 839 4083 lb
856 4040 882 4089 3.
899 4049 926 4100 p·
943 4040 1005 4091 253.
