2454 4500
115 273 153 318 a
175 208 336 314 mucii.
357 247 532 313 mutin.
553 246 686 326 tia-1,
707 200 903 358 tor-¹213.
986 250 1030 317 es

55 478 58 501 ‚
79 439 145 509 quia
162 439 280 493 dicimus
298 438 375 493 docte
387 436 489 506 facio,
513 427 590 486 darie
602 426 680 503 feci,
703 429 781 484 docte
792 431 955 502 jecistis&
970 444 1031 481 mu·

65 508 150 562 verbo
175 515 310 561 remanet
333 506 509 560 adverbium:
540 519 608 572 ergo
632 502 671 552 sic
695 509 725 554 et
748 501 778 553 in
801 503 858 553 istis
889 498 1031 572 particulis

55 578 154 644 simiis,
178 586 210 628 ut
227 587 351 645 egomet,
376 586 498 637 nosmet,
523 581 554 624 ut
571 571 684 626 mutatis
700 564 824 636 casibus}
847 570 890 624 vel
906 568 1031 642 personis

56 665 102 700 em
118 654 319 719 permaneant,
343 643 475 696 adverbia
499 642 558 694 sine
576 641 661 693 dubio
678 648 748 694 sunt.
784 639 866 695 Nulla
884 640 960 694 enim
976 639 1031 691 hoc
1109 704 1112 711 ¹

85 733 129 769 ars
148 717 282 767 orationis
300 714 429 768 admittit.
464 711 625 765 Notandum
642 725 723 775 sana,
749 708 825 778 quod
841 710 894 761 hae
912 707 1032 779 particu-

55 736 209 854 ›idrumque
227 785 295 854 [vim
313 781 351 847 at]
375 798 455 833 suam
479 788 613 833 naturum
637 779 756 845 habent,
780 794 838 831 non
855 778 1032 848 syllabarum

55 876 59 905 ι
82 871 149 906 cum
174 854 213 905 Te
240 861 268 904 et
292 851 351 902 Met
373 851 476 919 lungae
501 850 570 916 sint,
599 855 718 903 tutemet
740 848 862 917 dactylus
885 847 1034 915 invenitur,

56 939 205 993 possumus
220 923 324 977 harum
340 920 465 991 partium
482 927 613 973 naturam
630 919 784 984 discutere,
801 921 867 986 quia
883 918 936 971 sub
952 933 1033 985 regu·
1066 926 1069 938 ·
1110 958 1113 963 ,

55 1008 94 1045 on
111 1001 183 1048 sunt.
200 1017 236 1030 ·-·
270 997 333 1048 208.
354 989 424 1042 Voce
444 989 548 1058 rescrtg
570 989 743 1060 pleonasmos
761 995 815 1054 est,
840 989 887 1060 qui
904 987 951 1056 fit,
967 1002 1035 1056 quo·

73 1061 215 1114 adduntur
233 1059 381 1130 superflua.
417 1059 454 1113 Ut
470 1058 537 1111 alibi
555 1064 596 1125 (4,
614 1057 700 1119 359.):
721 1056 746 1105 V
745 1075 873 1126 ocemque
891 1057 938 1111 his
955 1057 1035 1107 auri·
1097 1066 1105 1077 ‘

58 1130 156 1185 hausi.
190 1129 344 1182 Terentius*
366 1128 490 1199 (Adelph.
509 1134 542 1192 3,
559 1127 609 1190 2.):
633 1125 690 1181 His
715 1127 808 1183 oculis
834 1141 940 1194 egomet
964 1126 1032 1178 vidi.

55 1197 257 1267 ·lf.I.'add.‚:xet
273 1198 354 1250 alibi:
372 1197 426 1249 vidi
445 1197 538 1248 oculus
555 1207 619 1250 ante
638 1197 696 1267 ipse
713 1195 818 1258 meos.)
845 1196 946 1262 Curis3
966 1213 1034 1246 cura

55 1269 111 1323 iah
127 1285 169 1334 eo,
188 1268 264 1337 quod
278 1285 326 1318 cor
342 1279 415 1319 urat.
439 1265 567 1334 Denique
583 1265 666 1337 paulo
684 1273 746 1336 post
759 1266 811 1321 ait:
828 1266 933 1322 Premit
949 1265 1036 1317 altum

56 1359 72 1391 e
87 1338 226 1392 dolorem.
249 1337 351 1404 Aegeu
371 1354 453 1403 aeger
470 1343 511 1388 est
528 1343 557 1388 et
572 1335 666 1400 tristis,
683 1342 711 1387 et
728 1335 801 1387 male
816 1336 922 1399 valens3
937 1334 1037 1404 (Gueli.

55 1409 88 1462 id.
105 1417 152 1459 ut:
168 1413 304 1478 protenus
321 1421 406 1474 aeger
423 1421 492 1473 ago,
523 1412 551 1462 et
563 1421 684 1473 -aegram
700 1404 903 1474 indignantem,
921 1413 949 1457 et
966 1403 1038 1457 male

55 1494 79 1528 is
98 1485 143 1531 ut:
160 1493 246 1544 aeger
263 1475 400 1529 anhelitus
417 1482 509 1538 arttu,
527 1475 605 1529 arida
624 1473 753 1542 quoque.)
787 1474 926 1544 Aegrotas
945 1481 1038 1527 autem

67 1558 238 1614 aegrotans,
261 1543 455 1598 tantummodo
480 1544 554 1598 male
577 1543 677 1597 valeus.
694 1568 729 1582 -
762 1549 825 1601 209.
843 1546 939 1613 Spem,-
962 1542 1039 1597 laeti·

58 1654 65 1667 .
103 1615 159 1683 [Ut
182 1618 226 1681 (4,
242 1613 331 1677 477.):
354 1631 429 1679 spem
448 1612 548 1682 fronte
573 1624 701 1666 serenat.-
727 1620 755 1664 et
778 1610 943 1669 est'crebrtt
967 1610 1040 1683 apud

55 1684 141 1736 ilium
157 1684 263 1752 figura,
281 1699 353 1752 quae
369 1681 415 1748 fit,
432 1682 559 1752 quotiens
577 1682 747 1750 significatur
764 1681 800 1733 ab
819 1699 854 1735 eo
869 1684 943 1752 quod
960 1700 1040 1754 prae·

55 1763 77 1819 t,
95 1753 125 1806 id
144 1751 219 1820 quod
235 1751 367 1820 sequitur.
401 1751 474 1802 Nam
491 1768 570 1820 spem
587 1751 693 1806 laetitia
710 1751 850 1819 sequitur:
868 1769 927 1823 spes
944 1759 1040 1809 autem

55 1823 115 1873 ultu
132 1837 191 1878 non
207 1821 330 1886 ridetur,
355 1820 403 1872 scd
426 1820 541 1876 laetitia.
561 1818 652 1873 ‘Haec
677 1827 773 1872 autem
795 1819 886 1889 figura
911 1829 939 1874 et
962 1837 1041 1872 versa

66 1891 115 1943 fit:
140 1899 173 1944 ut
188 1890 374 1957 intelligamus
392 1889 427 1942 ab
446 1906 479 1942 eo
498 1890 573 1958 qnod
590 1890 729 1958 sequitur,
752 1889 781 1940 id
799 1892 873 1959 quod
890 1890 1041 1961 praecedit.
1063 1906 1066 1910 “

56 1969 90 2025 5,
107 1960 176 2021 70.);
195 1958 369 2029 Meritceque
387 1971 528 2025 expectent
544 1959 810 2027 praemiaspoimae.
846 1960 972 2013 Palmam
988 1975 1041 2031 pro

55 2038 96 2081 ita
119 2028 228 2101 posuit,
252 2045 324 2096 quoe
348 2029 508 2099 praemium
531 2038 671 2094 meretur,
696 2036 725 2080 et
741 2029 865 2099 palmam
882 2033 955 2100 [post
972 2027 1044 2081 acci·

72 2118 110 2135 -a-
146 2105 209 2159 210.
235 2096 374 2162 Praedac,·
399 2098 435 2149 ad
452 2099 595 2169 praedam.
640 2097 677 2152 Ut
694 2097 753 2163 (6.):
777 2099 953 2168 inferretque
978 2100 1044 2155 deos

55 2170 89 2220 io.
128 2166 306 2235 Accingunt,-
331 2167 451 2220 studiose
474 2175 584 2238 parant
618 2166 656 2217 Ut
678 2167 746 2221 alibi
769 2174 813 2236 (2,
836 2168 922 2233 236.):
945 2168 1046 2223 Accin-

55 2250 67 2288 t
94 2238 181 2304 operi.
217 2235 360 2292 Accinctos
385 2236 461 2291 enim
485 2235 634 2292 industrios
657 2237 775 2293 dicirnus
801 2245 854 2306 (ute
878 2236 1047 2309 paribusque

56 2306 156 2374 ngitur
180 2304 291 2368 armis:)
315 2313 346 2356 ut
367 2305 500 2358 Horatius
517 2306 621 2373 (Serm.
640 2312 671 2373 1,
689 2313 722 2371 5,
739 2306 789 2369 5.):
813 2307 908 2361 Altius
935 2323 968 2356 ac
994 2323 1047 2357 nos

56 2391 152 2440 nunc,
174 2376 237 2432 Vos.
255 2387 284 2424 at
303 2391 379 2429 nunc
385 2413 394 2442 ,
410 2375 446 2426 R.
463 2393 495 2431 ac
513 2391 571 2433 non
588 2391 693 2430 cunum
709 2375 889 2446 praecinctis,
914 2374 992 2431 Fuld.
1009 2374 1047 2426 al·

79 2458 165 2495 canos
206 2444 374 2511 raecingitis.
417 2443 509 2501 Guelf.
531 2445 553 2497 Ι.
577 2447 667 2503 altius
692 2461 726 2495 ac
750 2447 922 2514 praecinctis
949 2462 1047 2497 unum.

55 2513 93 2564 εΗ.
109 2513 144 2569 11.
162 2462 210 2566 ali.
231 2530 322 2580 agnos
340 2515 512 2584 praecinctis
532 2516 633 2577 unum)
650 2517 809 2584 praecincti
827 2531 940 2570 sumus·
973 2513 1050 2586 Sicut

55 2591 99 2634 tra
115 2582 294 2648 negligentes,
308 2582 454 2633 discinctos
476 2599 614 2635 vocamus.
651 2585 688 2635 Ut
711 2590 754 2650 (8,
770 2584 857 2649 724.):
881 2584 1050 2639 Discinctos

55 2651 145 2704 lcibcr
162 2650 257 2726 Afros.
294 2650 351 2719 [Et]
368 2651 498 2709 Horatius
515 2652 545 2705 in
561 2652 658 2722 Epodo
677 2652 736 2735 (1.);
760 2652 846 2719 Quod
864 2666 915 2709 aut
933 2669 1052 2717 avarus,

55 2719 198 2786 Chremes,
215 2733 320 2770 terram
338 2738 481 2790 premam,
499 2720 670 2781 Discinctus
688 2734 740 2772 out
755 2724 888 2790 perdam,
906 2734 1049 2792 atnepos.

68 2788 178 2841 Graece
210 2783 338 2854 εὔζωνοι,
364 2789 483 2860 expediti
513 2790 662 2856 dicuntur]
703 2790 892 2868 Dapibuspur
917 2790 1052 2860 futuris,
1093 2848 1097 2855 ¹

55 2857 152 2911 bitiose
169 2858 238 2910 dixit
255 2859 328 2926 quod
346 2859 401 2911 sint
418 2858 492 2911 cervi
509 2860 593 2937 dapes
610 2861 732 2916 suturae..
748 2889 784 2899 -
819 2868 881 2920 211.
909 2861 1052 2928 Tergora3

55 2944 101 3001 [us
119 2930 259 2995 tergoris,
276 2926 349 2986 unde
368 2935 396 2983 et
413 2940 545 2995 tergora,
562 2928 671 2987 corium
687 2930 839 2997 significan
857 2943 967 2997 tergum
985 2943 1053 2981 vero
1105 2953 1107 2957 ¹

55 2999 92 3061 ri,
121 3005 155 3053 ut
183 2997 332 3064 templum,
363 2997 474 3064 templi,
505 2998 621 3049 dorsum
650 2997 795 3066 significat.
839 2999 876 3055 Ut
899 2998 1055 3051 Sallustius:
1132 3028 1136 3045 ι

55 3068 122 3117 licet
140 3067 209 3133 quia
228 3068 316 3133 tergis
334 3066 503 3126 abstinetur,
536 3065 590 3118 Sed
606 3067 660 3119 hoc
678 3085 695 3124 a
712 3068 850 3122 veteribus
867 3064 1056 3128 confundeba-

58 3172 67 3200 ‚
97 3143 129 3185 ut
159 3135 268 3202 (soit-i:
301 3134 431 3191 Taurino
457 3148 596 3203 quantum
621 3149 736 3203 possent
760 3138 937 3196 circumdare
968 3148 1054 3204 tergo.

57 3219 90 3254 m
112 3204 206 3272 inIX.
224 3204 326 3269 (763.);
350 3203 460 3271 Ingerit
477 3203 576 3256 hastas
594 3205 629 3255 In
650 3218 756 3274 tergus,
792 3205 913 3272 Quidam
930 3221 994 3263 mox
1011 3205 1058 3256 da·

55 3281 97 3328 cta
113 3272 192 3330 coria
208 3274 308 3340 peiles,
325 3272 373 3323 diu
391 3273 505 3325 subacta
522 3271 618 3332 autem
635 3283 664 3326 et
679 3276 738 3328 iam
754 3275 893 3334 medicata
911 3276 991 3334 corio
1009 3291 1058 3347 ap-

55 3342 135 3399 ianda
153 3341 288 3404 tradunt.)
325 3341 441 3394 Viscera
457 3343 584 3409 nudant,
604 3346 714 3399 viscera
733 3361 791 3399 non
804 3351 915 3400 tantum
928 3344 1060 3396 intestina

55 3412 141 3475 imus,
165 3411 214 3467 sed
240 3411 372 3479 quicquid
390 3411 446 3477 ‘sub
471 3412 549 3462 corio
574 3421 622 3465 est.
664 3414 714 3466 Ut:
744 3413 780 3470 Iri
805 3413 913 3467 Albano
939 3411 1058 3469 Latinis

55 3481 162 3533 ceratio
182 3481 317 3545 dabatur,
342 3480 360 3530 i.
379 3498 403 3532 e.
422 3495 496 3532 caro.
531 3480 580 3535 Est
606 3490 701 3535 autem
724 3482 912 3542 nominativus
930 3483 1060 3551 [singula-

55 3549 127 3601 (ἧσο
153 3551 267 3615 viscus,
291 3549 379 3600 huius
397 3550 532 3603 visceriss
557 3558 589 3601 ut
611 3552 758 3604 Lucretius
783 3556 825 3619 (1,
843 3559 929 3617 837.);
959 3551 1061 3605 Viscus

55 3621 96 3674 ini
113 3635 299 3686 sanguenque
318 3621 419 3676 creari,
455 3618 590 3686 Sanguen
607 3628 702 3678 autem
719 3622 782 3675 ideo
799 3621 881 3687 dixit,
906 3621 971 3691 quia
996 3638 1062 3671 son·

55 3690 113 3738 inis
131 3688 213 3754 facit,
232 3696 268 3744 ut,
282 3704 394 3739 carmen
413 3691 560 3740 carminis.
597 3689 625 3743 Si
643 3693 721 3744 euim
739 3693 862 3758 sanguis
879 3691 993 3755 diceret,
1011 3707 1063 3760 par

55 3764 84 3821 et
107 3756 293 3809 nominativus
318 3757 439 3824 genitivo
465 3759 560 3827 (codd.
585 3772 656 3811 essct
680 3761 860 3829 genitivus),
893 3767 925 3810 ut
949 3761 1065 3827 anguis,

55 3828 142 3893 iguis.
161 3849 198 3863 --
232 3831 295 3883 212.
313 3824 395 3889 (Pars
414 3829 446 3878 in
457 3826 559 3945 imm
579 3841 691 3894 secant,
715 3830 858 3898 figurate,
872 3836 903 3879 ut
920 3831 962 3896 (4,
979 3827 1066 3891 405·)τ

58 3913 90 3946 rs
115 3895 243 3963 grandia
270 3893 411 3958 trudunt.)
481 3900 586 3951 erutus
612 3902 644 3967 [a
670 3900 841 3953 nominativo
865 3894 969 3959 veru:]
993 3898 1067 3948 Ecce

55 3982 120 4017 men
139 3963 174 4016 de
191 3964 250 4029 his,
275 3981 348 4031 quaa
371 3965 538 4018 innumero
557 3967 691 4036 singulari
708 3966 916 4020 indeclinabilia
933 3972 1013 4031 sunt,
1037 3973 1071 4026 ut

55 4051 100 4101 ut,
133 4049 240 4099 cornu,
269 4051 353 4100 genu.
399 4032 576 4108 Trementia5
608 4037 772 4108 palpitantia
795 4037 894 4091 adhuc.
918 4057 954 4070 -·
1006 4042 1069 4092 213·
