2454 4500
152 293 219 360 398

154 490 233 536 sum3
250 469 405 547 sollicitum,
421 469 574 524 incertam:
589 479 621 522 ut
637 474 674 541 (7,
691 473 781 536 372.)=
797 471 891 524 Multo
909 488 1080 539 suspensum
1098 474 1180 525 nami-

154 561 189 594 nc
207 545 293 596 ducit.
312 568 347 580 -
379 547 443 597 723.
460 539 585 605 Suscipit
601 539 736 591 Anchises
754 549 819 602 etc.;
837 541 1094 608 hysteroproteron.
1125 543 1182 592 Post

62 622 72 644 0
153 613 227 670 hunc
244 611 320 663 enim
335 624 443 661 versum
460 609 538 675 sequi
554 608 661 660 debuit:
677 609 782 659 Dicam
799 601 941 677 rabidam:
961 626 1011 660 nec
1030 622 1056 661 te
1075 626 1182 678 suspen·

118 668 123 695 s
154 697 217 732 sum
236 690 299 730 nate
317 678 474 755 teneda·
498 680 570 733 724.
591 676 735 745 Principio
754 669 819 740 etcf3
845 678 1035 757 interrogatus
1046 652 1194 797 dochino-b

143 765 244 816 ·quare
260 748 371 799 animae
389 745 472 797 velrnt
486 745 589 795 reverti
604 746 640 796 ad
656 761 789 813 corpora,
807 746 885 815 qtuasi
901 746 976 799 aliud
992 747 1079 812 dreit,
1094 755 1166 799 tame

152 818 216 870 illuc
233 816 367 868 recurrit:
391 812 465 880 quod
482 813 588 864 Graece
603 810 637 866 cd
654 811 710 877 craia
726 815 842 879 dicitur,
864 814 882 865 i.
902 833 924 866 e.
945 831 1032 867 omne
1050 817 1126 883 quod
1141 821 1185 867 est.

154 886 289 954 Quattuor
311 889 375 934 sunt
396 881 547 933 elementa:
576 889 667 949 terra,
696 886 758 948 a'e'r,
787 898 875 951 aqua,
903 883 1017 935 aether:
1050 890 1081 935 et
1108 884 1184 935 Deus.

152 955 268 1007 Praeter
291 952 362 1003 baec
391 949 463 1000 nihil
485 958 525 1000 est
554 949 642 1002 aliud:
672 959 701 1004 et
722 951 776 1003 hoc
805 951 942 1003 mundum
964 968 1024 1003 non
1048 966 1185 1021 possumtu

153 1023 256 1075 dicere.
296 1019 369 1071 Nam
392 1019 511 1068 mundus
533 1033 590 1069 non
613 1027 653 1071 est
675 1026 774 1071 totum.
813 1021 888 1088 Ετςο
912 1019 986 1072 Deus
1010 1020 1184 1088 estquidam

153 1090 264 1162 spiritus
287 1086 408 1151 «livinus,
430 1087 478 1153 qui
499 1102 551 1153 per
574 1095 704 1154 quattuor
728 1089 832 1138 infusus
859 1088 999 1141 elementa
1023 1088 1115 1157 gignit
1131 1087 1185 1139 uni-

153 1173 236 1211 versa.
278 1156 366 1225 Igitur
389 1154 412 1204 si
434 1156 469 1206 de
492 1155 633 1207 elementis
656 1164 685 1209 et
707 1158 769 1208 Deo
791 1164 942 1209 nascuntur
965 1159 1079 1223 omnia,
1102 1171 1184 1209 unam

153 1226 298 1294 originem
314 1224 432 1281 habeut:
467 1231 495 1274 et
518 1239 569 1290 par
593 1233 634 1275 est
662 1234 763 1279 natura
786 1228 920 1277 omnium.
963 1225 1019 1277 Sed
1041 1226 1183 1289 videamus,

174 1295 220 1347 uid
237 1295 267 1346 in
282 1293 364 1345 nobis
381 1297 421 1343 est
437 1309 454 1342 a
467 1291 541 1343 Deo:
559 1299 588 1343 et
604 1292 704 1360 quida
718 1300 846 1361 quattuor
859 1294 1012 1345 elementis.
1048 1294 1183 1362 Quantum

153 1312 234 1416 datur
257 1359 391 1426 intelligi„
411 1359 447 1409 ab
471 1359 614 1411 elementis
637 1361 773 1415 habemus
796 1378 908 1431 corpus:
931 1379 949 1413 a
965 1363 1028 1415 Deo
1051 1362 1182 1421 animam

68 1430 71 1435 '
153 1431 227 1502 quod
242 1431 305 1482 ideo
322 1428 471 1496 probatur,
496 1429 560 1495 quia
577 1429 672 1496 [quod]
697 1438 737 1483 est
759 1431 791 1482 in
806 1445 938 1496 corpore,
960 1437 1054 1496 terra,
1077 1431 1182 1494 humor,

153 1498 304 1564 anhelitus,
334 1497 423 1560 calor,
447 1513 518 1564 quae
544 1497 636 1549 omnia
660 1499 801 1564 videntur,
829 1498 900 1550 sicut
921 1498 1009 1550 etiam
1034 1499 1181 1560 elementa;

152 1571 260 1622 animus
282 1564 426 1617 invisibilis
449 1573 502 1617 est:
526 1566 598 1616 sicut
619 1568 705 1618 etiam
731 1567 819 1630 Deus,
843 1568 915 1618 unde
940 1568 1081 1635 originem
1106 1567 1181 1619 ducit.

151 1639 202 1689 Illa
217 1642 365 1702 praeterea
380 1633 582 1687 irrationabilia
599 1643 663 1687 sunt
674 1637 744 1686 sicut
755 1650 863 1703 corpus.
897 1637 1003 1688 Contra
1016 1636 1091 1688 Deus
1104 1635 1182 1688 habet

153 1704 314 1769 consilium,
330 1704 401 1754 sicut
417 1701 504 1753 etiam
521 1702 637 1754 animus.
672 1704 779 1756 Deinde
796 1705 936 1755 elementa
953 1712 1099 1756 mutantur
1116 1702 1182 1773 quod

152 1782 193 1828 est
211 1789 309 1824 eorum
326 1770 472 1841 proprium
489 1772 533 1838 (al.
551 1771 655 1823 mutari
671 1773 807 1837 videmus,
824 1787 942 1840 quorum
961 1773 1070 1841 perire,
1085 1770 1182 1825 mutari

152 1843 225 1908 est,)
249 1842 319 1892 sicut
345 1839 430 1891 etiam
453 1855 567 1910 corpus:
592 1840 666 1907 quod
688 1841 753 1893 inde
779 1840 917 1907 originem
942 1841 1035 1913 ducit,
1077 1841 1182 1900 Contra,

151 1911 245 1962 Deum
268 1925 326 1962 non
349 1909 442 1977 perire
465 1909 645 1963 manifestum
670 1916 723 1974 est,
747 1925 814 1977 ergo
832 1909 1009 1960 necabimus
1027 1909 1117 1977 perit,
1140 1906 1183 1976 qui

150 1979 216 2031 inde
234 1978 372 2046 originem
389 1976 479 2038 ducit3
501 1994 568 2028 nam
584 1994 647 2046 pars
664 1994 773 2048 semper
790 1979 912 2046 sequitur
929 1992 1026 2044 genus:
1060 1978 1121 2028 Huc
1137 1976 1183 2044 igi-

151 2057 198 2100 tur
221 2046 340 2105 tetendit
363 2044 485 2114 primam
508 2045 692 2098 intentionem
715 2040 810 2111 su'am,
834 2052 863 2096 ut
886 2046 992 2096 animos
1017 2045 1183 2097 immortales

152 2117 265 2168 diceret.
299 2113 352 2165 Sed
370 2115 491 2165 occurrit
506 2113 589 2164 illud:
607 2114 634 2164 Si
650 2114 823 2166 immortales
839 2121 915 2178 sunt,
932 2120 960 2165 et
976 2129 1068 2164 unum
1085 2114 1183 2166 hahent

171 2183 334 2252 sincipitam:
357 2198 412 2249 qua
434 2183 542 2233 rationo
566 2198 622 2233 uon
641 2185 734 2235 onmia
759 2183 889 2235 animalia
903 2182 1026 2234 sentiunt
1042 2178 1183 2235 similiter?

151 2204 188 2302 ht
206 2251 286 2314 dicit,
303 2266 360 2300 non
378 2266 436 2301 esse
452 2252 483 2302 in
501 2251 599 2301 animis
616 2250 881 2316 dissimilitudinem,
904 2251 1000 2302 sedin
1018 2251 1183 2320 corporibus,

152 2337 223 2388 quae
241 2326 325 2385 prout
340 2319 445 2370 fuerint
460 2320 504 2371 vel
520 2319 633 2385 vivacia,
658 2320 700 2371 vel
723 2321 875 2389 torpentia,
899 2320 938 2370 ita
963 2327 990 2369 et
1016 2322 1124 2370 animos
1145 2322 1182 2370 fa·

153 2390 243 2439 ciunt:
267 2387 341 2454 quod
365 2394 454 2454 potest
478 2388 564 2439 etiam
587 2388 618 2439 in
642 2404 698 2438 uno
724 2392 878 2456 eodemque
896 2387 1047 2455 [animalis]
1071 2404 1182 2458 corpore

152 2454 274 2526 probari.
309 2456 342 2505 In
359 2473 425 2506 sano
443 2457 519 2507 enim
536 2473 653 2524 corpore
671 2457 723 2508 alia
741 2467 781 2508 est
793 2459 918 2509 vivacitas
932 2457 1042 2521 mentis,
1059 2458 1089 2507 in
1105 2469 1181 2523 aegro

172 2525 272 2591 igrior,
294 2524 395 2576 insanis
419 2523 537 2576 invalida
561 2525 648 2591 (codd.
671 2525 765 2576 Burm.
792 2529 823 2576 in
848 2527 919 2575 satis
945 2526 1094 2589 invalido,
1125 2524 1181 2576 edit

152 2544 233 2645 {asli
251 2594 283 2642 in
301 2595 373 2643 satis
391 2594 495 2656 valido,
513 2594 604 2645 Gueli.
622 2594 642 2643 Ι.
663 2596 694 2644 in
713 2597 782 2645 aliis
801 2598 832 2646 in
850 2596 921 2644 satis
940 2595 1082 2658 invalida,
1100 2592 1183 2644 Gueli.

153 2665 186 2716 ΙΙ.
217 2663 331 2713 insanis
356 2661 502 2724 invalido)
527 2662 612 2714 etiam
635 2663 744 2715 ratione
767 2680 878 2728 careus,
906 2669 937 2711 ut
966 2661 997 2712 in
1022 2661 1183 2731 phreneticis

153 2732 302 2794 cernimus,
329 2735 377 2797 (ut
393 2731 519 2794 animus)
536 2732 605 2782 adeo
622 2746 687 2781 cum
705 2733 740 2783 ad
757 2748 855 2802 corpus
872 2731 992 2794 venerit,
1017 2746 1073 2781 non
1092 2739 1183 2782 natura

154 2817 202 2851 sua
220 2799 322 2862 utitur,
342 2799 391 2851 sed
409 2816 438 2850 ex
457 2801 515 2854 eius
532 2801 662 2869 qualitate
679 2808 810 2851 mutatur.
846 2799 912 2850 Inde
929 2800 1012 2848 Afros
1029 2799 1183 2869 versipelles,

155 2870 276 2919 Graecos
293 2868 379 2932 leves,
396 2868 489 2920 Gallos
506 2869 635 2938 pigrioris
654 2870 773 2920 videmus
790 2867 909 2935 ingenii:
931 2867 1008 2932 quod
1026 2875 1127 2919 natura
1142 2866 1182 2917 cli·

154 2944 262 2989 matum
279 2937 360 3001 facit,
377 2936 447 2986 sicut
461 2938 632 2989 Ptolemaeus
649 2938 844 3004 deprehendit,
862 2937 909 3003 qui
928 2935 1008 2996 licit,
1025 2937 1182 2988 translatum

155 3006 191 3057 ad
208 3004 281 3055 aliud
298 3004 380 3054 clima
397 3005 540 3057 hominem
553 3013 683 3058 naturam
698 3023 728 3056 ex
742 3014 820 3072 parte
834 3013 951 3055 nuitare.
984 3003 1029 3055 De
1041 3011 1102 3059 toto
1115 3003 1183 3056 enim

154 3090 211 3126 non
229 3079 330 3142 potest:
354 3072 418 3139 quia
442 3074 473 3124 in
490 3075 628 3141 principio
645 3074 751 3144 accepit
767 3082 870 3126 sortem
888 3071 1012 3138 corporis
1030 3074 1081 3123 sui.
1117 3074 1182 3140 Ergo

154 3143 248 3195 anima
271 3157 322 3208 pro
348 3142 479 3207 qualitate
503 3151 543 3195 est
566 3144 698 3210 corporis.
739 3144 775 3191 Et
799 3142 904 3208 (seat)
935 3155 990 3208 qua
1014 3142 1124 3192 ratione
1145 3154 1182 3191 res

154 3212 255 3264 melior
273 3208 359 3261 estin
376 3217 508 3278 potestate
533 3211 696 3263 deterioris?
726 3211 807 3277 Atqui
831 3210 935 3260 divinus
961 3208 1073 3259 animus
1097 3208 1183 3261 debuit

155 3297 255 3349 corpus
272 3279 376 3330 habere
399 3278 429 3329 in
446 3288 597 3345 potestate,
620 3296 677 3330 non
702 3279 821 3329 mortale
838 3294 937 3347 corpus
954 3284 1089 3329 naturam
1105 3274 1183 3329 airiud

156 3365 345 3415 corrumpere.
379 3344 431 3399 Sed
448 3349 501 3398 hoo
519 3349 580 3400 ideo
598 3347 638 3411 fit,
655 3348 719 3415 quia
736 3348 795 3414 plus
813 3352 854 3397 est
869 3346 942 3413 qnod
955 3346 1092 3411 continet,
1109 3360 1183 3415 quam

156 3416 230 3485 quod
247 3417 419 3476 coritinetur3
442 3425 488 3481 ut,
512 3416 535 3466 si
558 3415 668 3467 leonem
692 3414 814 3466 includas
838 3415 868 3464 in
892 3430 1020 3477 caveam,
1043 3415 1184 3485 impeditus

156 3485 213 3535 vim
230 3501 307 3535 suam
325 3499 383 3535 non
399 3485 504 3553 perdit,
529 3484 576 3535 sed
593 3501 720 3535 exercere
738 3499 793 3534 uon
811 3489 913 3551 potest;
937 3482 976 3532 ita
1000 3483 1113 3534 animus
1134 3498 1184 3534 non

157 3552 256 3602 transit
272 3553 302 3602 in
318 3552 384 3604 vitia
401 3554 539 3622 corporis,
565 3553 611 3602 sed
636 3569 667 3603 ex
690 3552 746 3603 eius
764 3551 956 3602 coniunctione
973 3549 1125 3620 impeditus
1140 3564 1185 3601 net

157 3627 266 3673 exercet
281 3620 336 3670 vim
353 3637 439 3673 suam.
474 3623 510 3672 Et
534 3621 655 3670 occurrit
677 3620 757 3671 illud:
781 3618 872 3670 Omne
898 3618 970 3687 quod
993 3621 1186 3689 corrumpitur,

157 3698 302 3741 aeternum
318 3705 374 3739 non
392 3697 440 3741 est.
474 3689 501 3739 Si
518 3690 625 3741 animus
642 3689 755 3753 insanit,
778 3687 920 3751 irascitur,
936 3686 1091 3754 desiderat,
1107 3691 1185 3751 timet,

158 3765 235 3808 maret
251 3757 427 3823 aeternitate,
451 3758 495 3808 cui
513 3765 576 3808 sunt
597 3759 649 3809 ista
667 3756 811 3808 contraria.
847 3757 921 3806 Nam
937 3756 1028 3824 passio
1046 3757 1186 3810 aeternita-

158 3835 219 3877 tem
234 3825 351 3876 resolvit.
387 3826 466 3893 Quod
483 3827 545 3877 ideo
561 3825 661 3876 salsum
679 3843 736 3878 esse
754 3824 883 3875 dicimus:
908 3825 974 3892 quia
991 3826 1104 3876 animus
1124 3820 1185 3877 nihil

159 3911 210 3962 per
228 3910 257 3944 se
281 3893 400 3960 patina,
422 3894 470 3945 sed
492 3895 601 3946 laborat
624 3910 657 3944 ex
681 3893 804 3960 corporis
821 3892 1023 3943 coniunctione.
1059 3895 1097 3945 Et
1119 3889 1184 3946 aliud

161 3970 216 4027 est,
231 3979 281 4032 per
299 3977 379 4012 suam
395 3970 525 4014 naturam
542 3962 696 4030 corrumpi:
720 3961 795 4013 aliud
813 3977 863 4026 per
882 3972 1042 4012 contactum
1065 3963 1111 4028 (al.
1128 3976 1183 4012 con-

162 4027 296 4095 trarium)
318 4029 361 4082 rei
381 4030 502 4085 alterius.
536 4031 667 4084 Videmus
689 4030 766 4084 enim
786 4030 841 4082 tale
858 4029 962 4100 aliquid
979 4039 1012 4081 ut
1027 4031 1058 4085 iu
1074 4032 1184 4091 lucerna,
