2454 4500
159 260 227 331 494
422 256 560 323 sautu
581 256 940 325 COMMENTARIUS

99 508 102 513 ι
162 443 254 497 omitti
274 443 414 517 potuisse]
450 443 617 513 Venturique
641 445 752 495 inscius
769 445 849 507 mi,
871 459 932 496 uon
948 446 1038 509 aeui,
1058 442 1109 497 sesi
1123 459 1178 513 quse

161 515 192 567 iu
214 528 281 567 sevo
303 523 383 569 eraut
404 516 505 567 sums.
526 541 562 552 -
598 518 661 571 629.
684 513 787 579 Stirpis
810 514 846 563 als
870 515 1022 577 Ascanio‚·
1051 529 1136 581 usque
1153 511 1178 563 sl

161 584 313 649 saeuum
329 586 484 637 &erarem
515 581 706 651 [Pugnataque
724 583 756 632 in
773 582 873 633 ordine
889 580 983 645 bellae
1009 589 1042 634 et
1061 582 1109 633 hic
1129 580 1179 631 sulr

162 651 251 703 amisi
266 660 356 720 potest
370 651 405 704 de
420 652 548 705 Amic:
569 659 598 701 et
614 649 685 702 bella
706 649 845 701 bouum
866 649 1027 715 (Albanos.)
1050 666 1123 718 quae
1135 649 1180 698 lio

161 734 309 773 manorum
325 721 355 773 ia
376 721 469 790 clypeo
486 719 552 771 dicit
565 717 597 784 *1.
616 745 651 755 -
683 723 745 776 63st
760 717 906 768 marrus
923 722 958 768 in
976 733 1082 780 ontro;
1104 724 1181 786 poseo

161 786 249 857 accipi
271 798 301 842 et
316 789 425 858 jecerat
447 790 542 856 lupam
558 786 713 849 Mauortis,
736 793 764 837 et
778 786 923 837 Mauortis
948 790 984 837 in
1002 799 1099 838 antro.
1131 787 1181 854 [la-

161 854 223 907 bius
238 857 395 925 speluncam
410 857 507 911 Martis
523 853 608 919 dixit]
639 854 761 906 Dicendo
785 862 880 906 amem
907 867 935 905 rt
957 856 1087 906 ostendit
1107 855 1181 905 usur

162 922 216 975 alia
237 924 318 978 ittisse
339 926 374 979 de
394 926 454 976 'cta
500 925 567 993 [Est
586 931 681 975 autem
703 922 812 989 elegans
832 922 924 990 figura
947 923 1079 983 Fecerat,
1091 940 1179 990 procu·

164 992 272 1059 tuisse,
294 998 366 1045 sene'
406 1010 438 1045 us
461 993 552 1061 operis
574 998 605 1040 ut
625 990 680 1042 tale
702 992 848 1042 rideretisr.
889 990 1013 1043 Foetom
1037 1006 1105 1044 sero
1121 1007 1178 1060 quas

162 1063 271 1129 sapuit
285 1070 314 1114 et
335 1063 442 1115 nutrire
463 1057 610 1132 potuisset]
626 1086 661 1097 —
693 1064 754 1116 631.
770 1056 975 1122 Proculuisse3
1000 1061 1079 1125 ie„
1101 1059 1180 1127 prims

161 1134 240 1199 parts
255 1147 284 1183 ss
299 1129 450 1194 inclinasse,
467 1129 539 1197 quod
549 1126 650 1179 Graeci
662 1124 825 1193 aponiano
839 1127 949 1179 dicunt:
967 1137 1003 1179 ut
1012 1127 1179 1180 inclinatione

161 1200 284 1263 corpoeis
307 1197 394 1250 ubera
415 1198 562 1266 praeberet
582 1197 740 1247 infasrtibus.
779 1196 854 1247 Nam
875 1195 900 1245 si
922 1199 1130 1262 procubuisse,
1147 1197 1179 1247 is·

161 1262 248 1320 cuim
270 1267 400 1335 accipias,
422 1265 591 1317 contrarium
616 1271 669 1329 est,
696 1263 769 1332 quod
791 1264 872 1315 dicit:
900 1262 1020 1316 Ludere
1043 1266 1177 1333 peridem

161 1347 269 1395 pueros.
309 1334 405 1403 [Quod
428 1335 450 1385 si
473 1334 669 1400 procubuisse,
691 1340 723 1382 ut
743 1333 822 1397 (82.):
853 1331 925 1382 Cum
945 1334 1035 1401 foetu
1061 1334 1176 1387 concolor

162 1400 226 1454 albo
257 1401 420 1467 Procubuit,
455 1403 654 1469 acciperemus,
683 1399 835 1465 intelligere
865 1399 1004 1453 debemus
1034 1403 1176 1471 pendentes,

162 1465 295 1522 desiderio
313 1470 458 1523 alimoniae
473 1485 630 1537 stupentes,
651 1468 694 1520 vel
715 1468 850 1532 intentos,
870 1477 902 1519 ut
920 1474 964 1534 (a,
982 1470 1056 1532 79.):
1080 1469 1176 1521 Perta-

161 1550 214 1601 φα
236 1541 336 1590 iterum
361 1541 506 1589 narrantis
523 1539 557 1589 ab
582 1555 635 1588 ore.
668 1536 720 1587 Alii
737 1534 900 1598 Pendentes‚
924 1548 1083 1604 cessantes,
1106 1542 1176 1603 atil,
1214 1594 1217 1603 Α

160 1605 229 1669 &iis
253 1606 375 1658 Pendeat
399 1624 481 1674 opera
506 1609 676 1672 interrupta,
701 1606 845 1671 minaeque
861 1604 1022 1657 Musarum
1047 1603 1176 1675 ingentes]

161 1672 306 1727 Sciendum
322 1685 431 1739 tamen,
446 1675 559 1727 voluisse
576 1691 640 1727 eum
657 1681 764 1741 gestum
781 1672 891 1740 proprie
909 1677 1090 1743 exprimere,
1104 1688 1175 1743 quen

152 1742 190 1793 in
207 1744 290 1811 ipsius
306 1745 386 1812 lupae
404 1746 542 1795 cemimus
559 1746 660 1794 statuis.
696 1739 828 1792 Geminos
845 1741 930 1806 huic,
953 1761 990 1796 re
1014 1760 1081 1796 vera
1102 1743 1173 1811 gem'r
1215 1740 1217 1745 ’

160 1827 209 1861 nos
227 1812 324 1863 modo:
349 1813 413 1864 elias
434 1812 544 1863 similes.
577 1810 647 1862 Sane
670 1817 742 1860 totus
765 1811 811 1861 hic
831 1809 908 1860 locus
924 1811 1073 1863 Ennianus
1090 1821 1135 1865 cst
1149 1836 1174 1848 ·-

159 1884 221 1936 632.
239 1878 362 1944 Ludere,-
379 1880 498 1940 moreri3
515 1879 659 1931 Terentius
676 1877 759 1944 (Adel
771 1885 796 1942 3,
810 1880 836 1941 4,
850 1878 916 1939 m:
935 1879 1086 1948 Congrum
1102 1883 1175 1931 istun

161 1950 314 1998 maximum
344 1951 487 2017 paulisper
517 1949 548 1997 in
574 1965 647 2013 aqua
678 1948 764 1998 sinito
789 1948 898 2011 ludere,
933 1949 972 2015 [i.
999 1967 1027 2001 e.
1056 1945 1175 2011 morari.}

160 2012 293 2085 Lamlrere
311 2031 437 2079 matrem,
460 2017 536 2085 quasi
552 2025 687 2080 matrem,
711 2018 785 2066 cuius
809 2017 940 2067 affectum
963 2017 1063 2085 pueris
1079 2018 1176 2071 exhihe-

160 2082 215 2135 bat.
248 2084 327 2152 [Sane
346 2095 448 2138 veteres
472 2086 554 2136 etiam
578 2085 697 2135 nutrices
716 2082 816 2134 matres
832 2084 983 2148 vocabant,
1008 2094 1041 2135 ut
1058 2087 1097 2136 ait
1112 2085 1175 2135 Pliu·

159 2159 202 2201 tus
219 2151 247 2203 in
265 2154 452 2205 Menaechmis
470 2152 550 2219 (Prot
569 2154 634 2216 19.):
658 2153 692 2201 Et
715 2165 800 2202 mater
825 2169 881 2201 non
904 2155 999 2219 possit
1024 2156 1176 2221 dignoscere

160 2236 230 2286 quae
257 2239 395 2271 mammon
420 2219 528 2284 dabat]
551 2247 584 2256 -
625 2227 685 2277 633.
711 2220 801 2271 Tereti
825 2224 946 2281 'cervicc;
977 2222 1100 2273 rotunda
1122 2238 1175 2271 cum

158 2288 335 2353 longitudine.
371 2292 405 2340 Ut
422 2292 463 2352 (E.
481 2296 513 2352 8,
531 2290 596 2349 16.):
621 2288 786 2339 incumbens
804 2292 881 2339 tereti
899 2289 1019 2340 Damon
1038 2294 1081 2340 sic
1099 2292 1176 2356 caepit
1215 2318 1217 2369 ,

161 2357 257 2407 olivae.
276 2383 308 2393 -
342 2362 402 2415 634.
420 2358 543 2408 Mulcerc
561 2360 697 2418 alternos,
722 2374 777 2408 non
794 2356 867 2425 quod
890 2358 920 2408 in
939 2358 1055 2425 pictura
1072 2368 1131 2410 erat
1145 2358 1177 2408 di·
1215 2376 1217 2397 1

159 2424 208 2474 cit:
232 2424 278 2475 sed
302 2424 330 2475 id
354 2426 426 2493 quod
449 2425 624 2492 intelligimus
647 2428 751 2477 iactum
773 2427 864 2476 fuisse.
902 2427 938 2476 Ut
956 2433 1003 2492 (1,
1020 2432 1109 2489 483.):
1132 2426 1177 2475 Ter

159 2495 263 2543 circum
282 2493 387 2545 Iliacos
412 2506 567 2557 raptaverat
590 2493 708 2545 Hectora
735 2511 837 2545 muros.
877 2494 912 2543 Et
934 2511 1055 2559 corpora
1075 2495 1175 2563 fingere

159 2562 276 2628 lingua,-
293 2563 310 2613 i.
327 2581 349 2614 e.
367 2571 483 2629 tergere.
518 2562 614 2613 Cicero
631 2563 660 2613 in
677 2562 798 2614 Sestiana
816 2562 893 2628 (35.):
910 2562 1048 2630 Spongiis
1064 2565 1174 2630 sanguis

158 2630 359 2698 effingebatur,
382 2633 399 2681 i.
420 2650 442 2683 e.
464 2630 630 2697 tergebatur.
670 2631 798 2698 [Fingere
821 2639 915 2682 tarnen
940 2638 970 2682 et
994 2633 1118 2683 formare
1135 2632 1174 2681 ali·

157 2699 236 2766 quid,
260 2708 287 2752 et
311 2700 345 2751 ad
367 2700 506 2767 integram
530 2699 631 2749 faciem
649 2707 711 2750 arte
727 2699 877 2766 perducere
891 2699 1045 2766 significan
1069 2699 1131 2750 inde
1140 2699 1173 2766 fl-

158 2780 244 2819 ctores
263 2768 404 2829 dicuntur,
420 2768 466 2835 qui
483 2766 616 2834 imagines
633 2766 676 2819 vel
692 2767 769 2835 signa
785 2784 816 2819 ex
835 2785 898 2819 aere
915 2767 956 2819 vel
976 2784 1042 2818 cera
1059 2765 1173 2830 faciunt]

157 2864 191 2873 —
224 2843 284 2893 635.
304 2836 361 2887 Νισ
378 2838 476 2903 procul
493 2834 559 2884 hinc
576 2835 693 2885 Romam
700 2859 709 2899 ,·
736 2851 855 2902 congrue
878 2836 953 2886 iuxta
970 2835 1100 2902 proprios
1118 2851 1172 2884 con-

156 2904 264 2957 ditores.
298 2905 405 2971 Raptor
423 2908 484 2955 sine
503 2921 576 2954 more
594 2904 730 2965 Salinas,
752 2912 843 2974 raptas
869 2918 901 2954 ex
924 2903 1099 2969 spectaculo,
1120 2905 1169 2955 sine

156 2972 210 3022 ullo
229 2974 359 3039 exemplo.
395 2974 457 3039 [Aut
472 2973 530 3023 sine
548 2973 603 3022 ullo
628 2972 699 3023 hono
717 2987 810 3034 more;
834 2971 875 3022 vel
899 2984 1013 3037 raptas,
1037 2978 1170 3040 stupratas,

155 3039 214 3093 ie.
231 3056 281 3106 par
305 3042 367 3092 vim.
405 3040 524 3092 Historia
547 3049 639 3093 autem
661 3040 722 3091 talis
745 3047 792 3092 est
825 3039 958 3090 Romulus
985 3056 1052 3090 cum
1069 3040 1169 3090 turbam

156 3110 255 3159 civium
279 3125 334 3160 non
358 3109 485 3173 haberet,
509 3109 611 3176 asylum
635 3108 769 3171 condidit,
791 3107 826 3158 ad
849 3124 932 3174 quiem
954 3106 1051 3157 locum
1074 3108 1097 3157 si
1119 3107 1169 3175 quis

155 3177 322 3244 confugisset
345 3194 408 3228 eum
426 3176 521 3228 exinde
544 3193 600 3228 non
617 3176 710 3227 liceret
727 3175 845 3238 auferri,
868 3176 913 3226 hic
936 3191 1003 3226 cum
1019 3175 1123 3226 videret
1138 3176 1167 3224 ri·

154 3261 250 3295 rorum
279 3245 481 3296 multitudinem
511 3245 568 3296 sine
598 3244 739 3294 connubiis
769 3259 847 3310 posse
870 3242 1016 3310 deperire,
1045 3261 1063 3294 a
1085 3243 1167 3294 vicinis

153 3313 304 3364 civitatibus
322 3312 498 3364 matrimonia
515 3311 669 3381 postulavit,
693 3313 740 3364 sed
758 3313 792 3362 ab
810 3311 849 3362 eis
866 3310 1057 3377 contemptus,
1081 3312 1167 3363 celetas

153 3398 181 3431 se
200 3383 325 3448 Neptuno
343 3381 469 3448 Equestri
488 3379 553 3443 deo,
575 3380 622 3447 qui
639 3387 666 3430 et
684 3381 787 3431 Consus
812 3379 924 3442 dicitur,
948 3379 1092 3430 editurum
1114 3394 1166 3448 pro·

152 3450 256 3518 posuit,
281 3451 316 3501 ad
332 3466 399 3516 qnos
416 3449 515 3500 celetas
533 3464 596 3499 cum
613 3447 646 3499 de
663 3448 756 3499 vicinis
773 3447 924 3497 civitatibus
947 3450 1071 3497 inaximo
1087 3446 1165 3497 multi·

151 3518 217 3568 tudo
236 3533 298 3567 cum
315 3518 441 3568 omnibus
463 3517 572 3567 feminis
589 3517 768 3581 convenisset,
790 3514 921 3565 Romulus
946 3533 992 3567 eas
1017 3517 1095 3583 signo
1111 3517 1165 3566 dato

151 3585 213 3649 rapi
231 3585 264 3636 de
280 3585 431 3654 spectaculo
449 3587 528 3648 fecit,
553 3585 587 3634 ob
605 3600 687 3650 quam
711 3602 772 3636 rem
795 3582 933 3634 assisinis
956 3583 1063 3634 bellum
1088 3584 1112 3636 ei
1132 3583 1165 3632 in-

153 3653 255 3702 dictum
281 3662 335 3716 est,
357 3656 387 3705 in
411 3670 464 3721 quo
489 3669 552 3704 cum
575 3653 632 3704 iam
656 3663 734 3720 capto
753 3670 768 3702 a
785 3650 889 3702 Sabinis
907 3652 1045 3720 Capitolio
1068 3652 1098 3704 in
1113 3652 1163 3702 iuro

151 3720 278 3771 Romano
296 3730 478 3790 pugnaretur,
502 3728 529 3773 ot
547 3722 602 3773 eius
619 3721 720 3772 milites
743 3722 884 3787 fugerent,
908 3720 963 3770 Iovi
982 3720 1084 3772 Statori
1104 3728 1163 3770 tem·

151 3789 227 3856 plum
244 3806 271 3840 se
289 3794 425 3841 inclinum
444 3807 501 3841 esse
519 3790 658 3857 promisit,
683 3791 706 3840 si
730 3789 786 3841 eius
801 3790 919 3839 stetisset
936 3791 1078 3839 exercitus.
1112 3787 1163 3854 Quo

149 3865 211 3905 voto
229 3858 350 3908 restituto
368 3875 458 3925 pugna
481 3874 545 3909 cum
564 3875 661 3927 orrceps
678 3865 761 3920 esset,
784 3856 1028 3907 intervenientibus
1053 3853 1164 3908 mulieri·

150 3924 200 3975 bus
217 3924 380 3976 Sabinorum
403 3944 473 3992 quae
497 3926 553 3977 iam
570 3926 700 3976 Ronranis
728 3933 829 3991 nuptae
854 3932 947 3987 erant,
971 3941 1066 3991 pugna
1083 3925 1163 3976 sedate

150 4000 205 4055 est,
230 4002 258 4047 et
280 3993 334 4047 icto
356 3994 466 4048 foedere
484 3995 579 4048 Tatius
594 3993 652 4046 Rex
668 3994 833 4047 Sabinorum
856 3993 886 4047 in
909 4001 1023 4064 partem
1039 3994 1113 4047 urbis
1127 4006 1163 4043 aa·
