2454 4500
87 269 90 281 ¹
149 258 215 339 reo
356 206 369 351 ζ
410 210 553 313 sinui
575 244 931 311 counanrsmus

1124 375 1136 404 ἱ

146 437 240 495 vicinis
256 437 360 490 scilicet
380 437 497 505 populis.
534 436 635 488 Ventos
653 446 825 488 contemnere
831 458 841 501 ,·
866 444 982 506 propter
1004 444 1101 490 terrae
1124 450 1187 495 mo·

146 505 228 572 tum]
240 530 275 544 ·-
308 511 351 563 79.
369 507 510 574 Apollinis
529 508 639 570 urtem3
655 504 759 558 Delon:
777 513 804 558 et
820 511 860 557 est
871 505 1002 558 definitio.
1034 505 1186 573 [Eiusdem

146 575 268 629 nominis
292 583 321 628 et
343 574 426 639 urbs,
440 583 478 635 ,et
500 571 590 636 insula
613 575 697 627 Delos
719 573 839 638 dicitur]
856 601 892 612 —
925 580 969 631 80.
993 573 1185 645 ΒιωΙΑηὶιιες

145 646 241 713 [Anius
264 651 374 709 autem,
396 660 446 696 rex
462 643 539 710 Deli,
561 643 693 714 Apollinis
709 643 851 708 sacerdos,
872 657 937 694 eum
954 642 1043 693 trium
1060 643 1182 696 filiarum

148 721 219 765 esset
235 727 351 779 parens,
374 728 409 763 ne
427 712 507 762 unius
524 719 635 763 tantum
652 709 706 763 Dei
724 727 781 764 esse
798 715 869 762 totas
885 712 899 743 *
915 711 1015 768 auxilio
1031 707 1091 772 ulia
1109 717 1182 779 (curn

146 783 181 834 aL
197 782 294 833 Burin.
310 780 367 831 Dei
384 792 454 831 esset
471 780 556 831 'sutus
572 782 700 846 pusilio,
721 779 820 848 filies)
844 779 954 831 numini
976 774 1090 834 Liberi*
1119 781 1184 832 atris

145 850 266 914 devovit,
290 849 338 918 qui
361 865 459 919 parem
477 850 503 902 ei
520 850 646 917 gratiam,
665 845 791 901 reddensx
800 848 906 914 effecit,
929 852 960 900 ut
975 799 1118 921 quidquid¹
1128 865 1182 902 una

145 918 279 986 attigisset
295 922 449 969 verteretur
465 917 495 969 in
511 920 619 986 fruges,
636 918 723 973 altera
740 917 770 969 in
786 918 898 980 vinum,
920 919 1006 970 tertia
1022 913 1055 971 in
1073 920 1181 979 oleum3

146 988 176 1040 id
193 1002 258 1038 cum
275 986 456 1053 comperisset
472 988 665 1053 Agamemnon
682 985 735 1037 dux
751 986 931 1054 Argivorum,
955 998 1020 1037 cum
1038 987 1118 1043 mille
1134 1004 1183 1040 nud

146 1056 224 1107 vibus
243 1063 449 1125 oppugnaturus
465 1055 521 1107 iret
537 1056 669 1116 Troiam,
693 1055 768 1106 misit
791 1046 838 1122 ciui
862 1069 907 1106 eas
929 1055 1101 1108 accersirent
1123 1060 1180 1122 (or-

149 1124 272 1189 cesser.),
297 1131 327 1172 ut
342 1129 440 1193 'posset
457 1124 531 1176 alere
548 1125 683 1177 Graeciae
708 1123 874 1188 exercitum,
898 1138 969 1192 quae
990 1135 1058 1175 cum
1076 1124 1180 1177 tinctae

147 1197 308 1246 tenerentur
330 1190 526 1244 invocaverunt
542 1193 679 1245 Liberum
695 1200 821 1260 patrem,
843 1206 910 1260 quas
926 1192 972 1246 ille
989 1188 1020 1244 in
1036 1194 1180 1245 columbas

148 1262 245 1326 vertit,
268 1267 298 1312 et
319 1259 358 1312 ita
374 1258 484 1314 vincula
505 1259 574 1313 fecit
590 1263 696 1331 effuges
721 1279 728 1312 ε
751 1262 823 1313 unde
840 1256 978 1328 hodieque
995 1261 1060 1314 Deli
1077 1263 1180 1314 colum·

147 1330 197 1382 bas
215 1328 315 1380 violare
332 1329 410 1380 nefas
428 1337 481 1381 est:
501 1324 576 1382 hunc
592 1338 688 1388 tamen
727 1329 821 1392 nium,
845 1326 981 1382 Paielatus
1005 1329 1093 1382 etiam
1117 1346 1180 1399 pro-

133 1420 135 1436 ·
146 1400 284 1467 pinquum
298 1393 391 1451 ,tradit
406 1393 548 1450 Anchisae.
581 1399 634 1451 Alii
657 1398 753 1450 dicimt
773 1399 854 1452 huius
877 1394 940 1449 Anii
961 1394 1051 1450 tiliam
1076 1399 1180 1452 occidte

63 1462 65 1469 ’
147 1467 183 1519 ab
201 1469 294 1519 Aenea
310 1473 466 1533 stupratam
483 1461 598 1519 edidisse
615 1466 704 1518 filium
722 1467 836 1518 nomine
853 1468 903 1518 An.
920 1469 934 1499 *
951 1463 1086 1533 (Anium).
1120 1467 1180 1518 Res

147 1549 173 1588 et
190 1536 337 1602 sacerdos3
361 1533 407 1585 hic
424 1535 508 1586 Anius
525 1536 656 1601 Apollinis
679 1536 766 1600 iilius,
787 1546 835 1587 rex
851 1534 914 1586 Deli
931 1543 961 1587 et
976 1537 1106 1589 sacerdos
1121 1536 1182 1601 fuit,

146 1603 195 1675 qui
211 1604 309 1656 habuit
324 1602 414 1654 filium
430 1600 543 1655 Andron
557 1604 692 1674 ,nominet
715 1601 789 1657 unde
805 1603 911 1655 Andros
932 1601 1022 1657 insula
1044 1604 1181 1676 appellata

111 1708 114 1719 .
146 1682 203 1740 est,
227 1673 262 1725 ad
280 1686 364 1740 quem
380 1671 511 1724 Anchises
534 1681 600 1725 ante
616 1673 750 1724 Troicum
767 1673 872 1725 bellum
888 1673 1044 1725 consultum
1062 1681 1181 1738 venerat,

147 1760 183 1795 an
201 1741 371 1794 Salaminam
388 1744 495 1811 peteret
511 1756 604 1794 comes
620 1740 747 1807 Priamo,
763 1742 837 1793 unde
855 1744 883 1794 et
899 1743 1065 1810 agnoscitur.
1099 1739 1180 1807 Sane]

146 1811 288 1864 maiorum
306 1810 381 1862 enim
398 1805 467 1862 haec
484 1814 544 1863 erat
560 1811 741 1874 consuetudo,
767 1813 799 1862 ut
821 1824 869 1862 rex
893 1813 963 1863 esset
986 1811 1076 1864 etiem
1092 1822 1181 1864 sacer·

146 1881 211 1943 dos,
228 1879 271 1932 vel
287 1879 331 1948 (al.
349 1878 383 1941 et)
400 1880 530 1946 pontifex.
539 1884 545 1897 ”
564 1880 642 1932 Unde
666 1878 805 1948 hodieque
830 1879 1015 1946 imperatores
1037 1880 1181 1951 pontifices

146 1949 273 2001 dicimus.
290 1974 326 1985 -
360 1953 402 2018 81.
427 1947 511 1999 Victis
529 1954 554 1999 et
572 1945 671 2013 lauro,·
695 1950 792 2014 vittae,
811 1949 958 2000 sacerdotis
975 1956 1054 2000 sunt:
1079 1951 1179 2000 laurus

145 2033 211 2069 vero
237 2018 323 2070 etiam
346 2017 530 2084 imperatoris
545 2016 662 2068 victoris.
680 2043 715 2055 -
756 2023 800 2074 82.
824 2016 960 2067 Anchises
984 2020 1068 2069 amic.
1076 2042 1086 2083 ,·
1109 2012 1179 2070 urcei

145 2083 178 2140 sd
198 2084 372 2153 sicincipiens
388 2085 577 2154 intelligimus.
611 2085 685 2137 Nam
700 2084 839 2155 quomodo
857 2086 961 2137 fuerint
977 2085 1072 2153 amici,
1087 2088 1180 2155 palam

53 2156 67 2178 ·'
146 2155 251 2224 [poeta]
268 2172 325 2207 non
342 2153 417 2206 dicit.
433 2179 467 2192 —
501 2160 545 2211 83.
562 2153 694 2224 Hospitio
702 2179 711 2219 ,·
735 2156 818 2223 [licet
833 2155 937 2205 Probus
955 2164 1087 2222 quaerat,
1114 2154 1180 2224 quiid

145 2227 194 2276 sit:
212 2226 364 2292 Iungimus
381 2222 503 2291 hospitio
523 2225 651 2289 dextras,
674 2223 781 2288 tamen]
799 2224 930 2293 septimus
948 2239 1025 2275 casus
1044 2233 1099 2289 est,
1122 2225 1140 2276 i.
1157 2241 1180 2276 e.

145 2293 206 2346 iure
230 2292 430 2363 hospitalitatis.
464 2293 537 2343 Nam
555 2290 591 2342 nd
609 2293 763 2359 hospitium
782 2308 838 2343 non
855 2299 944 2362 potest
960 2291 1094 2361 intelligi:
1117 2293 1181 2360 quia

146 2363 205 2414 iam
222 2362 326 2414 amicus
344 2361 411 2423 fuit;
435 2363 495 2428 [aut
516 2361 587 2412 sicut
603 2363 717 2429 quidam
740 2362 867 2425 tradunt,
891 2364 1041 2427 iungimus
1061 2361 1181 2426 dextras,

146 2444 172 2482 et
186 2431 307 2496 hospitio
323 2441 392 2480 tecta
408 2433 545 2480 subimus.
559 2456 594 2466 —
628 2434 671 2486 SA.
692 2431 805 2498 Temple
821 2429 892 2494 Dei;
909 2430 962 2480 hoc
979 2430 1054 2482 irrita
1072 2429 1182 2499 augurii

146 2515 249 2568 genus,
267 2501 339 2567 quod
358 2501 491 2548 stativum
509 2499 623 2564 dicitur,
640 2501 748 2564 retulit,
765 2501 865 2567 inquo
884 2498 1110 2564 considerantur,
1127 2512 1181 2567 quo

145 2571 176 2621 in
193 2569 254 2619 loco
272 2568 388 2636 auguria
405 2568 502 2636 peragi
516 2567 642 2619 debeant.
679 2569 751 2620 Nam
767 2566 830 2619 ideo
848 2566 901 2619 ait:
920 2567 1035 2634 Templa
1051 2570 1097 2619 dei
1110 2584 1180 2619 sexo

146 2639 301 2688 venerabar
318 2645 424 2687 structo
443 2649 564 2702 vetusto,
582 2644 609 2689 et
625 2633 775 2688 subiunxit:
794 2634 889 2702 Quove
907 2638 947 2686 ire
967 2639 1055 2688 iubes.
1090 2637 1126 2687 Et
1141 2652 1184 2687 ex·

145 2706 224 2759 inde:
243 2705 290 2756 De
308 2718 386 2772 poter
403 2708 568 2774 augurium.
604 2703 673 2758 Sane
691 2705 848 2774 quaeritur,
866 2721 915 2755 cur
932 2722 1027 2756 saxum
1045 2714 1182 2758 vetustum

146 2771 251 2827 dixerit.
286 2771 339 2826 Sed
361 2775 479 2826 traditur
503 2789 519 2826 o
543 2772 684 2842 plurimis,
708 2775 780 2826 inter
804 2790 870 2842 quos
895 2774 979 2824 etiam
998 2776 1118 2842 Epafus,
1141 2774 1182 2825 vir

145 2841 342 2914 peritissimus,
365 2845 466 2909 refert,
490 2840 603 2913 Delphis
621 2841 742 2912 quodam
759 2851 885 2912 tempore
904 2843 1039 2908 evenisse,
1064 2851 1095 2894 ut
1111 2845 1183 2894 tun·

145 2913 224 2982 plum
240 2913 399 2979 religiosum
414 2921 478 2964 ante
496 2921 523 2964 et
539 2916 686 2978 intactum,
704 2913 851 2982 spoliatum
867 2912 1066 2980 incensumque
1084 2912 1133 2978 sit,
1150 2928 1182 2963 ac

146 2989 209 3048 post
238 2982 337 3032 multas
362 2981 501 3033 Corinthii
531 2982 616 3034 urbes
639 2982 799 3049 innulasque
825 2980 962 3046 proximos
986 2989 1080 3032 terrae
1104 2989 1183 3031 motu

145 3049 270 3115 haustas,
299 3050 389 3100 Delon
418 3067 509 3119 neque
542 3059 639 3115 antea,
670 3062 761 3117 neque
793 3057 888 3116 postea
918 3050 972 3100 hoc
1001 3046 1182 3101 incommodo

146 3128 271 3170 vexatam
296 3117 366 3169 sieut
384 3119 539 3172 Tnthrodes
557 3121 603 3185 (cf.
621 3119 743 3187 Thucyd.
762 3128 794 3182 2,
811 3117 864 3181 8.);
889 3119 1066 3185 quodetiam
1084 3120 1182 3171 Cicero

146 3187 176 3238 in
201 3195 331 3258 praetura
355 3185 537 3239 Verrinarum
561 3192 611 3253 (1,
629 3192 688 3249 18.)
713 3188 751 3237 ita
776 3187 828 3236 ait:
855 3186 1000 3255 Tantaque
1023 3190 1070 3238 uis
1094 3186 1183 3238 huius

147 3258 297 3324 religionis
316 3267 371 3319 est,
389 3266 413 3306 et
431 3272 536 3323 semper
548 3258 628 3325 fuir,
647 3269 677 3307 ut
695 3274 728 3306 ne
747 3250 846 3307 Persae
865 3256 976 3323 quidem
995 3273 1059 3306 cum
1078 3257 1182 3307 lelium

145 3337 233 3376 totum
252 3327 335 3376 Asine
354 3323 443 3391 (Fabr.
461 3335 518 3377 tota
537 3327 619 3393 Asin,
639 3327 733 3377 Burm.
750 3325 801 3375 toti
819 3324 963 3386 Graeciae)
983 3327 1041 3375 diis
1060 3326 1182 3393 homini·

146 3395 252 3461 busque
277 3395 464 3460 indixissent,
489 3407 513 3445 et
538 3397 614 3446 mille
633 3398 756 3446 navium
783 3392 900 3444 classem
926 3394 1030 3443 Delum
1056 3395 1183 3462 appulis·

147 3475 221 3528 sent,
246 3466 396 3530 quicquam
422 3475 605 3530 conarentur,
630 3477 680 3514 aut
703 3461 825 3528 violare,
850 3475 901 3513 aut
923 3464 1077 3530 adtingere.
1119 3463 1183 3513 Non

145 3532 251 3582 mirum
275 3534 342 3599 ergo
367 3529 390 3582 si
414 3536 462 3582 aut
484 3530 519 3583 ad
545 3533 649 3599 (Burm.
674 3536 745 3584 coni.
763 3534 800 3582 nd
819 3531 902 3598 haec,
925 3548 945 3584 s.
963 3532 1030 3593 sun)
1054 3540 1183 3602 tempora

145 3605 227 3670 poeta
250 3600 405 3669 respondit,
429 3597 528 3652 autad
551 3601 682 3670 pristina,
706 3609 800 3671 utpote
824 3601 897 3668 qiiud
921 3601 1020 3666 religio
1038 3616 1183 3669 nunquam

146 3669 259 3719 omnino
283 3680 378 3719 vexata
400 3666 446 3721 illo
471 3685 519 3721 suo
545 3668 656 3736 antiquo
688 3677 716 3721 et
737 3677 841 3721 vetusto
867 3685 929 3719 saxo
952 3669 1113 3734 colebatur,
1141 3667 1184 3721 vel

145 3749 269 3802 vetusto,
285 3736 423 3802 religioso.
458 3734 496 3789 Et
510 3739 583 3806 quod
606 3739 765 3789 Venernbor
783 3740 830 3803 ait,
848 3738 966 3790 ostendit
984 3756 1013 3790 se
1030 3745 1184 3808 precatum.

144 3831 180 3845 ··-
214 3812 257 3862 85.
275 3804 322 3853 Do
340 3807 501 3873 propriam
525 3807 576 3873 da,
592 3804 653 3872 die,
677 3808 786 3872 indica,
807 3807 902 3877 Apollo
920 3808 997 3860 enim
1015 3823 1074 3859 non
1090 3806 1184 3871 dandi,

144 3874 192 3925 sed
208 3874 319 3925 dicendi
335 3873 421 3926 habet
437 3880 609 3945 potestatem.
645 3876 794 3942 Quaeritur
819 3876 905 3929 etiam
928 3892 978 3926 cur
995 3878 1102 3928 Aeneas
1120 3891 1185 3925 cum

144 3941 246 3995 Delum
263 3941 395 4006 venisset,
419 3944 500 3996 nullis
517 3945 592 4016 prins
616 3940 711 3996 hostiis
728 3945 813 3997 caesis
830 3946 925 3996 statim
942 3960 959 3994 a
975 3945 1106 4014 precibus
1123 3959 1186 3996 coe·

137 4012 234 4080 perit:
260 4010 326 4080 quia
349 4011 463 4064 tradunt
479 4010 575 4081 multi,
597 4008 671 4066 inter
688 4030 756 4084 quos
780 4020 808 4067 et
824 4015 929 4082 Varro,
953 4029 1012 4067 esse
1039 4028 1102 4088 ¹arao
1124 4021 1186 4064 tam
