2454 4500
49 351 64 361 ᾖ
135 258 172 315 a
194 252 351 359 maon.
373 253 546 317 suumn.
569 251 650 316 ma.
672 253 732 330 111,
752 216 951 326 270-2'79.
1000 256 1064 353 ros

18 434 165 508 plmalem
199 433 304 509 udatur
326 449 493 501 numerum,
520 436 587 490 licet
609 439 694 509 possit
716 448 745 493 et
767 440 911 509 singularis
934 458 1000 496 esse.
1024 468 1060 484 --

19 512 86 562 270.
105 505 181 573 [Iam
205 503 294 554 madio
320 514 434 568 apparet
450 505 565 572 fluctu,·
591 507 665 560 inxu
682 524 792 561 morem
809 511 978 562 cotidianum
994 511 1061 565 dixit

22 572 136 638 madio,
159 578 191 621 ut
212 571 237 621 si
259 570 398 623 dicamus:
423 576 455 622 in
474 576 563 626 medio
583 579 658 627 mari
676 578 863 646 naufragium
882 578 970 646 fecit,
992 597 1059 632 cum
1149 586 1153 593 ‘

22 642 169 695 interdum
191 655 248 690 non
271 638 354 707 longe
371 657 388 691 a
411 641 495 693 litore
509 642 668 711 contingit]
699 645 856 698 Nemorosa
873 648 1060 715 Zacynthon

23 708 129 763 insulas
152 707 288 760 Graeciae
317 717 528 760 commemorat.
576 713 652 779 [Hae
676 727 773 767 omnes
795 715 900 767 insulae
922 717 1060 769 Graeciae

23 785 104 845 arnt,
135 791 203 845 quas
226 777 380 827 Homerum
403 786 525 841 secutus,
555 781 668 832 mutatis
690 789 799 834 tantum
822 785 1060 837 conirmctionibns

23 845 59 899 de
74 843 234 897 Graeco'in
250 843 383 895 Latinum
399 846 544 898 transtulit.
578 846 733 905 Nemorosa
757 859 852 903 autem
869 854 949 904 Hom.
968 853 1060 921 (11.1,
1125 884 1130 891 ·

25 914 88 978 24»)
113 907 226 979 ilq'aooa
249 908 392 966 Ζάκυνθος
421 916 650 982 commemorat]
673 942 708 955 -
748 925 810 976 271.
833 920 984 987 Samequr,·
1007 922 1061 974 Ce-

25 982 174 1052 phalerriae
188 979 306 1050 [civitas]
321 982 429 1034 estista
445 983 547 1034 insula:
564 1001 630 1037 nam
647 984 742 1037 Samos
758 988 788 1038 in
804 987 867 1041 Asia
882 997 931 1042 est.
964 989 1060 1058 [Nari-

28 1060 85 1116 tsr,·
110 1065 193 1103 mons
215 1046 347 1115 Ithacae]
369 1076 405 1087 -
446 1059 508 1108 272.
532 1051 711 1121 Effugimus,
742 1057 892 1108 transimus
921 1057 1061 1111 celeriter.

28 1116 144 1172 Lairtia
163 1135 267 1186 regna5
289 1118 427 1184 irrisorie,
444 1133 510 1169 cum
526 1121 701 1189 praemiserit
717 1124 903 1190 scopulosum
920 1129 956 1192 (1,
974 1125 1060 1188 139.):

29 1187 170 1255 immania
186 1205 274 1253 saxa,
295 1186 424 1251 Vestras,
440 1186 529 1252 Eure,
556 1190 665 1240 domus.
683 1215 718 1227 ·-
752 1195 813 1249 274.
832 1192 974 1245 Leucatas
991 1201 1060 1256 etc.;

29 1252 148 1311 leucate
171 1255 215 1324 (el
233 1252 371 1321 Leucata,
395 1254 518 1316 Leucas)
540 1272 621 1309 mons
645 1266 687 1311 eat
708 1258 855 1312 altissimus
874 1260 974 1332 [prope
990 1279 1060 1332 pen·

30 1324 144 1393 insuIaJ,
165 1325 197 1377 in
213 1324 404 1395 promontorio
421 1324 514 1391 Epiri,
536 1324 611 1377 iuxta
626 1318 805 1380 Ambraciam
822 1329 924 1396 [sinum
941 1329 979 1397 et]
995 1330 1060 1381 civi-

31 1397 126 1447 tatem:
146 1408 235 1463 quom
251 1394 386 1514 Apparuit
402 1392 560 1459 Nicopolim
582 1395 742 1465 appellavit,
766 1397 841 1448 victis
864 1397 921 1450 illic
938 1397 1059 1451 Antonio

26 1468 59 1515 ‚et
77 1463 235 1534 Cleopatra.
314 1461 324 1511 i
355 1459 440 1512 etiam
472 1461 610 1531 templum
640 1463 751 1515 Actiaco
774 1465 822 1532 [in
847 1464 1060 1533 promontorio]

33 1530 143 1599 Apollini
167 1527 321 1594 coustituit,
344 1536 373 1580 et
394 1529 473 1580 ludos
495 1530 628 1585 Actiacos.
669 1531 748 1583 Unde
771 1547 845 1584 nunc
862 1534 1005 1602 Virgilius,
1026 1534 1058 1586 in

34 1594 162 1651 honorem
173 1597 301 1719 Arpinati,
312 1613 384 1665 quae
400 1596 457 1666 ipse
475 1597 549 1662 fecit,
566 1600 613 1651 dat
629 1598 687 1650 eius
704 1599 814 1668 origini.
849 1602 922 1654 Nam
935 1599 1058 1654 Aeneam

35 1661 86 1717 illic
98 1668 165 1720 dicit
180 1666 210 1718 lu
229 1681 258 1715 os
275 1665 441 1730 celebrasse,
458 1673 489 1715 ut
505 1664 571 1718 alibi
588 1666 695 1719 inducit
706 1670 828 1719 Aeneam
845 1670 1058 1739 promittentem

37 1735 162 1802 templum
179 1732 318 1805 Apollini,
341 1733 415 1802 quod
437 1733 533 1786 iecisse
558 1743 665 1787 constat
681 1737 847 1802 Augustum,
872 1745 903 1787 ut
927 1742 968 1802 (6,
983 1738 1058 1798 69.):

40 1798 102 1852 Tum
119 1802 227 1859 Pharia
244 1813 272 1853 st
289 1803 390 1869 triviae
409 1802 500 1854 solido
519 1804 552 1853 ds
570 1820 708 1854 marmore
726 1806 855 1871 templum
871 1805 1057 1856 constituam.

38 1866 108 1937 [Saue
128 1873 163 1925 de
176 1872 239 1924 ·hoc
261 1869 382 1923 Leucate
405 1878 544 1922 amatores
567 1888 596 1924 se
620 1871 650 1923 in
672 1888 765 1936 mare,
799 1873 833 1924 ad
857 1873 1057 1925 excludendum

40 1941 203 2004 (exsatiari.)
239 1955 380 2004 amorem,
417 1938 600 2009 praecipitere
629 1928 799 1992 dicebantui.
847 1939 985 1992 Nimbosa
1010 1959 1057 2005 ca-

40 2010 157 2073 cumina,·
174 2025 284 2079 semper
302 2008 387 2073 enim,
404 2010 527 2076 quamvis
544 2008 605 2059 aliis
621 2008 691 2060 coeli
709 2008 832 2078 partibus
850 2010 969 2074 serenis,
986 2009 1058 2063 Leu-

40 2075 95 2128 att·
108 2077 210 2129 montis
226 2092 361 2129 cacumen
383 2076 503 2127 nubibus
516 2083 621 2127 tectum
637 2075 698 2141 est]
714 2102 747 2114 ·-
783 2083 843 2135 275.
861 2077 896 2127 Et
913 2077 1058 2145 formida·
1101 2098 1104 2103 ·

40 2153 78 2195 tus
95 2148 210 2210 matth
234 2147 294 2214 [aut
316 2145 391 2213 quod
413 2144 488 2195 locus
512 2142 651 2208 hostilis:]
673 2153 722 2197 aut
743 2161 793 2215 pro
813 2152 856 2197 ter
879 2145 1058 2215 asperitatem

39 2210 163 2281 locorum,
185 2213 251 2284 quia
273 2220 367 2265 saxosa
390 2220 466 2263 sunt:
490 2220 553 2276 aut,
576 2221 607 2263 ut
623 2213 736 2281 quidam
759 2164 866 2277 voiimt,
889 2215 953 2281 qnia
971 2215 1074 2266 moris·

40 2289 102 2349 erat,
116 2284 237 2353 aliquem
254 2281 282 2343 ei
299 2280 334 2333 de
351 2282 441 2333 nautis
457 2278 614 2345 immolari,
631 2284 674 2349 [ac
691 2299 741 2350 per
759 2281 812 2331 hoc
829 2281 877 2349 qui
894 2283 1059 2335 lormidare·

40 2354 84 2403 tur.
117 2350 248 2419 Aperitur
263 2349 384 2417 ·Apollo;
409 2350 551 2400 nauticum
572 2350 702 2414 verbum,
725 2349 851 2416 quotiens
875 2350 989 2401 cedente
1013 2365 1059 2415 eo,

39 2433 85 2485 quo
98 2412 247 2492 impeditur
263 2426 402 2489 aspectus,
419 2417 521 2484 aliquid
539 2419 668 2483 patescit,
685 2426 716 2467 ut
734 2423 777 2482 (3,
795 2416 879 2477 530.):
906 2415 1005 2468 Portus
1024 2435 1058 2470 ιιι

36 2490 219 2553 pomoitlam
236 2483 370 2557 propior]
385 2513 419 2523 -
454 2491 514 2543 276.
532 2483 617 2536 Hunc
635 2487 771 2553 patimus,
797 2484 973 2538 occurrebat:
998 2435 1058 2538 dur

33 2555 210 2622 formidatum
233 2553 368 2624 petistis?
402 2555 467 2607 Ideo
491 2554 584 2607 intulit
617 2555 707 2607 Guelf.
725 2556 744 2605 Ι,
762 2554 837 2604 add:
854 2552 920 2604 Huc
937 2567 1007 2621 pet.;
1033 2555 1057 2606 si

37 2623 205 2691 formidatur,
231 2630 320 2694 quare
349 2622 404 2672 huo
432 2622 574 2688 petimus?
644 2623 738 2674 lvitur:
769 2630 799 2673 at
820 2621 920 2674 fiducia
943 2623 1060 2690 virtutis,
1093 2650 1095 2655 ·

37 2696 154 2765 amquia
168 2695 223 2746 hoc
239 2693 384 2746 necessitas
402 2691 573 2761 imperabam
590 2691 706 2743 dicendo
724 2707 791 2758 ergo
803 2690 896 2758 fessi,
912 2691 1058 2742 necessita-

28 2769 89 2819 'tem
107 2763 291 2827 demonstrat,
313 2768 428 2831 propter
452 2777 545 2812 saxosa
566 2759 643 2825 loca,
667 2759 697 2810 in
722 2772 793 2838 quae
816 2758 903 2808 moris
926 2766 1000 2822 erat,
1026 2767 1058 2811 ut

36 2842 98 2881 unus
112 2846 143 2885 ex
158 2831 249 2887 nautis
264 2827 476 2891 immolaretur.)
511 2827 603 2896 [Fessi
609 2852 618 2891 ‚·
636 2827 678 2880 vel
694 2843 759 2894 quia
777 2824 876 2877 hiemis
892 2825 1058 2879 imminebat

10 2898 166 2953 mantua:
188 2916 256 2952 nam
278 2897 343 2951 ideo
368 2905 395 2950 et
419 2913 520 2964 parvae
543 2895 607 2947 urbi
630 2895 775 2959 successit,
805 2894 870 2961 quia
892 2902 968 2946 terra
994 2902 1056 2948 erat

32 2966 143 3035 hostilis,
165 2975 213 3023 aut
228 2967 291 3019 ideo
308 2966 401 3018 hostili
418 2974 528 3029 terrae,
551 2963 617 3032 quia
634 2970 694 3014 erat
711 2961 815 3031 parva]
849 2960 955 3013 Parvae
975 2964 1058 3027 urbi,

34 3034 188 3089 Ambraciae
205 3033 334 3105 [scilicet,
356 3034 430 3102 apud
447 3049 531 3101 quam
554 3033 686 3103 pugnavit
702 3033 836 3098 Augustus
860 3040 957 3082 contra
973 3033 1058 3082 Anto-

36 3103 122 3167 nium
149 3104 223 3157 unde
245 3102 358 3155 Ovidius
383 3102 465 3168 (Met
489 3108 539 3165 13,
561 3100 646 3159 713.);
679 3099 818 3149 certatam
851 3100 898 3149 lite
929 3099 1057 3150 Deorum

32 3172 209 3227 Ambraciam.
247 3168 353 3222 Parvae
369 3177 464 3222 autem
479 3168 509 3221 in
526 3166 712 3220 adulationem
730 3167 844 3235 Augusti
860 3166 974 3231 dictum,
989 3182 1057 3219 nam

32 3240 100 3294 hem
110 3244 245 3312 Augustus
257 3238 343 3291 diruit
359 3236 459 3309 primo,
475 3236 549 3304 quod
566 3234 592 3286 ei
609 3235 681 3287 bello
693 3235 804 3286 Actiaco
822 3234 917 3286 fuisset
933 3235 1056 3289 inimica.

33 3308 119 3362 Parsa
135 3326 219 3380 ergo,
243 3323 327 3381 quam
344 3322 458 3377 parvam
480 3307 586 3356 fecerat
603 3304 721 3369 Caesar,
743 3304 791 3355 sed
808 3311 904 3370 postea
920 3302 1057 3365 instaura·

33 3377 82 3444 rit,
102 3389 130 3432 et
145 3376 292 3450 appellavit
307 3375 460 3445 Nicopolin.
477 3399 512 3410 -
547 3378 609 3429 278.
625 3372 774 3439 Insperato
801 3373 915 3433 tellure,·
938 3388 974 3422 an
991 3373 1058 3440 quia

32 3462 120 3501 saxosa
139 3448 216 3513 loca,
239 3461 276 3509 an
298 3444 363 3514 quia
385 3460 437 3512 par
462 3439 568 3493 medios
590 3440 683 3493 hostes
707 3441 914 3509 navigaverant,
937 3456 974 3490 an
991 3442 1057 3510 qnia

31 3523 202 3589 tempestate,
230 3531 266 3566 an
315 3513 362 3564 uia
392 3528 456 3562 cum
486 3510 595 3560 Graeca
625 3508 772 3573 nationoi]
815 3509 925 3576 Tellure
956 3512 1055 3574 potiti·

31 3588 119 3651 potior
133 3593 162 3638 et
179 3585 231 3636 illa
251 3599 278 3631 rs
315 3580 410 3632 'cimus
428 3587 455 3631 et
469 3578 552 3629 illius
567 3580 622 3628 rei:
640 3578 687 3630 sed
704 3596 756 3648 per
773 3577 922 3647 septimum
938 3577 1044 3645 [casum

30 3655 60 3706 in
74 3671 123 3707 usu
138 3661 193 3718 est,
216 3665 273 3722 per.
285 3649 438 3719 genitivum
455 3647 573 3715 figurate
589 3644 709 3717 ponitur.
744 3645 882 3698 Sallustius
900 3646 967 3713 (Iug.
985 3646 1057 3709 25.).:

34 3721 67 3774 Ut
78 3718 161 3793 prius
178 3735 264 3788 quam
282 3719 389 3786 legatos
407 3718 569 3768 conveniret
593 3713 680 3782 (codd.
698 3722 727 3766 et
749 3715 783 3766 al.
803 3713 930 3777 videret),
953 3713 1057 3766 Adher·

32 3793 100 3845 tatis
116 3780 261 3860 patiretur.
296 3786 428 3863 Legimus
445 3794 474 3838 et
489 3803 539 3855 per
554 3783 753 3836 accusatimm:
769 3783 816 3835 sed
835 3782 874 3834 uti
890 3797 946 3833 non
963 3798 1057 3850 possu-

31 3877 94 3915 mus.
128 3857 275 3912 Terentius
299 3855 390 3922 (Adel.
408 3862 441 3920 5,
457 3859 490 3918 4,
509 3852 574 3914 15.):
600 3850 697 3902 Patria
721 3855 829 3917 potitur
853 3852 1005 3902 commoda.
1023 3876 1058 3890 -·

31 3935 86 3988 279.
110 3920 335 3992 Lustramu'rque
360 3925 437 3987 Iovi,-
463 3930 511 3973 aut
535 3923 705 3982 lustramur,
731 3921 749 3971 i.
774 3939 812 3985 e.,
836 3934 1003 3988 purgamur,
1027 3926 1058 3970 ut

19 3999 80 4052 'lavi
95 4014 175 4052 sacra
191 3991 338 4058 tacianum
360 3993 420 4062 [aut
445 3990 562 4048 dubium
586 3997 639 4058 est,
663 3997 758 4044 utrum
780 3988 927 4055 faciendis,
953 4005 988 4040 an
1005 3987 1058 4040 sol·

70 4121 106 4197 I·
182 4162 190 4178 ἱ
819 4107 856 4162 14
