2454 4500
153 257 188 301 ru
211 238 375 357 17111611..ι
389 239 562 305 AENEID.
582 240 664 319 ΠΒ,
684 241 739 317 IX,
758 244 952 311 tat-484·
1007 248 1072 313 :29

17 421 158 490 aeanqais
177 437 245 474 cum
267 424 431 493 effurrdittu,
460 438 528 478 nam
557 432 652 499 posteq
674 422 848 493 conquiescit.
892 421 970 476 Unde
998 410 1070 480 liena

20 491 126 545 dixit:
149 490 310 562 spumantes
326 492 413 545 rivos:
436 493 505 562 quia.
523 493 680 564 praemisit,
701 492 906 559 seminecesque
929 493 1014 545 viros.
1034 520 1068 536 -

26 562 108 619 459.
123 559 170 627 [Et
188 562 246 610 iam
262 563 354 628 prima
373 580 460 613 novo.-
483 561 679 615 Lucretianum
696 568 743 613 est.
775 561 811 612 Et
833 560 904 613 bene
921 559 1008 613 descri
1057 589 1070 601 -

22 630 91 679 1'us
109 628 250 703 caederet
266 628 339 681 bella
354 645 465 682 morose
481 618 556 681 diem
573 630 642 682 oriri
657 627 744 694 facit]
761 656 795 667 —
827 631 890 686 461.
906 629 967 680 Iam
985 581 1068 682 reiut

26 696 255 760 lisseyreteotisy
285 712 381 765 supra:
411 697 446 748 Et
470 699 552 749 rebus
576 715 634 750 nos
656 698 774 752 abstulit
798 707 860 747 atra
884 696 1010 752 colorem.
1032 724 1068 738 -

28 766 106 821 464.
122 762 248 831 Quisque
265 783 349 829 suas‚·
366 765 470 818 scilicet
485 765 607 818 comites.
641 756 716 817 Nessi
749 766 843 817 lelium
860 773 913 817 est:
936 767 1067 819 Aeratas.

33 847 97 899 que
114 834 197 885 acies.
230 835 344 884 Acuunt
361 836 521 887 rumoribus
541 836 617 899 iras,·
642 834 707 903 quia
743 848 776 882 uo
794 832 853 884 ausi
875 841 1004 902 suntpor
1022 852 1067 887 eo·

30 915 106 951 rum
122 908 212 953 castra
228 901 354 954 naurire.
372 927 406 939 -
438 909 499 960 467.
516 902 652 982 Euryali,
675 914 701 952 et
717 902 787 955 Nisi
794 923 803 964 ,·
825 900 919 952 uolunt
934 904 1068 971 nonnulli,

35 966 194 1037 clamorem
211 984 269 1022 esse
286 968 418 1022 militum:
441 969 491 1023 sed
512 970 611 1023 melius
633 969 720 1021 hoca
742 973 824 1040 poe'ta
840 969 944 1021 dictum
968 970 1068 1039 accipi-

34 1050 112 1087 mus.
144 1036 216 1105 Nam
232 1037 341 1103 Rutuli,
365 1054 462 1090 eorum
484 1053 542 1089 non
565 1044 700 1109 noverant
721 1035 851 1089 nomina:
874 1046 905 1089 ut
921 1038 969 1090 sit:
992 1039 1067 1107 Quin

34 1103 126 1155 etiam
142 1105 232 1171 capita
249 1104 359 1173 Euryali
376 1114 404 1158 et
419 1105 478 1158 Nisi
493 1106 650 1176 praefigunt
665 1105 694 1156 in
712 1105 826 1157 arrectis
841 1105 940 1171 hastis,
956 1114 985 1158 et
1000 1124 1066 1159 cum

33 1185 145 1240 magno
158 1173 280 1225 clamore
291 1173 467 1227 comitantur.
478 1199 513 1213 -
543 1177 605 1232 468.
618 1170 780 1240 [Murornm
794 1175 825 1223 in
838 1186 916 1240 parte
929 1177 1065 1241 sinistra,-

32 1239 216 1312 eliudagens
232 1240 316 1293 situm
334 1251 488 1294 castrorum
505 1242 630 1306 ostendit,
645 1234 791 1312 praeterea
808 1248 836 1294 et
852 1245 1066 1321 prooeconornia

35 1314 97 1374 est,
126 1309 190 1377 quia
211 1316 308 1378 postea
329 1310 424 1363 castris
468 1327 498 1363 er
516 1309 634 1361 flurium
656 1309 767 1361 Turnus
790 1308 905 1376 evadit]
927 1333 963 1348 ·-
1000 1316 1064 1371 469.

36 1374 175 1443 Cingitur
191 1378 287 1443 amni,·
314 1395 395 1430 amne
412 1327 507 1431 deluit
522 1378 629 1430 dicere:
651 1393 795 1446 nunquam
816 1379 891 1430 enim
915 1376 988 1430 bene
1004 1380 1033 1431 in
1051 1382 1065 1431 i

33 1453 153 1509 exeunt,
179 1445 233 1498 nisi
256 1462 327 1514 quae
351 1447 504 1498 communis
525 1452 589 1497 sunt
614 1445 736 1513 generis:
766 1452 797 1495 ut
821 1446 938 1512 docilis,
968 1449 1063 1515 agilis.

34 1509 92 1564 sed
114 1512 176 1565 ideo
193 1529 272 1566 ausus
297 1521 337 1568 est
358 1514 398 1568 ita
441 1533 524 1568 onere
547 1513 708 1577 sbnnvum,
734 1513 800 1592 quia
822 1522 957 1579 utsupra
980 1518 1064 1582 (124.)

32 1579 167 1649 diximus,
190 1583 263 1650 apud
278 1583 396 1634 maiores
434 1585 460 1633 io
484 1582 596 1634 ethaeo
614 1583 709 1631 amnis
726 1581 875 1632 dicebatur.
908 1582 1065 1647 [Verumta-

34 1663 106 1699 men
122 1665 192 1717 quae
208 1651 274 1702 duas
291 1651 396 1703 habent
412 1658 591 1703 consonantes
609 1656 672 1699 ante
691 1650 730 1709 is,
754 1644 784 1695 in
802 1647 813 1695 i
831 1652 859 1697 et
875 1662 889 1696 e
913 1646 1063 1704 ablativum

26 1714 165 1782 mittunt,
181 1725 212 1769 ut
230 1719 323 1786 ignis,
341 1717 420 1786 igne',
435 1719 478 1770 vel
494 1720 566 1785 igni.
600 1715 643 1766 Sic
661 1722 688 1767 et
704 1714 804 1778 vectis,
821 1725 894 1764 vecte
900 1752 908 1780 ,
924 1714 967 1767 vel
982 1718 1062 1772 vecti.

31 1782 181 1837 Terentius
203 1785 233 1837 in
256 1787 390 1839 Eunucho
415 1789 463 1853 (4,
479 1794 512 1850 7,
527 1786 579 1848 4.);
605 1783 674 1834 Cum
697 1782 768 1831 vecti
791 1779 916 1846 Danae]
932 1808 967 1823 -
1000 1789 1083 1843 470..

34 1850 145 1903 Tenent
156 1852 273 1921 fossas5
290 1862 411 1919 tuentur,
427 1854 584 1907 defendunt.
596 1878 632 1889 -
663 1852 726 1907 472.
743 1847 817 1900 Nota
830 1853 918 1901 nimis
932 1853 1044 1906 miseris
1050 1875 1062 1923 ς

31 1918 89 1973 hoc
105 1920 165 1988 plus
181 1923 442 1986 commovebantur,
455 1922 585 1990 quoniam
599 1919 684 1973 etiam
700 1917 811 1968 abscissi
825 1919 926 1982 vultus,
942 1920 1063 1974 necdum

72 1987 181 2040 nitionis
204 1990 353 2043 amiserant
375 1996 462 2041 notas.
485 2015 521 2028 -
559 1991 622 2045 473.
645 1985 801 2054 [Pinnata3
831 1985 945 2053 qrridam
968 1988 1062 2042 volunt

29 2004 97 2110 iflico
113 2056 159 2108 hic
176 2057 289 2125 famam
306 2062 453 2126 pinnatam
469 2074 486 2108 a
503 2059 584 2125 poita
600 2054 742 2106 inductam
748 2091 757 2119 ‚
779 2068 849 2122 quae
865 2052 1015 2107 tumultum
1032 2065 1063 2111 et

30 2140 79 2189 res
96 2124 221 2178 adversas
237 2126 359 2192 nuntiet,
382 2132 414 2175 ut
430 2125 497 2176 illud
513 2133 629 2192 tangere
646 2122 783 2173 rideretur
800 2121 874 2189 quod
890 2121 939 2189 qui
956 2121 1062 2179 bellum

30 2193 189 2259 nuntiaret,
212 2195 349 2261 pinnatae
373 2194 470 2245 literas
495 2191 633 2244 diceretur
656 2191 766 2242 afferre.
782 2213 817 2226 -·
856 2192 918 2247 475.
943 2189 1061 2245 Suiitne
1124 2192 1127 2197 '

31 2262 171 2324 miserae,-
188 2268 276 2330 potest
291 2277 342 2329 pro
359 2260 463 2312 subitus
479 2260 606 2325 miserae,
621 2257 663 2309 vel
676 2272 729 2327 pro
741 2256 831 2308 subito
848 2256 976 2326 miserae,
992 2277 1060 2331 ergo

32 2336 64 2379 et
81 2329 213 2396 genitivus
231 2336 401 2394 potestesse.
436 2327 521 2380 Calor
538 2337 604 2388 etc.;
620 2326 803 2379 Homericum
819 2326 917 2392 est'(ll.
934 2341 959 2391 q,
973 2331 1064 2394 448.):

36 2392 93 2462 Τῆς
109 2391 132 2448 δ’
150 2393 276 2463 ἐλελίχθη
293 2416 318 2452 κ.
335 2416 360 2451 τ.
378 2393 415 2461 4.]
431 2421 466 2434 -
498 2399 561 2454 476.
576 2394 699 2447 Excussi
721 2394 855 2445 manibus
873 2395 967 2460 radii,-
990 2395 1064 2451 bene

29 2465 162 2529 excussi,
184 2465 263 2532 quasi
290 2464 439 2517 nescienti:
467 2464 566 2516 melius
596 2480 681 2532 quam
703 2462 726 2514 si
749 2462 856 2514 diceret
877 2466 1003 2529 proiecti.
1026 2490 1063 2505 -

30 2535 94 2591 477.
110 2531 240 2589 Femineo
260 2534 380 2596 ululati3
395 2532 564 2602 impatienti:
580 2539 611 2582 ut
627 2537 681 2599 (11,
691 2529 779 2592 782):
796 2528 926 2582 Femineo
940 2533 1062 2598 praedae

31 2613 59 2652 et
90 2601 246 2666 spoliorum
275 2603 390 2653 ardebat
418 2617 520 2652 amare.
544 2627 578 2638 —
624 2602 686 2656 479.
709 2597 805 2649 Prima
826 2601 910 2665 petit,-
941 2600 1061 2669 ideoque

15 2668 141 2737 ¹prima,
164 2668 228 2737 quia
244 2669 332 2721 solent
347 2671 377 2721 in
394 2676 516 2721 extrema
531 2665 692 2719 necessitate
715 2665 800 2717 etiam
816 2666 947 2718 mulieres
964 2684 1061 2720 muros

29 2736 194 2789 ascendere:
216 2744 248 2787 ut
264 2742 326 2805 (11,
343 2737 429 2797 891.):
452 2737 534 2802 Ipsae
551 2736 583 2784 de
601 2737 693 2784 muris
710 2744 820 2784 matres.
855 2734 908 2799 [lta
924 2734 955 2785 in
972 2743 1060 2788 extre-

17 2817 78 2871 ·ma
94 2805 253 2859 necessitate
270 2805 355 2858 etiam
371 2807 508 2855 Homerus
525 2803 565 2870 (11.
577 2817 602 2866 χ,
613 2800 699 2864 46243
714 2797 826 2871 ΙΙῦργον
841 2819 872 2854 τε
889 2806 934 2853 καὶ
951 2797 1059 2874 ἀνδρῶν

26 2871 88 2936 ’ἷξεν
105 2866 221 2941 lipsiam]
253 2873 321 2926 Non
338 2873 389 2924 iila
413 2873 524 2936 sirum,
547 2888 604 2921 non
622 2871 674 2922 iila
697 2871 814 2937 pericliy
839 2885 928 2920 unum
944 2872 1059 2938 pudoris

24 2950 86 3007 est,
110 2942 186 2994 aliud
202 2941 302 2993 salutis.
314 2965 355 3005 ¹-
388 2945 450 2998 480.
466 2939 664 3007 [Teiornmque
682 2955 785 2989 memor
790 2961 801 3004 ,·
823 2937 896 2989 hanc
912 2939 1060 3009 impatien.

20 3010 99 3062 tiam
114 3006 212 3061 matris
227 3008 340 3077 Euryali
355 3008 401 3060 illo
419 3008 479 3059 loco
496 3012 578 3074 po'e‘ta
594 3006 752 3074 praemisit,
774 3022 839 3057 curn
854 3006 988 3073 Euryalus
1003 3024 1057 3062 nec

19 3079 230 3149 profectionem
252 3093 331 3129 suam
355 3077 389 3130 ad
412 3075 611 3145 requirendum
626 3076 738 3127 Aenean
760 3074 830 3126 scire
853 3073 1006 3142 significat,
1028 3085 1058 3129 et

20 3153 173 3215 tantopore
190 3147 368 3198 commendat
382 3145 513 3213 Ascanio,
534 3159 604 3197 nam
626 3151 655 3195 et
669 3142 751 3194 Nisus
766 3149 881 3214 propter
896 3143 973 3195 illam
989 3143 1058 3196 dicit

17 3214 103 3269 nolle
119 3214 280 3283 Euryalum
294 3214 347 3265 sibi
369 3214 501 3266 comitem
522 3211 652 3282 iungere,
675 3210 749 3280 quod
771 3211 869 3274 sciret,
891 3211 915 3262 si
936 3212 1003 3281 quid
1027 3212 1057 3266 ei

18 3280 186 3349 accidisset,
208 3282 420 3336 intolerabiliter
444 3300 506 3335 eam
528 3279 667 3344 laturam]
683 3305 718 3318 —
751 3283 813 3337 481.
836 3277 937 3343 Hunc3
960 3280 1055 3333 telem.

18 3349 65 3409 Et
91 3359 131 3402 est
154 3352 312 3420 conquestio
335 3349 431 3402 matris
454 3350 565 3418 Euryali
588 3351 672 3417 plena
695 3348 760 3400 artis
783 3348 946 3400 rhetoricae.
980 3349 1056 3401 Nam

16 3432 117 3489 paone
134 3435 228 3477 omnes
252 3427 343 3487 partes
364 3418 451 3473 hebet
466 3420 500 3474 de
523 3417 713 3470 misericordia
728 3416 926 3468 commovenda
943 3431 961 3465 a
977 3417 1056 3470 Cice·

16 3487 141 3540 1onein
153 3487 311 3541 Rhetoricis
324 3487 434 3557 positas.
456 3487 515 3555 Ego
531 3486 606 3537 huno
619 3498 644 3537 te
657 3485 788 3553 aspicio?
805 3479 928 3553 [Hoiiios]
940 3503 957 3537 a
969 3487 1057 3553 quali-

15 3563 85 3609 tate
101 3556 200 3613 caedis.
215 3582 251 3594 -
282 3560 346 3615 482.
363 3557 429 3609 Sera
448 3573 508 3608 mea
527 3555 657 3624 requies?
681 3554 810 3607 Euander
827 3552 971 3621 (8‚·581.):
987 3553 1054 3606 Mea
1157 3562 1162 3569 ’

20 3642 92 3676 sera
118 3636 143 3674 et
165 3625 228 3677 sola
251 3627 389 3693 voluptas.
422 3626 470 3693 [Et
491 3625 613 3692 Requies
635 3623 683 3675 hic
705 3639 757 3693 pro
780 3620 897 3685 solatio]
926 3616 1056 3675 'Potuisti

24 3692 157 3761 linquere
179 3695 288 3761 solam3
309 3693 520 3763 ab.intercepto
543 3692 648 3745 solatio.
671 3717 705 3734 -
745 3695 808 3749 483.
832 3689 983 3741 Crudelis?
1048 3692 1054 3705 '
1140 3738 1143 3743 .

21 3760 142 3831 potuisti
164 3760 288 3832 linquere
312 3764 414 3829 solam,
438 3779 503 3814 cum
526 3761 587 3833 pius
611 3777 688 3813 esses.
722 3760 789 3829 [Sui
813 3770 893 3808 tanta
909 3756 1007 3827 pericii
1019 3770 1076 3837 oy·
1097 3792 1103 3801 -

24 3830 80 3882 sub
99 3844 151 3899 pro
168 3833 217 3897 in,
232 3840 264 3883 ut
280 3836 323 3900 (1,
339 3832 424 3894 453.):
448 3830 577 3894 Namque
594 3831 645 3880 sub
665 3831 774 3896 ingenti
791 3828 894 3878 lustrat
910 3830 1009 3889 duma

23 3899 96 3966 gula
112 3898 230 3965 templa]
242 3928 277 3939 -
310 3906 372 3959 484.
390 3898 483 3979 ‘lff‘lri
496 3902 651 3952 extremuni
654 3920 664 3961 ,·
681 3900 757 3967 [cum
775 3911 836 3949 mos
851 3895 945 3948 fisisset
961 3896 989 3948 dt

22 3966 105 4033 vale,
122 3968 200 4035 vale,
213 3967 296 4036 cale]
328 3968 457 4034 Anchises
474 3971 518 4036 (1,
533 3966 624 4031 fill->i
643 3967 690 4019 Sic
708 3985 741 4034 o,
756 3967 799 4017 sic
816 3966 953 4033 positum,
971 3962 1039 4055 aff,
1056 4004 1065 4025 .,

81 4091 116 4166 1⁸
822 4082 860 4139 se
1052 4102 1120 4237 *l
