2454 4500
119 277 174 320 u
198 248 948 347 visan.annatn.a1a„v1,724-7ss.
1000 256 1064 322 uo

27 464 103 518 quiae
120 459 171 513 per
187 459 217 497 se
233 441 309 494 clara
327 448 381 494 est:
403 448 432 492 et
447 438 541 493 locunt
563 438 593 490 in
609 450 666 506 quo
682 433 798 505 estsine
814 433 899 487 dubio
921 434 1066 504 illuminat,
1082 486 1087 501 ‚
1129 486 1132 491 .

26 517 78 570 sed
94 514 118 564 si
136 528 191 582 qua
206 529 238 564 re
254 517 327 562 tecta
343 509 431 562 fuerit
446 517 476 562 et
489 507 609 572 inclusa,
631 520 689 557 non
705 504 797 575 perdit
811 503 986 579 splendorem
1002 521 1067 579 pro·

24 586 125 657 prium
142 580 189 650 qui
206 580 234 632 in
253 597 286 632 ea
303 588 359 634 est;
381 585 491 630 remoto
509 590 629 644 namque
646 573 848 642 impedimento
866 584 996 644 appeten
1012 590 1066 628 nec

26 662 143 717 temen,
172 649 237 717 quia
259 640 408 718 impeditis
432 653 480 698 est·
497 646 554 697 eius
577 643 670 712 vigor,
701 642 765 694 ideo
796 643 881 694 etism
912 652 1069 716 corruptus·

25 724 70 774 lta
94 733 162 787 ergo
187 724 215 768 ct
238 717 346 768 animus
364 715 496 785 quamdiu
514 722 555 767 est
571 712 750 778 incorpore,
776 712 880 780 patitur
896 713 953 765 eius
971 722 1066 767 conta-
1144 776 1147 783 ·
1185 760 1191 775 ,

27 791 160 859 pionem,
182 786 265 838 simnl
288 793 370 852 atque
395 783 555 854 deposuerit
576 796 692 850 corpus,
712 779 771 832 reci
791 787 813 831 1t
835 797 916 832 suum
933 784 1066 850 vigorem,
1145 786 1148 791 ‘

27 866 57 911 et
80 862 183 908 natura
207 855 293 905 utitur
317 852 439 923 propria.
478 851 511 903 Si
526 858 602 918 'ergo
622 798 791 933 [ptopriaml
812 850 912 918 recipit
934 860 1067 905 naturam

27 923 148 995 [suam]‚
172 938 258 991 quare
282 938 384 989 poenas
402 920 475 988 apud
499 921 603 972 inferos
619 916 744 989 patitur?
766 915 831 970 ideo
848 920 914 988 quia
930 937 975 973 res
993 938 1065 990 quaa

28 993 115 1046 simul
132 991 179 1042 diu
195 990 256 1055 fuit,
271 1006 328 1042 non
346 996 436 1059 potest
451 988 576 1058 deposita
591 987 652 1054 ipsa
666 1004 699 1039 re
717 986 819 1050 (Guelf.
833 989 854 1040 1.
868 988 954 1052 hora)
972 990 1066 1042 statim

29 1063 65 1115 ed
82 1075 165 1112 suum
181 1060 303 1111 nitorem
319 1058 429 1111 reverti.
462 1056 500 1108 Ut
521 1056 684 1125 si.specie1n
708 1055 854 1107 candidam
879 1056 1012 1123 (missam)
1035 1061 1066 1111 in
1088 1069 1090 1077 '

27 1132 121 1182 lutum
138 1128 258 1195 polluas,
275 1136 303 1179 et
320 1144 383 1180 eam
399 1127 494 1178 statim
512 1125 630 1188 auferas,
645 1141 702 1175 non
719 1124 822 1176 idcirco
838 1126 964 1178 sordibus
981 1135 1066 1195 caret,

27 1198 78 1252 sed
95 1195 320 1265 ab[s9]lutionem
336 1195 467 1263 requirit,
491 1192 575 1246 utin
597 1192 747 1260 pristinum
769 1192 890 1246 nitorem
915 1196 1001 1263 possit
1022 1214 1066 1249 re-

28 1268 100 1320 dire.
135 1264 179 1332 Sic
202 1264 296 1323 anima
319 1281 351 1317 ex
375 1280 407 1317 eo
433 1279 487 1331 quo
505 1262 551 1332 (al.
570 1263 660 1328 quod)
677 1261 758 1314 datur
775 1263 899 1332 corpori,
922 1263 1066 1330 inquinata

29 1336 95 1404 (est)
120 1333 205 1386 etiam
229 1333 252 1384 si
275 1347 375 1404 porpus
397 1331 535 1402 deponet,
558 1329 607 1396 (et)
631 1347 741 1384 necesse
765 1329 851 1384 habet
876 1334 998 1402 pnrgari.
1038 1333 1067 1386 si

29 1419 102 1472 ergo
117 1409 272 1472 purgantur
293 1410 321 1453 et
337 1401 476 1470 recipiunt
498 1407 629 1453 naturam
646 1406 740 1464 susm,
763 1414 811 1451 cur
829 1401 923 1453 volunt
946 1402 1067 1456 reverti?

29 1473 104 1542 Quia
121 1477 231 1541 potant,
246 1471 351 1537 inquit,
368 1469 474 1523 oblivis.
509 1468 603 1519 Etiam
622 1476 663 1519 est
678 1467 746 1521 illud
763 1469 941 1537 ambiguum:
964 1473 1019 1525 Aut
1035 1479 1067 1524 ut
1119 1510 1121 1515 ,

26 1539 246 1614 praeteritarum
264 1538 456 1589 obliviscantur
472 1552 642 1607 poenarum:
659 1544 707 1588 aut
723 1542 799 1588 certe
815 1546 847 1587 ut
862 1538 976 1604 ignarae
993 1542 1067 1592 futu·

28 1611 71 1675 ri,
94 1607 218 1660 habeant
233 1607 369 1658 redeundi
384 1604 554 1658 desiderium
569 1605 599 1655 in
615 1621 750 1673 corpora,
774 1606 847 1673 quod
864 1608 928 1658 sine
939 1609 1065 1676 passione

28 1695 89 1731 non
106 1676 148 1745 iit.¹
179 1675 253 1726 Nam
270 1676 378 1727 animus
400 1674 431 1726 in
447 1688 503 1742 quo
521 1679 562 1724 est
578 1673 685 1744 passio,
708 1681 833 1725 meretur
855 1677 964 1728 reverti.
1002 1677 1067 1729 Got-

30 1750 109 1810 lum;
127 1759 179 1814 pro
197 1747 276 1807 aere,
293 1752 321 1795 et
338 1744 451 1795 aethere
468 1740 572 1809 posuit:
589 1750 621 1793 ut
637 1745 680 1807 (1,
699 1740 784 1803 133.):
807 1742 869 1793 lam
889 1744 995 1796 coelum
1013 1757 1068 1797 ur·

32 1830 160 1882 rumque.
198 1811 370 1880 Ccsnposque
388 1813 544 1879 liquentem
562 1809 580 1864 i.
598 1829 622 1862 e.
640 1809 738 1862 maria.
755 1820 790 1847 ·'—
824 1818 886 1870 725.
903 1811 1095 1866 Lucanum*

31 1901 86 1952 qut
104 1881 220 1950 globum
240 1882 324 1931 lunne
332 1904 350 1943 ,··
365 1881 428 1932 ideo
452 1895 515 1929 usus
539 1887 580 1930 est
602 1879 763 1948 participio,
789 1887 821 1928 ut
838 1883 976 1948 ostendat,
1003 1899 1068 1936 eam
1160 1934 1164 1943 ,

31 1955 117 2004 suum
132 1951 227 2001 lumen
244 1965 301 2000 non
318 1948 431 2000 habere.
464 1948 539 1998 Nam
556 1949 669 2013 lucens,
693 1955 735 1999 est
752 1949 825 2015 quod
843 1942 952 2004 aliunde
968 1951 1069 2004 illumi-
1109 2003 1113 2017 ,

30 2029 124 2074 natur.
159 2015 304 2082 Lucililae,
328 2017 402 2086 qnod
418 2034 469 2086 per
486 2032 515 2066 se
532 2016 619 2080 lucet,
636 2023 667 2067 ut
681 2017 810 2083 patulum
829 2024 858 2070 et
873 2031 981 2085 patens.
1018 2020 1070 2072 Pa·

31 2090 126 2141 tulum
145 2092 186 2137 est
203 2087 276 2153 quod
293 2102 404 2154 semper
441 2092 510 2135 etet:
536 2082 654 2150 Pate'ns,
677 2085 751 2151 quod
768 2093 796 2139 st
811 2088 934 2157 aperitur
952 2097 981 2141 et
994 2089 1074 2147 clau·-

31 2158 127 2221 ditur,-
155 2160 185 2203 nt
209 2153 295 2219 oculi,
326 2163 387 2206 oa*
433 2153 528 2204 lulum
553 2161 647 2204 antem
672 2153 751 2219 ideo,
780 2156 845 2221 quia
874 2156 975 2208 dicitur
1003 2158 1072 2211 luna

32 2217 207 2296 σφαιροειὸἠι
227 2222 297 2274 esse.
332 2222 503 2289 Titaniaque
521 2234 615 2283 astrui
639 2227 687 2274 aut
703 2222 793 2274 stelles
811 2222 889 2275 dicit:
913 2233 961 2277 aut
977 2224 1071 2280 Solem

33 2308 121 2364 quem
146 2298 175 2344 et
199 2306 281 2360 supra
305 2291 399 2356 (580.)
430 2306 519 2341 unum
540 2291 689 2343 ‚fuissene
714 2290 860 2344 Titanibus
884 2288 1009 2348 diximus.
1035 2323 1074 2342 -ι

32 2368 97 2423 ⁶126.
114 2360 255 2428 Spiritum
279 2358 384 2410 divinus
400 2357 518 2410 scilicet:
542 2365 570 2411 et
586 2375 674 2411 imum
691 2367 746 2425 est,
768 2359 823 2412 sive
846 2369 974 2416 mentem
989 2364 1073 2433 dicat,

31 2433 89 2483 sive
106 2429 247 2490 animum,
263 2426 318 2478 sive
335 2424 471 2497 spiritum.
508 2424 591 2477 Intu's
609 2429 683 2492 Aliq-
701 2436 818 2495 vegetat,
834 2437 863 2482 et
878 2431 908 2482 in
925 2433 1073 2488 aeternita-

32 2507 94 2551 tem
119 2495 249 2548 custodit:
273 2496 338 2563 quia
362 2497 461 2547 mixtus
485 2502 540 2560 est,
564 2502 592 2547 et
615 2496 693 2548 nulla
715 2512 779 2567 pars
804 2505 844 2549 est
861 2499 994 2552 elementi
1010 2503 1072 2556 sine

33 2562 201 2625 DeoulPer
224 2574 323 2627 ortus,·
356 2581 406 2634 per
430 2564 584 2629 elementa,
613 2580 685 2632 quae
716 2565 845 2617 membra
864 2576 939 2619 ‘sunt
966 2571 1072 2624 mindi.

33 2632 199 2702 corporalia
222 2649 343 2698 namque
367 2638 445 2696 sunt,
468 2632 569 2700 ‹piippe
593 2649 664 2699 quae
687 2642 800 2701 possunt
824 2635 916 2687 videri.
941 2664 975 2675 -
1009 2648 1073 2698 727.

32 2703 154 2755 Mensa
176 2703 229 2750 itat
246 2703 361 2763 molem5
379 2700 600 2768 magnitudinem
617 2702 715 2753 mnndi
730 2717 809 2753 mens
826 2703 923 2769 agitat:
942 2714 970 2756 et
986 2708 1025 2771 si,
1041 2716 1073 2759 ut

34 2774 87 2838 (Vs
100 2770 136 2821 R.
153 2719 214 2819 los.
232 2768 323 2820 Guelf.
339 2770 360 2820 Ι.
384 2768 472 2831 sicut)
490 2768 589 2820 Cicero
614 2769 680 2820 dicit
702 2769 731 2820 in
755 2771 915 2823 Tusculanis
939 2778 981 2841 (1,
1005 2774 1073 2837 23.):

35 2839 186 2891 Aeternum
204 2848 244 2886 est
261 2837 397 2905 quicquid
423 2839 454 2886 in
473 2847 584 2887 aeterno
609 2848 687 2888 motu
712 2849 768 2888 est.-
794 2838 853 2891 sine
878 2841 962 2893 dubio
986 2842 1073 2896 etiam

34 2908 146 2969 enimus
161 2912 290 2957 aeternus
307 2912 355 2956 est.
390 2903 506 2975 Semper
524 2904 599 2955 enim
616 2905 646 2956 in
662 2912 741 2956 motu
758 2912 814 2971 est,
837 2908 906 2960 adeo
920 2918 955 2967 ,ut
971 2929 1008 2965 ne
1023 2928 1074 2965 no·

35 2978 79 3029 bis
92 2972 210 3046 quidem
227 2972 429 3041 quiescentibus
446 2971 629 3039 conquiescat.
663 2971 770 3040 Magno
786 2992 815 3025 se
829 2992 944 3044 corpore
963 2982 1073 3044 miscet3

30 3036 86 3102 ,μὴ
103 3042 251 3112 Antiptosis
276 3049 317 3094 est
333 3059 385 3109 pro
403 3058 451 3092 tor
471 3042 531 3093 ori:
556 3048 587 3090 ut
603 3041 774 3106 (10‚-361.)':
800 3041 904 3096 Haeret
928 3051 994 3112 pedo
1015 3067 1075 3117 pes,

38 3115 201 3176 densusque
217 3112 278 3161 viro
298 3112 359 3173 vir,
382 3125 437 3177 quo
480 3108 570 3179 potius
591 3109 763 3161 credendum
782 3119 829 3164 est.
863 3115 918 3165 Aut
941 3125 1018 3168 certe
1033 3135 1075 3170 se-
1161 3134 1164 3139 ·

37 3180 162 3234 eundum
186 3194 232 3229 eos
248 3178 354 3229 locutus
378 3185 432 3242 est,
454 3177 503 3246 qui
525 3176 620 3228 dicunt
643 3177 727 3228 deum
751 3181 928 3245 corporalem
951 3201 1022 3237 esse:
1046 3192 1076 3240 st

38 3264 107 3302 eum
129 3247 170 3298 ita
193 3245 327 3297 definiunt
349 3242 405 3316 πῦρ
423 3241 532 3316 νοερόν,
556 3245 574 3298 l·
592 3263 615 3296 θ·
638 3245 744 3314 ignem
757 3250 921 3305 'malem‘
956 3252 1077 3318 Qu⁰d⁸i

37 3331 136 3370 terum
154 3321 203 3378 est,
219 3330 318 3382 corpus
336 3323 391 3366 est:
408 3332 460 3367 nec
477 3331 527 3384 per
544 3313 698 3384 Antiptosin
715 3314 790 3379 (filit,
805 3318 853 3368 ⁸0d
870 3335 920 3388 l'er
938 3319 1076 3373 definiti*
1122 3322 1130 3331 N

38 3399 235 3448 „emmagno
263 3400 391 3449 corpore,
413 3382 432 3433 i,
456 3401 480 3435 e.
505 3397 562 3439 non
585 3382 734 3434 communi.
759 3409 794 3421 -
840 3392 902 3442 728.
926 3387 1012 3451 1ηᾶθὶ
1041 3389 1077 3444 (Ῑθ

39 3459 172 3524 qsmttuor
189 3450 333 3503 elementis
349 3460 377 3504 et
393 3450 464 3502 Deo.
477 3476 511 3487 -
545 3457 607 3508 730.
624 3450 659 3500 Et
676 3451 804 3503 coelestis
822 3456 901 3521 origo
916 3464 985 3519 et'c.;
1003 3459 1078 3526 quod

39 3536 124 3592 ,upra
140 3517 273 3571 diximus:
296 3521 453 3584 intantum,
469 3519 574 3587 inquit,
590 3517 620 3570 in
638 3519 765 3571 omnibus
781 3521 855 3590 viget
871 3540 936 3593 pars
953 3526 1079 3581 divinita·

38 3591 89 3653 fig,
120 3588 287 3655 inquantum
316 3587 382 3639 sinit
411 3602 561 3656 corporum
588 3586 714 3653 quamn·
738 3614 774 3627 “”’
820 3598 883 3647 73²·
907 3592 1079 3663 Tfrrmiw

41 3657 172 3711 hebetant
190 3666 285 3720 artus,·
302 3656 468 3724 inquantum
485 3671 542 3706 non
559 3653 692 3708 hebetant
707 3654 813 3724 [artus]
847 3658 1083 3733 Moribundoquo

42 3727 165 3778 membra
174 3724 186 3788 ‚i
202 3724 336 3775 morienti
353 3723 466 3789 similia,
483 3724 537 3774 hoc
554 3728 595 3775 est
610 3740 721 3793 semper
737 3725 895 3783 morientis.
929 3730 995 3785 Nun
1012 3745 1079 3788 uam

42 3796 119 3848 ,nim
134 3790 277 3844 {neodem
291 3799 363 3842 statu
377 3799 447 3856 sunt,
463 3792 512 3844 sed
526 3799 574 3842 ant
585 3790 756 3856 minuuntur,
772 3802 821 3844 asu
834 3805 969 3851 crescunt.
1026 3816 1079 3871 rgo

42 3863 153 3916 mimus
169 3860 245 3912 idem
262 3867 319 3924 est,
336 3860 383 3912 sed
400 3858 440 3913 uti
458 3860 560 3911 viribus
577 3860 631 3911 suis
647 3875 704 3911 non
720 3868 810 3930 potest
825 3873 939 3936 propter
955 3870 1080 3939 corporis

41 3929 277 3997 wnqmtionfm,
299 3952 333 3987 -7
374 3934 436 3984 733.
463 3926 520 3980 Hic
551 3939 677 3980 metuunt
700 3936 769 3994 etc.,·
802 3948 834 3982 ex
862 3928 985 4002 corporis
1015 3954 1081 3990 con·

41 3997 200 4064 iunctione,
230 4003 259 4048 et
280 3995 457 4049 hebetudine.
499 3998 588 4051 Varro
618 4005 647 4051 et
677 4012 773 4052 omnes
797 3999 956 4072 Philosophi
978 4005 1083 4073 dicunt,
