2454 4500
51 583 60 589 .
121 528 232 580 ⁸⁸56.

80 217 83 224 ⁵
123 266 217 334 aar
303 287 307 293 ·
374 266 891 355 suavricomramuaros

119 446 188 519 illud
202 444 367 572 resqpndet:
384 456 452 508 Ante
468 457 661 525 preterquam
678 463 702 509 te
720 457 796 511 violo
814 469 866 508 aas
879 469 928 508 tue
944 461 1011 511 iura
1029 460 1156 528 resolvo]

280 526 376 579 elabere
406 528 524 591 adeunt;
548 525 623 579 iuxta
645 526 712 593 illud
735 528 841 578 dictum
865 529 981 580 sororios
1010 529 1056 578 Tae
1074 532 1153 581 modo

95 618 97 632 ι
119 602 202 660 posce
218 587 284 643 deos
302 594 433 660 pentem]
467 595 624 645 Delubrum
647 595 764 663 [autem]
787 596 907 661 dictum5
928 593 1000 663 [aut]
1024 604 1153 668 utsupra

120 667 164 728 (2,
180 660 262 723 225.)
278 659 411 729 diximus,
434 656 549 730 propter
572 664 666 729 lacum
688 665 717 716 in
736 674 790 734 quo
808 674 906 716 manus
922 665 1090 731 abluuntur,
1115 665 1152 718 vel

12 762 16 766 -
91 768 95 774 .
118 735 233 800 propter
249 737 355 783 tectum
372 733 563 797 coniunctum,
579 733 656 800 [quia
673 749 729 784 una
746 749 829 803 opera
846 732 967 786 abluitur
974 732 993 798 ,]
1012 742 1063 784 aut
1079 743 1151 787 certe

118 799 242 865 ligneum
265 786 457 866 similaceum,
481 797 627 864 delubrum
645 800 775 866 dicimus,
799 820 816 854 a
834 805 923 867 libro,
947 802 1001 852 hoc
1025 809 1067 854 est
1089 816 1149 853 raso

30 918 33 933 ,
117 867 338 933 liquefactum,
363 866 438 936 qaod
463 868 572 920 Graece
598 860 693 931 ξόανον
717 871 825 923 dicituri
868 869 950 940 [Sane
974 869 1148 923 insecundo

90 988 92 993 ,
117 935 190 988 libro
208 932 243 986 de
265 936 377 1004 singulis
400 938 542 1006 speciebus
560 939 670 990 delubri
694 933 768 990 iuxta
785 941 947 1002 Varronem
962 932 1085 990 relatum
1102 947 1147 1005 est,

117 997 264 1071 inquibus
288 1015 329 1057 est
352 1007 455 1076 species
480 1005 588 1058 delubri
611 1007 687 1075 talis,
710 1014 741 1058 ut
764 1009 876 1076 praeter·
898 1007 1006 1058 aedem.
1025 1023 1093 1061 area
1115 1007 1147 1059 sit

117 1065 262 1141 adsumpta
279 1068 361 1126 detim
384 1085 480 1140 causa,
497 1074 515 1127 i.
533 1093 558 1126 e.
582 1075 670 1142 spatia
688 1076 880 1143 'relinquantur
896 1076 971 1125 iuxta
987 1085 1051 1127 uras
1069 1077 1147 1144 mini·

113 1138 191 1192 sterii
207 1152 302 1207 causa,
319 1136 353 1194 ad
369 1143 504 1194 sacrificia
520 1145 688 1211 peragendas
721 1146 807 1195 Huius
823 1144 910 1194 moris
925 1144 972 1195 hic
988 1144 1146 1211 meminisse

116 1225 181 1278 eum
202 1205 497 1279 accipere'debemust
522 1208 666 1280 Principio·
685 1208 802 1279 delubra
827 1213 940 1262 adeunt.
976 1216 1066 1282 Atque
1084 1214 1145 1281 quie

115 1277 232 1329 delubra
250 1275 326 1346 quasi
343 1279 432 1330 solum
448 1288 552 1331 nornen
572 1281 631 1332 sine
649 1281 695 1332 dei
716 1274 872 1349 significatu
894 1289 1026 1350 posuerat
1032 1310 1042 1347 t
1063 1281 1144 1331 'voluit

112 1354 164 1419 pei·
181 1360 250 1396 aras
267 1356 421 1416 expungere
438 1346 522 1398 divini
538 1345 659 1400 'nominis
676 1362 797 1413 causam,
813 1343 879 1401 licet
895 1346 1143 1401 incontinentium

105 1430 170 1470 xnon
193 1423 253 1466 tam
271 1411 316 1467 dei
338 1417 436 1487 ¹fecerit
459 1417 631 1468 mentionem
649 1435 734 1486 quam
758 1418 873 1486 propria
891 1417 1008 1469 deorum
1031 1418 1143 1470 nomina

112 1477 253 1548 intulerit,
283 1492 316 1535 c't·
341 1485 455 1553 quidem
484 1500 550 1535 cum
580 1480 787 1538 sacrificationis
810 1479 900 1554 gratia
931 1485 985 1535 iltis
1010 1485 1143 1537 Versibus:

111 1548 261 1620 Legeferae
288 1550 393 1618 Cereri,-
424 1561 474 1605 etc.
504 1562 605 1622 usque,
637 1556 749 1622 iugalia
777 1570 889 1621 *curres
912 1570 964 1604 nec
994 1569 1053 1604 non
1077 1564 1142 1605 arae

114 1620 239 1689 (areret)
254 1620 319 1672 licet
336 1622 446 1690 oblique
464 1629 586 1674 attamen
603 1625 749 1688 manifeste
772 1624 795 1674 it
809 1625 823 1657 *
847 1621 987 1691 (faca'tlb
998 1622 1057 1671 Aut
1074 1634 1141 1679 ,ante

30 1693 33 1699 ’
112 1702 162 1743 ore
181 1682 262 1749 deum
280 1691 330 1755 pin
347 1702 401 1743 'aes
418 1693 560 1756 spatiatur
577 1693 613 1741 ad
632 1705 714 1755 aseer
736 1684 803 1759 quid
826 1692 904 1744 enim
920 1697 971 1756 nest
994 1693 1142 1758 spatiatur,

110 1767 196 1829 quam
209 1759 306 1828 spatio
328 1709 377 1809 ini
400 1759 458 1824 loci
478 1759 644 1824 obambulat.
686 1761 797 1825 Adeunt·
815 1768 909 1813 autem
931 1759 1046 1828 proprie
1070 1759 1141 1823 dixit,

110 1829 145 1879 ed
170 1826 290 1896 maiores
315 1820 389 1879 enim
412 1827 461 1895 qui
486 1826 604 1891 accedit,
627 1831 667 1891 ait
688 1829 800 1880 soanori
822 1828 971 1897 signume*
995 1827 1099 1895 (sarcit,¹
1121 1843 1140 1876 a

109 1896 158 1947 dat
174 1895 292 1954 honoris
310 1913 330 1948 st
348 1886 444 1958 ξόανον
462 1897 633 1964 tignum?)]
669 1896 836 1964 Pacemquea
860 1894 1083 1950 benevolentiam
1101 1897 1141 1963 [ut

68 2016 71 2021 ,
109 1967 171 2030 (10,
188 1967 258 2026 31.)t
279 1964 311 2015 st
328 1968 390 2016 sine
407 1976 474 2033 pace
493 1977 542 2015 tua
561 1970 642 2047 atque
661 1969 749 2017 inviro
769 1965 905 2030 numina]
940 1965 991 2014 Per
1009 1976 1078 2014 aras
1095 1980 1138 2012 ee·

108 2029 242 2100 quirunt,-
266 2033 320 2103 [vel
335 2034 407 2104 apud
425 2044 502 2099 aras,
524 2035 567 2086 vel
589 2040 662 2086 mter
685 2051 761 2098 aras,
784 2039 816 2084 ut
838 2040 885 2101 (9,
902 2031 990 2094 41831
1015 2032 1041 2099 lt
1058 2027 1138 2082 haste

109 2101 150 2153 Ta
168 2115 188 2153 'o
206 2114 255 2168 per
272 2109 379 2170 tempus
393 2113 549 2169 utrumque.
584 2100 748 2169 disquirunt
762 2102 875 2168 autem]
891 2104 909 2152 it
921 2120 944 2152 e.
960 2098 1138 2152 sacrificando
1176 2121 1178 2127 ¹

107 2119 262 2239 expiarent,
288 2187 323 2220 an
347 2171 384 2222 dii
404 2171 511 2222 'vellent
532 2166 598 2221 huic
622 2170 663 2222 rei
687 2166 848 2222 consentire.
896 2166 1020 2220 Dicendo
1044 2176 1137 2219 autem

107 2234 158 2289 Per
175 2249 243 2288 aras
267 2238 450 2306 aruspicalem
475 2239 517 2304 (al.
536 2239 626 2305 recep.)
650 2248 740 2292 artem
763 2239 894 2290 ostendit:
919 2245 965 2287 utt
990 2236 1137 2302 Spirantie

105 2309 231 2359 consulit
248 2316 321 2357 exta.
359 2307 430 2373 [Duo
449 2307 525 2358 enim
542 2323 645 2372 genera
661 2310 813 2358 hostiarum
830 2316 907 2371 sunt,
931 2320 1020 2355 unum
1036 2306 1067 2356 in
1084 2319 1137 2372 quo

105 2377 228 2427 voluntas
246 2375 290 2426 dei
307 2385 358 2442 per
376 2384 436 2427 exta
454 2375 621 2444 exquiritur,
645 2373 764 2428 alterum
780 2376 810 2426 in
827 2391 881 2444 quo
898 2374 956 2424 sola
974 2375 1069 2426 anima
1085 2376 1136 2425 deo

103 2451 240 2496 sacratur:
264 2445 336 2495 unde
362 2444 446 2494 etiam
464 2442 603 2510 aruspices
621 2447 760 2512 enirnnles
778 2444 886 2494 hostias
903 2442 1050 2509 appellant.
1086 2439 1136 2492 Sed

102 2508 138 2565 de
164 2512 330 2631 exploranda
353 2512 490 2563 voluntate
508 2512 599 2563 divina
622 2512 667 2564 hic
686 2513 817 2583 expressit
833 2513 961 2563 dicendo:
986 2509 1135 2577 Spirnntt'a

104 2593 191 2634 consu
206 2584 228 2630 it
245 2592 317 2631 extat
353 2576 486 2631 Animalia
509 2586 574 2632 v'cro
598 2581 704 2633 hostiae
722 2582 843 2646 speciem
861 2577 993 2643 ostendit,
1017 2579 1066 2629 ubi
1082 2579 1136 2628 En-

101 2646 200 2702 tellum
215 2648 282 2700 iu'cit
299 2649 381 2716 Eryci
398 2656 511 2698 taurum
527 2657 697 2702 mactantem
715 2651 808 2700 dicens
826 2653 860 2713 (5,
878 2648 962 2705 libati:
980 2645 1065 2696 Hanc
1083 2646 1134 2696 titt

101 2711 179 2785 Eryx
208 2713 349 2768 meliorem
377 2720 503 2767 aretinam
526 2735 575 2782 pro
601 2733 686 2769 morte
711 2719 828 2767 Daretis
854 2713 1005 2779 Perceiana]
1023 2741 1058 2752 -
1093 2722 1133 2772 57.

101 2783 248 2850 Materiam
278 2785 394 2837 verbum
419 2800 578 2850 sacrorum,
608 2776 667 2838 aar*
690 2780 859 2854 εὖφημισμόν
888 2783 1009 2848 dictum,
1042 2782 1134 2852 [quasi

28 2874 31 2879 ·
99 2852 190 2923 magis
207 2862 334 2934 auctum3
356 2850 429 2922 imde
446 2861 475 2906 et
491 2857 851 2922 magmentumgdicebantq
874 2852 951 2920 qnasi
975 2852 1066 2904 maius
1088 2869 1134 2902 aar·

101 2932 254 2994 gmentum
290 2922 366 2973 Olim
384 2923 458 2974 enim
476 2917 581 2973 hostiae
598 2919 759 2974 immolatae
783 2916 945 2973 dicebantur
967 2922 1042 2972 mola
1065 2920 1134 2971 salsa

98 2997 204 3046 tactaet
227 3002 292 3041 cum
308 3005 373 3043 vero
390 2989 462 3057 ictae
479 2992 507 3042 et
523 2987 626 3058 aliquid
644 3009 675 3043 ex
699 2988 752 3042 illis
770 2991 799 3042 in
817 3005 895 3041 aram
913 2990 1009 3039 datum
1028 3000 1131 3038 macta-

98 3072 143 3114 tae
161 3060 323 3114 dicebantur
340 3062 403 3128 [per
425 3054 612 3110 laudationem
619 3057 645 3123 ,]
668 3074 719 3128 per
743 3055 811 3110 boni
835 3057 934 3108 ominis
957 3057 1132 3124 significatio·

98 3143 164 3183 nem
172 3127 197 3195 ,]
222 3132 253 3178 ut
276 3126 402 3191 adolere,·
433 3127 533 3194 [nam]
557 3123 684 3177 Mactore
708 3136 749 3179 est
771 3128 884 3197 proprie
908 3128 997 3191 magis
1021 3138 1129 3196 angere·

97 3197 197 3251 Lectae
221 3194 362 3261 bidentes:
387 3211 444 3246 non
468 3203 545 3247 vacat
562 3193 668 3245 Lectae
704 3195 792 3246 Moris
816 3197 891 3248 enim
915 3196 1023 3260 suerat,
1047 3199 1080 3245 ut
1095 3195 1129 3246 ad

96 3260 231 3321 sacrificia
248 3262 417 3333 eligerentur
435 3279 511 3328 oves,
528 3258 626 3332 quibus
643 3264 712 3315 nihil
729 3265 849 3316 deesset:
868 3263 943 3314 utin
960 3271 1035 3313 sexto
1053 3263 1129 3330 (38.):

96 3335 182 3390 Nunc
199 3351 280 3402 grege
294 3335 326 3383 de
345 3334 449 3384 intacto
465 3344 564 3399 septem
580 3345 701 3384 mactare
716 3335 857 3383 iuvencos.
892 3326 1023 3381 Bidentes
1037 3341 1129 3384 utitem

97 3403 187 3457 dictae
206 3412 269 3454 sunt
285 3397 362 3469 quasi
388 3402 517 3451 biennes:
542 3401 606 3467 quia
630 3416 719 3468 neque
744 3402 868 3451 minores
891 3416 983 3465 neque
1008 3399 1050 3466 (alt
1070 3400 1127 3461 aut)

96 3469 217 3526 maiores
234 3471 334 3522 licebat
350 3466 452 3521 hostias
470 3469 543 3519 dare.
580 3468 648 3519 Sunt
665 3472 749 3520 etiam
773 3469 803 3519 in
822 3469 914 3519 ovibus
932 3469 986 3518 duo
1005 3469 1128 3520 eminen·

95 3541 180 3594 tiores
197 3539 290 3591 dentes
314 3540 387 3590 inter
406 3537 483 3600 octo,
506 3532 554 3602 qui
577 3551 633 3587 non
658 3539 709 3588 nisi
728 3539 802 3587 circa
819 3537 957 3588 bimatum
980 3544 1129 3606 apparent:

95 3625 147 3663 nec
164 3609 195 3660 in
210 3602 355 3671 omnibus,
372 3599 465 3658 sedin
483 3599 525 3655 his
543 3620 614 3685 quae
632 3605 716 3672 [sunt]
733 3609 813 3676 aptae
830 3604 970 3656 sacrificiis
987 3608 1128 3657 inveniun-

93 3679 148 3730 tur.
165 3701 200 3714 -
234 3682 277 3734 58.
296 3674 444 3744 Lengerae
463 3672 573 3736 Cerert,·
597 3673 671 3738 leges
689 3675 764 3725 enim
787 3674 845 3743 ipsa
862 3673 961 3724 dicitur
985 3674 1126 3726 invenisse.

94 3744 167 3797 Nam
184 3748 212 3797 et
228 3760 306 3794 sacra
322 3744 406 3811 ipsius
425 3741 661 3807 Thesmophoria,
678 3738 712 3809 [i.
731 3742 774 3806 e]
791 3744 884 3810 legum
900 3741 966 3791 latio
984 3752 1123 3794 vocantur.

93 3814 147 3867 Sed
163 3810 216 3866 boc
234 3814 296 3864 ideo
313 3808 426 3880 fingitur
466 3811 530 3879 quia
548 3818 611 3862 ante
630 3811 772 3862 inventum
789 3813 962 3862 frumentum
979 3828 996 3862 a
1014 3812 1125 3875 Cerere,

94 3880 197 3964 passim
214 3876 341 3934 homines
358 3881 416 3931 sine
433 3843 493 3946 lege
509 3875 696 3946 vagabantur3
714 3894 784 3946 quae
802 3878 895 3931 feritas
913 3879 1069 3946 interrupta
1087 3887 1126 3932 est

93 3960 205 4005 mvento
236 3958 286 4000 u'su
314 3950 535 4012 frumentorum,
565 3950 711 4017 postquam
742 3964 773 3998 ex
805 3963 938 4015 agrorum
962 3947 1125 4000 discretione

93 4019 183 4088 (codd.
201 4013 355 4083 divisione)
379 4023 445 4070 nata
461 4023 525 4068 sunt
546 4015 616 4068 iura.
651 4015 884 4091 [Thesmophoria
901 4023 997 4069 autem
1015 4024 1126 4072 vocatus
