2454 4500
103 241 167 307 140
350 232 489 299 stavit
512 232 865 323 COMMENTARIUS

101 425 163 486 post
186 417 405 487 profanationem
429 417 465 469 ab
488 416 612 485 ingressu
634 417 726 471 hostes
748 426 862 475 vetaret.
913 419 992 477 Nam
1013 412 1114 477 amnui
1151 432 1153 441 '

102 486 234 555 (integro)
252 485 376 556 sepulcro
393 486 603 552 Laomedontis,
625 488 699 555 quod
715 506 796 561 snper
812 496 927 561 portam
944 490 1058 543 Scaeam
1069 490 1121 543 te.

93 564 158 621 rat,
181 564 240 606 tuta
262 557 343 606 baisse
363 556 420 607 fata
444 555 572 607 Troiana.
615 554 741 621 (Diuum
766 560 881 619 domas3
912 559 957 610 vel
980 556 1124 627 prindein*¹

101 641 197 679 muros
213 623 306 693 Apollo
324 632 352 674 et
368 624 509 693 Neptunus
526 623 745 690 fabricaverunt,
768 626 817 677 nbi
834 627 922 679 etiam
937 626 1061 683 Minerva
1073 632 1121 691 μ’

53 728 59 737 a
101 693 251 744 Palladium
269 693 342 744 culta
358 700 411 745 est:
429 692 474 743 vel·
488 701 599 763 propter
617 692 824 761 Ganymedem,
841 694 1022 761 Dardanum,
1036 694 1119 747 Tilbu'

101 764 194 823 nuru.)
236 762 338 811 Inclita
363 762 448 822 belim
482 763 546 831 quia
569 763 706 825 superavit
726 764 847 831 Mysiam
869 771 970 815 totam.
994 788 1029 801 ···
1052 768 1109 833 stit

103 828 221 897 Quotam
245 831 359 903 saepius.
394 830 440 897 (lu
459 831 556 880 limine
574 843 684 896 μανίαις
707 831 754 883 hic
779 840 890 904 portam
907 848 960 903 pro
982 833 992 885 i
1053 830 1108 893 adiu

102 900 208 967 posuit;
231 918 297 953 nam
315 898 387 967 qnod
404 900 443 951 ait
460 900 572 961 limine,
589 901 764 951 manifestum
781 908 944 971 estportue.
1004 916 1047 953 am
1060 912 1122 979 pm.

102 969 226 1038 superior
243 968 334 1021 diruta
352 975 405 1033 est,
431 969 585 1021 necessario
609 978 769 1023 remanente
792 970 903 1035 hmine,
925 970 1001 1049 quod
1021 968 1048 1021 in
1066 982 1107 1019 mu

102 1046 196 1108 parte.
221 1037 238 1087 i.
257 1056 280 1088 e.
305 1039 335 1087 in
358 1036 416 1089 solo
440 1037 559 1105 positum
584 1032 669 1100 erin)
696 1064 730 1075 —-
771 1042 834 1095 243.
858 1038 946 1107 Atque
973 1042 1124 1097 uictoria-t.

103 1106 246 1159 ostendere
262 1106 326 1168 vult,
342 1106 445 1156 nonin
461 1113 550 1159 totum
567 1124 583 1156 a
600 1106 650 1159 diis
663 1107 784 1158 desertos
797 1123 855 1159 esse
869 1106 1014 1175 Troianos,
1028 1104 1107 1177 quipp

103 1190 170 1245 quos
192 1190 258 1225 sono
276 1175 339 1241 equi
356 1173 423 1224 dicit
445 1190 505 1226 esse
521 1175 719 1239 corumonitos,
744 1193 780 1226 ne
796 1174 868 1226 Dido
886 1176 924 1227 ab
947 1176 992 1227 bis
1007 1173 1109 1227 ardum

103 1251 252 1308 averteret,
276 1258 344 1310 quos
361 1243 470 1295 videbat
487 1262 504 1295 a
520 1244 574 1294 suis
591 1244 750 1296 numinibus
768 1244 928 1306 derelictoa3
950 1244 1001 1297 secl
1022 1242 1069 1295 bor
1080 1240 1109 1293 di

103 1312 154 1364 cit:
172 1317 340 1365 monuerunt
356 1326 405 1361 nos
422 1312 475 1376 dii,
493 1312 539 1363 sed
556 1329 605 1362 nos
622 1328 679 1362 non
695 1312 884 1367 intelleximus.
919 1313 956 1365 Et
971 1308 1110 1365 tenenti·

103 1383 154 1433 dit:
181 1382 305 1432 sonitum
324 1398 403 1430 armo
422 1382 531 1444 dedere,
554 1399 589 1432 ne
607 1382 632 1432 ei
650 1382 830 1446 obliteratur,
853 1388 911 1432 nort
928 1383 1046 1453 potuisse
1058 1376 1110 1441 flul,

102 1458 135 1500 ut
154 1449 231 1518 plexa
254 1449 338 1500 armis
362 1449 491 1501 machina
514 1464 612 1501 sonum
636 1465 692 1503 non
715 1450 863 1509 redderet)
880 1474 915 1486 -
950 1454 1013 1507 ¹244.
1029 1448 1110 1517 [lusu-

104 1534 166 1569 mus
184 1531 290 1578 tamem
314 1518 547 1577 subaudiendum,
565 1534 723 1585 quanquam
741 1518 863 1571 sonitum
879 1517 1022 1584 dederint,
1035 1524 1111 1567 utre!

34 1586 37 1591 ’
103 1587 254 1651 instamus]
296 1584 672 1661 liutticrnore53'irnprovidi:
695 1596 742 1641 aut
765 1604 820 1641 non
846 1602 988 1639 memores
1011 1582 1112 1637 oracula·

103 1673 174 1709 rum.
208 1657 268 1723 [Vel
292 1657 464 1707 immemores
488 1656 644 1720 dementes,
668 1657 800 1723 qnoniam
823 1656 963 1709 memoria
985 1654 1017 1709 in
1037 1656 1111 1705 merit

103 1723 244 1788 consistit]
279 1726 365 1791 (Sane
390 1725 412 1775 si
436 1723 565 1797 peritiam
581 1718 688 1789 Virgilii
705 1725 850 1793 diligenter
873 1725 1019 1791 intendas,
1038 1732 1113 1777 secut·

103 1795 169 1847 dum
186 1794 357 1863 disciplinam
373 1793 503 1845 carminis
520 1792 654 1858 Roaiam,
671 1810 734 1864 quo,
750 1811 782 1846 es
799 1791 914 1844 urbibus
930 1792 1051 1845 bostium
1064 1790 1114 1843 det!

104 1872 167 1915 ante
186 1881 296 1915 evocare
314 1862 453 1929 solebant,
476 1862 530 1912 hoc
548 1862 628 1923 dixit3
645 1866 724 1921 erant
740 1861 816 1914 enim
832 1863 905 1913 inter
922 1870 1019 1915 cetera
1034 1872 1115 1913 cam·

102 1933 144 1984 nis
170 1932 253 1983 verba
276 1932 359 1984 baec:
384 1931 472 1997 Eique
496 1932 598 1999 populo
619 1933 781 1997 civitatique
800 1942 916 1995 nutum,
935 1930 1134 2003 formidinem·

105 2002 272 2053 obliuionem
299 2001 453 2061 iniioiatis3
484 2000 556 2051 nude
581 1999 652 2051 bene
676 2000 780 2064 intulit,
804 2001 981 2051 immemores
1006 2000 1116 2063 suscitat

41 2101 44 2107 ,
98 2069 215 2139 furore,
238 2078 372 2136 tanquam
389 2069 437 2136 qui
454 2068 518 2119 deos
542 2068 738 2137 prodiderant)
755 2094 791 2107 -
824 2071 885 2127 945.
903 2068 1064 2120 Monstrum
1084 2066 1117 2115 iu·

97 2136 188 2209 felix
207 2138 343 2205 (lroianis
359 2138 429 2202 scil,
446 2134 528 2204 quod)
544 2145 610 2205 post
621 2155 683 2189 rem
702 2138 847 2201 probatam
863 2136 938 2191 dista
975 2137 1118 2209 [Sistimuu

104 2207 307 2270 constituimus,
330 2203 515 2268 collocamus]
531 2231 565 2243 -
600 2209 660 2263 246.
687 2206 768 2259 Tunc
795 2208 894 2267 etiam,
922 2206 994 2256 sicut
1016 2202 1117 2257 antehae

103 2275 219 2344 saepius.
253 2276 326 2326 Nem
342 2277 449 2331 Helena
464 2274 589 2326 veniente
607 2275 780 2342 praedixerat
796 2276 898 2342 [futura
916 2273 990 2326 bella
1009 2282 1038 2326 et
1052 2269 1117 2325 mab

105 2342 129 2395 F
129 2347 197 2397 atis:
223 2346 268 2407 (ne
285 2352 448 2414 putarentur
464 2343 552 2408 stulti,
569 2346 616 2410 qui
634 2343 687 2397 vati
703 2360 759 2394 non
777 2342 952 2409 credidisset,
974 2343 1030 2393 cito
1045 2338 1118 2393 subir-

104 2415 155 2463 cit:
182 2412 234 2462 Dei
259 2415 340 2464 iussu
360 2421 410 2465 etc.
445 2411 532 2473 Sane)
556 2412 669 2478 quidam
692 2413 736 2463 hic
753 2411 830 2482 satis
853 2426 906 2478 pro
930 2409 1118 2463 calamitatibus

105 2480 261 2551 accipiunt]
280 2509 312 2519 -
347 2486 407 2539 247.
426 2481 482 2530 Dei
501 2483 597 2539 iussu;
615 2489 763 2550 praecepto
781 2479 924 2553 Apollinis:
942 2482 1020 2546 quis
1039 2490 1117 2548 epra·

105 2550 181 2602 missi
198 2551 282 2601 coitus
299 2550 400 2668 plGneffi
417 2551 437 2603 Ι.
454 2551 486 2603 ΙΙ.
505 2567 551 2617 spe
569 2548 703 2610 coeturdi)
721 2564 846 2600 concessa
863 2548 1005 2601 divinitate
1020 2500 1116 2601 intare

105 2627 148 2669 tus
173 2619 278 2669 sustulit
319 2618 383 2670 dem
406 2634 470 2670 vera
494 2617 609 2675 dicenti;
633 2617 698 2685 [qui
723 2634 787 2666 cnm
804 2624 924 2668 amasset
942 2616 1115 2671 Cassandram,
1151 2616 1153 2621 ’

105 2688 176 2758 petit
192 2687 228 2737 ab
246 2706 277 2743 ea
295 2688 352 2738 eius
370 2687 529 2737 concubitus
547 2685 670 2753 copiam:
687 2687 735 2736 Illa
751 2686 804 2735 bac
821 2684 980 2738 conditione
997 2680 1114 2755 promitit

106 2759 129 2809 si
147 2755 198 2807 sibi
216 2757 251 2809 ab
269 2773 301 2808 eo
318 2757 476 2812 futurorum
493 2755 606 2810 scientia
627 2762 825 2823 praestaretur:
848 2769 931 2820 qatam
956 2770 1022 2805 cum
1037 2746 1115 2817 Apollo

104 2825 260 2889 tribuisset,
289 2824 337 2891 (ab
359 2824 405 2874 illa
429 2824 575 2894 promissus
598 2825 685 2873 coitus
708 2824 856 2889 denegatus
879 2829 934 2874 est:
960 2824 1007 2873 sed
1029 2816 1113 2887 Apollb

106 2894 274 2944 dissimulata
292 2893 428 2961 paulisper
446 2892 518 2954 ira,)
543 2893 623 2959 petiit.
638 2891 674 2941 ab
693 2910 739 2955 en,
763 2898 794 2941 ut
816 2889 868 2939 sibi
891 2890 1062 2957 oscu[lu]lnru
1075 2880 1113 2961 sal·

106 2972 165 3014 tem
185 2969 348 3031 praestaret,
372 2961 444 3027 quod
462 2979 526 3015 cum
542 2960 588 3012 illa
605 2961 727 3023 lecisset,
751 2975 781 3009 os
804 2959 862 3009 eins
884 2959 1001 3026 inspuit,
1024 2964 1111 3025 stupu!

107 3031 215 3100 cripere
240 3030 291 3083 deo
315 3028 401 3081 semel
415 3029 551 3080 tributum
574 3044 673 3081 munus
696 3043 752 3077 non
771 3025 965 3091 conveniebat,
989 3024 1074 3078 effecit
1089 3022 1111 3066 ul

105 3100 152 3151 illa
170 3098 282 3165 quidem
304 3115 370 3150 vera
392 3098 600 3160 vaticinaretur,
624 3096 671 3146 sed
694 3095 761 3149 fides
785 3110 840 3145 non
863 3092 1033 3158 haberetur]
1061 3086 1110 3141 Not

110 3185 249 3235 unqunm3
273 3182 329 3219 non
351 3164 512 3231 aliquando,
528 3166 546 3216 i.
567 3183 590 3216 e.
613 3180 763 3230 nunquam.
797 3164 869 3219 Nam
886 3163 910 3213 si
928 3166 1109 3229 nonnunquam

109 3244 193 3299 esset,
216 3237 286 3288 duae
310 3234 452 3303 negativae
475 3237 599 3287 facerent
623 3249 707 3283 unam
724 3230 951 3285 confirmativam.
980 3232 1061 3282 -Licet
1073 3224 1110 3301 ‘l'tf

108 3304 212 3356 rentius
237 3307 343 3371 (licant.
367 3308 394 3365 l,
413 3309 443 3368 1,
463 3303 516 3361 11.)
540 3302 648 3353 Graeco
672 3316 750 3351 more
774 3300 885 3350 dixerit:
915 3301 1021 3367 Agrum
1037 3292 1110 3347 initi

111 3375 274 3439 regionibus
293 3374 432 3425 meliorem
453 3389 537 3437 neque
550 3373 634 3439 pretii
649 3370 767 3425 maioris
781 3386 858 3419 nemo
872 3367 960 3420 habet.
995 3364 1110 3437 [creditu

110 3441 225 3491 dubium
242 3458 259 3493 a
276 3457 330 3511 quo
347 3438 432 3490 verbo
449 3439 552 3503 veniet,
576 3447 603 3490 et
626 3456 661 3493 an
684 3437 850 3490 femininum
867 3436 1006 3503 singulare
1023 3436 1055 3486 sit
1067 3440 1113 3503 put·

109 3508 251 3573 ticipium,
275 3526 310 3559 an
334 3516 464 3561 neutrum
491 3505 623 3576 plurale]
649 3535 683 3545 —
723 3510 783 3563 249.
810 3505 891 3555 Festa
913 3507 1034 3576 fraudu
1060 3508 1115 3569 (1¹1⁸⁶

109 3578 192 3628 festos
209 3576 312 3627 indicat
328 3577 400 3639 dies,
423 3575 477 3642 [vel
493 3592 563 3641 quae
586 3576 660 3627 sestis
677 3575 772 3627 diebus
789 3572 968 3640 adhibetur,]
990 3582 1022 3624 ut
1036 3572 1117 3627 latlfflb

112 3645 194 3707 oliva,
218 3642 356 3711 [hedera]¹‚
374 3651 401 3694 et
414 3644 522 3697 similia.
560 3642 705 3703 Volumus,
729 3657 899 3693 coronamus.
933 3643 971 3693 Ut
989 3646 1032 3703 (5,
1047 3636 1118 3697 bibli

116 3713 223 3762 Victori
245 3714 365 3762 velatum
397 3730 484 3775 auro,
513 3712 643 3777 vittisque
668 3714 823 3769 iuvencum,
848 3738 882 3749 ·-·
923 3717 986 3767 250.
1015 3707 1120 3759 Vertitur

114 3784 219 3833 interea
245 3782 365 3841 coelum3
389 3780 464 3848 atqui
491 3780 631 3850 epitheton
657 3780 710 3830 boc
732 3780 802 3831 coeli
825 3785 992 3849 perpetuum
1016 3784 1066 3830 est:
1083 3768 1123 3825 rttl

114 3850 232 3903 uertitur
248 3848 343 3914 [nunc]
361 3858 415 3911 est,
437 3849 467 3900 in
490 3851 573 3901 aliam
595 3849 696 3899 faciem
719 3854 912 3899 commutatur.
954 3845 1035 3913 Quod
1055 3856 1122 3895 mort

114 3933 163 3971 suo
181 3916 305 3987 explanat
320 3915 371 3983 [in]
387 3918 570 3984 sequentibus.
604 3916 676 3967 Ruit
694 3934 809 3975 oceano;
826 3915 948 3967 nascitur
965 3916 1001 3968 de
1018 3914 1126 3973 Oceano,

115 3994 146 4041 ut
162 3984 206 4053 (G.
223 3994 256 4049 2,
273 3984 359 4050 309·)=
385 3988 443 4041 ruit
466 3998 556 4041 otram
581 3984 628 4041 Aa·
646 3988 752 4041 coetum
775 3988 853 4056 pisca
877 3998 993 4039 orossus
1015 3984 1127 4067 caligias
