2454 4500
198 295 235 337 ω
254 226 419 336 xviana..
439 269 613 336 anuum
635 268 716 333 nu.
739 269 772 348 1,
794 271 988 340 use-cst.
1071 273 1115 335 a

75 463 105 513 in
128 458 256 511 Teucros
280 448 410 509 animum
435 468 606 522 mentemque
631 453 792 519 benignam.
827 449 847 502 1.
866 468 890 502 e.
912 466 965 532 pro
988 449 1113 505 Teucria

76 558 109 569 -
140 537 205 588 232.
225 527 305 595 Quid
324 527 412 578 Troes
435 523 571 593 potuere?
607 524 749 590 (Hocust,
773 517 820 588 qui
838 519 931 573 Graiis
954 537 1035 590 pares
1058 538 1116 575 non

79 599 200 662 neunt,
229 599 262 661 in
285 605 314 648 te
337 594 442 664 aliquid
464 599 584 665 possunt
624 591 661 640 Et
683 589 740 651 est)
771 599 969 655 argumentum
991 589 1054 657 [est]
1078 592 1115 644 ab

79 658 247 736 impossibili.
282 666 319 716 Ut
338 665 409 717 alibi
425 663 524 730 (52Q):
542 660 608 712 Non
627 677 659 709 ea
677 662 722 709 vis
741 662 847 708 animo.
883 659 920 708 Et
936 665 977 709 cst
993 659 1116 728 validius,

112 738 116 751 '
183 753 204 790 n
232 734 380 786 voluntate.
424 732 498 782 Plus·
518 730 593 783 enim
619 736 675 794 est,
705 743 762 778 non
794 742 887 797 posse,
918 742 1003 794 quam
1032 729 1116 782 nolle.
1166 768 1170 773 .

108 820 180 868 roes,
207 803 261 856 erit
284 801 468 855 nominativus
487 800 576 863 Tros,
600 805 628 849 et
651 797 720 848 haec
745 795 866 848 breviter
884 795 995 847 scienda
1017 799 1117 866 regula

67 881 130 933 --eet3
146 872 212 941 quia
226 872 326 923 omnia
344 871 421 924 enim
438 869 553 925 nomine
570 865 759 934 monosyllaba
778 865 903 932 Graece,
927 865 1045 932 quaein
1062 867 1116 919 La-

83 939 163 992 tinum
180 956 343 993 sermonem
360 947 519 1003 transeunt,
535 935 634 990 tertiae
652 942 716 986 sunt
731 941 841 985 tentum
858 933 1064 1000 declinationis,
1087 945 1116 990 et

82 1016 134 1061 tam
149 1009 261 1072 Latine¹
275 1024 360 1077 qttam
378 1008 494 1067 Graece,
509 1003 645 1059 declinari
668 1011 787 1072 possunt.
823 1003 860 1053 Ut
884 1002 956 1077 Tros
976 1002 1061 1059 Trois
1087 1013 1118 1058 et

82 1077 180 1143 Troos,
205 1074 265 1128 Pon
285 1077 374 1128 Panis
393 1082 420 1129 et
438 1073 547 1141 Panos,
563 1082 595 1124 ut
612 1078 658 1139 (8,
677 1072 764 1132 344ss
787 1071 922 1123 Arcadici
939 1072 1045 1122 dictum
1064 1072 1117 1124 Pa-

84 1164 129 1200 nos
146 1148 178 1196 ele
205 1163 280 1198 more
297 1145 413 1213 Lycaei.
431 1170 467 1182 -
501 1152 563 1201 233.
583 1143 637 1210 [Ob
657 1142 773 1192 Italiam
781 1163 791 1203 ,-
815 1140 889 1191 iuxta
912 1141 1022 1194 Italiam
1045 1143 1118 1195 anti·

83 1228 228 1284 proniore
245 1215 353 1266 dictum
369 1213 516 1283 accipiunt,
528 1211 569 1267 ,oh
588 1211 665 1272 enim
681 1217 786 1261 veteres
804 1225 855 1278 pro
872 1210 946 1262 iuxta
963 1210 1117 1280 ponebantz

81 1291 124 1336 aut
138 1285 191 1348 ob,
206 1291 335 1353 propter:
360 1281 522 1346 Terentius,
546 1279 697 1346 Quodnam
718 1281 750 1329 ob
763 1279 878 1347 factum
887 1283 904 1339 :1
921 1288 969 1330 eut
986 1279 1037 1345 ob,
1061 1282 1117 1333 cir.

84 1367 148 1417 cum,
165 1359 210 1404 ut:
227 1352 363 1404 Turni'se
380 1351 461 1422 pestis
480 1349 516 1400 ob
535 1365 593 1400 ore.
628 1348 712 1416 Quasi
728 1347 818 1407 circa;
838 1355 886 1398 aut
902 1347 947 1414 ob,
963 1357 1069 1415 contre,
1085 1356 1119 1401 ut

81 1420 177 1486 obstat,
203 1426 232 1471 et
258 1418 438 1488 obloquitur]
475 1419 671 1481 orientium,
697 1435 733 1468 ne
757 1416 793 1468 ad
809 1414 920 1468 Italiam
944 1418 1117 1486 perveniant,

80 1495 131 1539 toto
145 1487 215 1541 orbe
230 1489 378 1559 pelluntur.
408 1487 491 1555 Atqui
506 1486 537 1538 in
550 1487 643 1538 Africa
657 1494 727 1537 sunt.
758 1484 811 1535 Sed
826 1485 849 1535 si
863 1485 1010 1552 diligenter
1023 1488 1116 1554 requi·

79 1573 128 1623 rac,
139 1558 225 1609 etiam
239 1558 305 1610 inde
318 1557 471 1629 pelluntur:
488 1555 528 1607 eit
541 1556 766 1623 nemque(5t0.):
784 1552 917 1621 Hospitio
933 1553 1117 1622 prohibemur
1158 1554 1161 1562 “

83 1623 205 1684 harenae.
242 1625 332 1690 (Sane
357 1624 437 1676 multi
456 1627 488 1676 ob
508 1625 639 1689 Italiam,
662 1623 737 1673 iuxta
763 1623 874 1675 ltaliam
897 1623 1011 1691 antiquo
1035 1640 1116 1679 more

81 1693 179 1754 disuan
194 1694 350 1764 accipiunt,
367 1701 399 1744 ut
415 1693 465 1745 sit:
482 1709 545 1763 pers
564 1692 639 1743 orbis
656 1692 809 1757 clauditur,
826 1707 898 1759 quae
915 1691 990 1743 circe
1006 1692 1117 1746 Italiam

82 1771 128 1814 est:
145 1765 177 1815 oh
196 1764 274 1815 euim
289 1769 397 1816 ueteres
412 1777 463 1830 pro
477 1765 551 1815 iuxta
566 1760 714 1830 ponebant.
749 1761 859 1812 Plautus
871 1759 902 1811 in
914 1758 1022 1814 Milite:
1039 1779 1116 1813 nunc

83 1833 230 1887 sciomilri
260 1833 293 1883 ob
326 1832 424 1882 oculos
456 1833 609 1898 caliginem
642 1830 792 1881 obstitisse.
833 1829 928 1880 Potest
957 1830 1041 1889 etiem
1074 1833 1118 1898 ob,

82 1915 138 1952 ante
158 1901 295 1968 intelligi3
319 1908 367 1953 aut
392 1900 442 1966 ob,
472 1912 591 1968 propter.
635 1897 782 1950 Terentius
805 1897 929 1967 (Adelph.
954 1904 985 1962 5,
1009 1904 1041 1965 9,
1062 1902 1117 1966 dl:
1132 1894 1143 1914 ”’

86 1968 226 2036 Quodnam
246 1970 280 2022 ob
293 1969 425 2038 sactum(
448 1977 498 2021 eut
516 1971 566 2034 ob,
584 1969 708 2032 circum,
731 1974 764 2017 ut
781 1970 842 2034 (12,
859 1964 947 2030 865.);
975 1968 1068 2020 Turni
1086 1984 1117 2021 sc
1198 2018 1203 2027 ,

82 2042 158 2106 pestis
183 2041 217 2090 ab
238 2041 410 2106 ora5‘quasi
432 2037 635 2090 eir-cartalam
652 2042 759 2099 errent,
784 2043 812 2088 et
833 2034 864 2086 in
888 2052 951 2087 eam
968 2038 1117 2107 pervenire

82 2122 131 2159 non
145 2107 263 2179 possint:
279 2107 417 2176 significat
434 2109 467 2158 ob
487 2115 515 2160 et
533 2119 646 2171 contro,
663 2113 694 2155 ut
712 2107 818 2169 obstat,
835 2112 865 2156 et
882 2105 1063 2172 obloquitur.)
1079 2133 1117 2147 -

83 2180 136 2234 234.
154 2177 230 2229 Certe
249 2176 317 2226 hinc
334 2176 497 2241 Romanos‚·
522 2175 598 2242 atqui
616 2190 752 2241 nusquam
769 2173 823 2224 hoc
840 2173 1042 2241 legimus,·sed
1065 2191 1117 2246 per

81 2245 211 2297 silentium
233 2244 430 2312 intelligimus,
454 2253 486 2295 ut
509 2243 633 2314 superius
658 2242 692 2295 de
715 2245 821 2295 Iunone
846 2244 985 2296 audierat.
1023 2245 1115 2312 [Olim

75 2310 150 2379 Jore5
167 2322 216 2367 aut
232 2315 304 2366 olim
315 2313 400 2384 sore,
418 2321 446 2365 et
461 2314 550 2366 futuri
566 2314 700 2382 temporis
721 2321 775 2373 cst;
794 2319 841 2363 aut
860 2315 927 2363 olim
946 2313 1116 2381 pollicitus]

87 2381 283 2448 Volcentibus5
320 2381 493 2434 volubilibus.
545 2383 581 2432 Et
619 2389 659 2434 est
695 2381 872 2450 participium
903 2396 954 2452 pro
991 2383 1115 2436 nornine.
1143 2442 1147 2448 ,
1218 2406 1221 2411 ·

85 2449 193 2504 Volcens
211 2452 290 2505 enim
307 2453 413 2519 estqui
430 2452 523 2502 volvit:
548 2452 685 2502 volubilis
703 2449 820 2517 [utitem]
845 2449 893 2518 qui
918 2451 1032 2502 volvitur
1055 2451 1116 2521 [ha-

79 2517 183 2586 biliter]
217 2520 290 2573 Anni
308 2527 402 2572 autem
418 2521 578 2584 volvuntur,
594 2535 652 2570 non
669 2520 802 2575 volvunt..
822 2519 859 2568 Ut
875 2526 916 2569 est
934 2520 978 2584 (G.
987 2526 1013 2585 ἲ,
1025 2521 1115 2586 402·)=

79 2589 157 2657 Atque
177 2593 209 2640 in
228 2608 257 2639 se
276 2607 330 2641 sua
349 2607 398 2657 per
415 2591 535 2656 vestigia
555 2590 680 2639 volvitur
702 2590 806 2637 annus.
842 2586 907 2656 [Alii
924 2590 998 2656 quod
1022 2590 1116 2642 deficit

78 2655 165 2724 lingvra
181 2659 283 2711 Latina
300 2657 447 2728 participio
472 2657 612 2728 praesenti
635 2655 755 2726 passivo,
778 2672 910 2726 praesens
928 2657 1048 2709 activum
1065 2674 1114 2728 po·

78 2727 179 2778 sitivum
196 2727 298 2793 volunt,
314 2735 346 2776 ut
363 2724 408 2795 (G.
424 2731 448 2791 l,
466 2726 551 2788 163.):
568 2727 713 2777 volutatio
733 2727 880 2790 plaustra,
899 2733 928 2777 et
944 2725 990 2792 (G.
1009 2731 1033 2790 1,
1046 2725 1115 2789 74.):
1139 2768 1146 2775 .
1207 2737 1212 2752 ¹

80 2798 366 2863 siliqua'auassaute
397 2797 543 2862 legumen:
575 2811 646 2862 quac
671 2793 840 2861 quassetur]
861 2820 898 2832 —
939 2802 1002 2852 235.
1025 2794 1113 2860 Fore,-

78 2864 175 2916 iuturos
193 2880 261 2917 esse.
296 2866 332 2916 Et
349 2872 390 2916 est
406 2865 441 2915 de
458 2863 550 2915 verbis
568 2863 715 2914 defectivis.
750 2861 907 2926 Revocato,·
926 2863 1042 2915 dicendo
1061 2864 1115 2915 Re-

79 2947 185 2999 vocato,
217 2933 337 2985 ostendit
359 2933 483 2998 Italiam,
508 2932 583 2983 unde
607 2926 754 2984 Dardanus
778 2933 880 2984 fueret.
921 2931 944 2980 Α
970 2937 1114 3000 sunguine

79 2999 174 3054 Teucri
181 3021 191 3067 ς
209 3001 352 3053 Teucrum
369 3017 420 3071 pro
438 3000 570 3052 Dardano
588 2999 686 3071 posuit.
722 3000 870 3051 Dardanus
888 3000 964 3051 enim
981 3001 1016 3053 de
1033 3000 1114 3057 Italia
1192 3012 1195 3018 '

76 3072 264 3140 profectusest,
274 3068 383 3122 Teiicer
391 3072 425 3121 de
433 3070 530 3121 Creta:
546 3069 594 3136 [Et
606 3069 652 3121 hic
661 3065 819 3138 usurpavit]
833 3068 1002 3136 quiasolent
1015 3077 1114 3142 potitae

75 3142 184 3193 nomina
223 3140 258 3192 de
301 3136 395 3188 vicinis
431 3137 599 3210 provinciis,
638 3137 679 3190 vel
708 3136 833 3208 personis
877 3153 1021 3208 usurpare.
1077 3141 1114 3194 Ut

76 3207 115 3272 (G.
131 3215 163 3275 1,
180 3207 251 3272 89.):
273 3206 410 3258 Domitius
436 3206 560 3258 Pollucis
585 3205 703 3260 habenis
730 3206 878 3272 Cyllarus,
903 3222 992 3274 quum
1015 3207 1114 3264 Castor

78 3292 210 3345 equorum
226 3277 349 3328 domitor
374 3276 466 3328 inerit.
501 3276 572 3327 Item
591 3276 634 3339 (G.
651 3279 684 3339 4,
702 3273 773 3337 15.):
796 3275 832 3324 Et
851 3276 985 3325 monibus
1004 3274 1116 3346 Progne

77 3350 162 3410 petrus
190 3348 304 3414 signata
331 3355 492 3395 cruentum.
518 3358 570 3414 pro
595 3343 754 3395 Philomela.
789 3344 860 3396 ltem
878 3343 1020 3394 Didonem
1044 3349 1114 3400 dicit

77 3414 233 3481 Sidoniam,
257 3428 345 3482 quum
368 3413 403 3464 sit
421 3412 520 3480 Tyria,
544 3429 560 3462 e
585 3412 639 3464 laci
656 3411 804 3464 vicinitate.
839 3414 910 3464 Item
929 3414 972 3481 (E.
990 3419 1022 3479 6,
1040 3418 1113 3483 74.);

77 3481 147 3549 Quid
165 3486 269 3551 loquor
287 3494 338 3532 out
354 3482 472 3532 Scillam
491 3480 583 3533 Nisi?
608 3498 695 3549 quum
717 3479 819 3533 Phorci
843 3480 936 3533 luerit.
971 3482 1007 3533 Et
1022 3485 1111 3541 seien-

75 3552 209 3617 domest,
230 3553 305 3604 inter
328 3550 453 3602 fabulam
471 3558 500 3601 et
522 3554 733 3618 argumentum,
757 3551 811 3602 hoc
834 3556 876 3601 est
893 3549 997 3616 (Burm.
1015 3565 1041 3603 et
1058 3571 1109 3624 pro

77 3619 98 3672 lu
117 3621 150 3685 e.)
168 3621 333 3683 historiam,
350 3620 403 3669 hoc
421 3618 570 3672 interesse:
595 3619 669 3687 quod
685 3621 780 3672 sabula
798 3626 840 3672 est
856 3617 930 3671 dicta
947 3637 992 3673 res
1010 3632 1110 3679 contre

75 3696 219 3756 naturam,
238 3689 294 3740 sive
318 3690 406 3752 iacta,
430 3688 485 3740 sive
502 3704 559 3740 non
583 3690 672 3751 facta,
696 3698 726 3740 ut
751 3688 785 3740 de
809 3685 952 3758 Pasiphae.
987 3690 1120 3748 Historia·

75 3768 121 3824 eet,
144 3758 278 3829 quicquid
294 3757 446 3810 secundum
462 3765 593 3810 naturam
617 3757 730 3822 dicitur,
754 3758 809 3808 sive
832 3757 954 3822 fectum,
978 3759 1033 3811 sive
1049 3777 1107 3815 non

75 3827 178 3880 iactum.
216 3827 253 3876 Ut
268 3826 304 3878 de
320 3826 454 3878 Phaedra.
489 3826 718 3895 [Argumentum,
736 3834 768 3876 ut
784 3825 823 3876 sic
841 3823 987 3890 deliniam,
1005 3836 1046 3880 est
1060 3846 1106 3884 res
1168 3850 1171 3855 ·

74 3894 145 3964 ficte,
163 3912 239 3966 qrtac
257 3901 352 3949 temen
366 3895 428 3951 lieri
445 3903 543 3967 potest,
558 3906 589 3946 ut
605 3903 668 3948 sunt
684 3901 848 3962 arguments
867 3895 1106 3967 comoediarum]

72 3989 101 4003 -
134 3973 196 4025 236.
218 3965 308 4031 Omni
327 3966 450 4028 ditione,·
473 3965 571 4016 melius
586 3965 675 4016 Omni
693 3979 779 4032 quam
796 3961 907 4015 Omnis.
943 3965 980 4015 Ut
1002 3967 1104 4032 signifi7

72 4036 203 4107 eet'cmni
220 4042 357 4106 potestate
375 4033 411 4099 (i.
430 4031 464 4096 e.)
481 4051 564 4105 pace,
587 4035 710 4106 legibus,
733 4031 815 4086 bello.
831 4057 866 4073 ·-
899 4040 963 4089 237.
988 4033 1103 4087 Pollici-
