2454 4500
201 275 239 318 n
261 216 422 354 umen.
443 248 623 315 aenam..
637 248 717 311 ele.
738 249 772 323 1,
794 254 986 321 ssa-soa
1020 302 1025 311 .
1064 253 1109 323 n

82 438 211 518 accipiant
226 436 457 499 declinationem,
480 448 532 504 pro
550 440 644 485 nostre
662 431 800 484 voluntate
816 433 920 485 activae
936 441 1032 486 tamen
1048 441 1112 487 sunt

88 506 280 575 umifieationis
298 507 402 572 (Burin.
419 519 470 574 pro
488 510 581 554 nostra
598 509 693 552 tamen
710 500 761 551 vol.
779 509 833 556 act,
848 509 911 553 sunt
924 504 957 566 s.)
971 510 1002 556 ut
1012 506 1112 571 punio,

105 579 199 640 unior,
222 575 345 638 fabrico,
368 572 505 634 fabricae,
528 571 607 634 lato,
630 570 711 623 labor
735 570 781 638 (aL
799 571 879 634 lave,
897 573 992 635 lavor,
1019 571 1052 626 al
1070 573 1112 627 la.

84 592 158 710 iare,
176 643 316 706 laboror):
334 657 494 710 quanquam
510 640 686 709 temptaverit
696 639 801 691 Probus
818 642 910 692 lacere
924 638 1128 695 differentiam*

81 713 149 770 inter
172 715 289 767 activam
312 711 503 782 passivamque
527 707 770 777 significationem,
795 716 832 761 ut·
849 709 986 763 dicamm:
1012 712 1111 763 tondeo

80 783 213 849 alteram,
237 783 354 835 tondeas
378 781 412 830 ab
438 779 541 842 altero;
566 776 614 829 sed
631 777 684 831 hoc
708 778 737 831 in
761 777 822 832 aliis
838 779 929 831 verbis
945 779 1038 835 dicere
1055 793 1112 835 non

186 869 233 917 us,
256 849 442 970 ut'patrice,
461 847 613 916 sabriecr,·
636 861 738 913 pasco,
761 863 881 914 pascor,-
906 863 972 900 nam
994 847 1113 917 legimus

86 922 258 988 f.1‚55.);
279 918 391 973 Furem
410 919 524 982 depasta
545 916 656 978 salicti,-
680 923 708 966 et
726 915 772 976 (G.
790 923 821 981 3,
840 918 928 980 314.):
954 916 1114 969 Pascuntur

73 1008 138 1045 vero
157 992 267 1049 dames.
304 987 373 1039 Sunt
389 993 483 1044 autem
500 984 554 1037 alie
571 984 671 1048 verba,
695 1000 767 1053 quae
784 986 889 1038 activae
908 985 1114 1054 significationis
1162 1021 1171 1034 ,

71 1059 320 1130 declinationisque
336 1064 415 1121 sunt,
431 1063 463 1105 ut
480 1054 581 1118 caedo,·
606 1061 684 1116 sunt,
707 1067 779 1120 quse
832 1056 932 1120 ssivae,
955 1062 986 1106 ut
1004 1058 1113 1109 caedor.

69 1127 229 1187 invenimus
251 1135 362 1189 tamen,
387 1125 505 1178 activam
522 1121 739 1180 declinationem
757 1123 793 1175 he
815 1142 862 1178 ere
880 1125 1014 1195 passivam
1031 1126 1115 1194 signi.
1185 1168 1190 1173 ,

70 1196 242 1263 ficationem,
257 1204 289 1253 ut
306 1195 427 1261 vapulo;
447 1201 475 1246 et
483 1192 597 1256 nontin}
614 1190 828 1250 declinationem
845 1195 980 1264 passivam
997 1196 1115 1250 activam

69 1266 178 1320 habere
196 1265 444 1336 significationem,
468 1269 500 1313 ut
517 1261 625 1327 laetior.
660 1261 737 1316 Haec
757 1278 823 1330 ergo
840 1271 921 1316 caute
939 1263 974 1314 ab
997 1260 1055 1318 illis
1069 1264 1115 1332 (ab

69 1335 246 1405 aequalibus)
264 1331 437 1401 segreganda
462 1337 525 1381 sunt
549 1329 647 1382 verbis.
665 1355 700 1369 -
736 1334 796 1388 195.
825 1330 898 1385 Vina
925 1333 1016 1387 tonas
1043 1351 1116 1401 quae

71 1406 174 1461 deinde
199 1404 278 1454 cadis
304 1413 438 1453 onerarat
455 1399 582 1464 aceses,
608 1399 676 1450 ordo
695 1405 752 1464 est,
775 1399 884 1454 Deinde
908 1402 971 1456 vitia
988 1404 1117 1479 partitur,

72 1491 143 1545 quae
162 1475 274 1529 Acestes
292 1470 369 1525 dedit
385 1465 562 1538 [Trinacrio]
590 1467 696 1534 (Eum
713 1467 814 1525 deiude
831 1471 894 1525 vina
912 1472 995 1524 heros
1012 1472 1117 1540 dividit,

109 1563 143 1597 ae
161 1543 253 1595 bonus
270 1542 379 1591 Acestes
398 1535 544 1589 Trinacrio
559 1537 640 1588 litore
657 1535 733 1587 cadis
751 1541 889 1607 asseravit,
907 1550 935 1593 et
952 1541 1117 1597 abeuntibus

70 1561 209 1675 galetas.)
246 1609 361 1677 (Bonus
385 1614 494 1671 eutem,
518 1605 564 1657 liic
587 1606 681 1674 largus
704 1605 747 1657 vel
769 1606 900 1661 liberalis.
934 1609 1006 1663 Sane
1031 1612 1118 1669 etiem

71 1685 198 1736 Aeneam
214 1680 320 1731 bonam
337 1691 389 1747 pro
406 1675 487 1728 leude
505 1675 639 1744 appellat,
665 1681 695 1723 ut
711 1674 741 1727 iu
755 1676 785 1727 v.
805 1679 903 1743 (770.)s
926 1679 1006 1746 Quos
1024 1681 1118 1731 tonas

73 1751 180 1807 Aeneas
213 1750 299 1799 dictis
324 1747 435 1799 solatur
459 1747 570 1796 amicis.
620 1742 731 1795 Bonum
763 1746 849 1799 etiam
879 1765 930 1818 pro
960 1749 1027 1802 torti
1051 1749 1119 1801 dicit

72 1819 230 1875 Sallustium
253 1817 326 1867 Sane
352 1818 444 1866 boreus
469 1831 500 1865 ca
525 1823 682 1880 tempestate
708 1826 806 1868 contra
832 1819 959 1883 pericula
985 1831 1010 1869 et
1028 1819 1118 1869 arati·

75 1893 187 1943 tionem.
228 1887 302 1940 Item
326 1882 511 1953 (Catil-133³:
537 1882 589 1933 Sed
616 1882 785 1948 libertatem,
809 1902 895 1953 quam
918 1904 1004 1939 nemo
1029 1887 1118 1938 bonus

75 1960 125 2013 nisi
142 1973 210 2012 crim
227 1957 319 2007 enims
339 1951 422 2004 simul
439 1950 554 2013 amittit)
579 1947 705 2016 [Βοηιιει
723 1950 812 2008 bonus
830 1955 894 2006 civis
912 1965 941 2011 et
957 1957 1047 2008 bonus
1064 1957 1125 2008 lare,

75 2025 165 2103 piton]
200 2024 331 2087 Deinde,·
355 2039 411 2074 una
428 2020 533 2088 syllaba
550 2019 655 2073 tollitur
679 2021 764 2073 metri
787 2022 888 2089 causa]
905 2016 939 2063 -‘-
976 2032 1035 2085 196.
1055 2025 1120 2077 Tri·

77 2098 193 2160 merie,
217 2094 360 2149 Graecum
376 2097 418 2143 est
435 2098 550 2159 propter
567 2089 623 2143 tria
640 2082 712 2156 ἄκρα
730 2089 747 2141 i.
766 2109 789 2143 e.
814 2095 1022 2163 promontoria,
1045 2095 1121 2163 Lily·

76 2163 190 2229 lineum,
213 2163 389 2231 Pachynum,
412 2157 550 2209 Pelorum.
591 2157 691 2211 Latine
716 2167 812 2213 autern
836 2163 986 2232 Triquetra
1010 2165 1120 2216 dicitur.

75 2233 155 2301 (Sane
177 2230 408 2301 Philostephenos
433 2233 496 2295 atel
520 2223 577 2282 saia
600 2223 687 2292 νήσων
719 2229 778 2284 siue
805 2251 818 2282 r
842 2231 925 2286 litere
949 2234 1119 2288 Trinaciam

76 2303 205 2374 appellat:
236 2293 281 2357 ὅτι
309 2302 439 2369 Tattenos
470 2291 555 2363 αὐτῆς
578 2293 686 2366 πρῶτος
710 2296 899 2367 ἐβασίλευσεν.)
939 2301 1048 2368 Heres,-
1077 2305 1120 2353 vir

76 2373 168 2439 tortis,
191 2371 347 2433 semideus,
368 2368 428 2437 plus
453 2366 489 2421 ab
513 2367 627 2422 homine
651 2367 771 2434 habens,
796 2379 827 2420 ut
851 2373 890 2423 ait
914 2372 1024 2423 Hesiod.
1048 2371 1119 2441 (Op.

75 2444 160 2502 ista:
176 2436 256 2508 [Zeis
272 2432 397 2506 κρονίδης
414 2439 509 2500 ποίησε
527 2432 698 2506 δικαιότερον
713 2445 759 2491 acl
775 2432 869 2508 ὄρειον
885 2436 1010 2508 Ἀνδρῶν
1023 2437 1121 2510 eladae

76 2510 155 2564 θεῖον
178 2513 272 2588 ysces,
298 2509 328 2563 a*
349 2503 491 2562 καλέονται
515 2503 650 2575 ἡμίθεοι]
668 2533 702 2544 -
738 2513 799 2565 198.
819 2512 844 2563 Ο
870 2514 960 2576 socii,
985 2507 1064 2562 ordo'
1072 2519 1121 2575 est,

77 2579 202 2645 Osocii,
225 2585 354 2631 revocate
373 2576 489 2627 animos.
524 2576 600 2627 Bene
625 2584 721 2629 alitem
746 2581 841 2631 socios
866 2580 948 2646 dixit,
971 2589 1003 2631 ut
1025 2597 1055 2632 se
1081 2580 1125 2642 eis,

73 2656 245 2718 exaequaret
281 2645 414 2714 (Quidem
432 2646 595 2726 socies'pro
614 2648 733 2711 remiges
751 2649 905 2720 accipiunt3
922 2650 971 2702 sed
988 2650 1031 2701 illi
1045 2650 1120 2701 socii
1212 2660 1215 2669 “

75 2720 190 2770 navales
208 2713 401 2786 appellantur.)
426 2713 555 2780 ignaru
580 2730 631 2784 pro
648 2715 837 2770 immemores.
872 2720 909 2770 Et
932 2727 975 2771 est
992 2719 1120 2786 Acyrolo-

75 2789 134 2856 gia,
150 2787 278 2852 ignaras
296 2783 373 2840 enim
396 2788 438 2834 est
462 2782 509 2848 qui
527 2782 652 2849 ignorat:
678 2785 824 2838 immemor
841 2787 931 2856 [vero]
949 2787 996 2855 qui
1020 2788 1121 2841 oblitus

77 2864 123 2908 est.
158 2855 228 2912 Ante
248 2855 407 2915 malorum,
431 2845 498 2917 ὖφίν
523 2859 577 2902 est:
601 2852 631 2919 [i.
650 2861 674 2902 ε.
698 2854 878 2923 antiquorum
901 2855 1066 2921 melariam]
1090 2863 1121 2907 ut

75 2925 139 2979 alibi
163 2923 209 2989 (G.
227 2932 262 2988 2,
277 2920 366 2984 iil-l:
393 2918 471 2972 Caeli
497 2921 720 2978 subterlabentia
745 2926 838 2991 signa.
876 2927 956 2993 [Ante
981 2927 1058 2982 enim
1074 2925 1122 2977 hic
1147 2924 1154 2933 '

76 2995 109 3048 ad
132 2993 223 3046 selam
236 2992 367 3061 ,pertinet
391 2989 635 3054 coniunctionem,
661 2997 689 3042 et
706 2991 910 3059 plenitudinem
926 2994 1038 3060 versus]
1074 2995 1122 3058 (Et
1196 3016 1215 3036 ··

77 3071 146 3117 totus
163 3062 210 3114 hie
226 3061 304 3113 locus
321 3059 356 3110 de
372 3058 477 3109 Naevio
496 3058 561 3110 belli
578 3059 674 3114 Punici
692 3060 740 3113 lib.
757 3063 905 3115 translatus
923 3072 971 3115 est.
988 3092 1023 3101 —
1059 3068 1121 3121 199.

77 3132 104 3196 Ο
127 3130 211 3182 Pessi
233 3130 392 3197 grauiora,
416 3135 476 3178 arte
500 3142 603 3194 magno
627 3128 723 3181 utitur.
760 3131 823 3182 Vult
847 3132 925 3184 enim
950 3146 997 3186 eos
1021 3131 1123 3183 memi-

77 3203 146 3254 nisse
169 3199 413 3268 gravissimorum,
446 3203 477 3246 ut
499 3197 656 3266 praesentia
688 3198 796 3250 facilius
819 3201 947 3253 tolerent
989 3202 1026 3251 Et
1049 3201 1123 3253 hene

77 3269 204 3338 metiore
221 3267 289 3318 dicit
308 3282 367 3317 esse
383 3272 540 3330 transacta,
559 3267 602 3330 (ut
618 3266 653 3316 de
671 3269 811 3335 praesenti
829 3285 875 3321 eos
893 3270 1040 3339 naufragio
1049 3287 1122 3321 ,con-

78 3339 193 3402 soletur,
211 3336 251 3399 et)
269 3345 301 3385 ut
319 3333 444 3385 ostendat
462 3335 557 3384 futura
575 3349 632 3384 esse
649 3333 762 3387 leviore.
798 3336 854 3388 His
874 3355 1000 3405 queam,-
1017 3338 1124 3391 scilicet

78 3409 144 3461 sicut
160 3413 191 3458 et
208 3404 390 3473 gravioribus.
408 3429 441 3441 -·
478 3408 540 3458 900.
558 3400 646 3466 [Vos;
670 3418 716 3454 vos
735 3413 811 3457 certe
829 3405 912 3471 estis]
946 3406 1122 3475 Scyllaeam,¹

78 3475 200 3546 exempla
217 3489 269 3543 pro
287 3474 468 3540 negotiorum
487 3469 621 3538 qualitate
639 3488 750 3525 sumere
768 3475 916 3531 debemus:
935 3485 965 3527 ut
982 3478 1036 3529 hoc
1053 3477 1125 3544 loco,

76 3545 103 3596 in
117 3545 235 3615 marinis
251 3541 380 3612 periculis
395 3540 474 3610 ponit
492 3547 620 3609 peractae
639 3546 810 3613 tempestatis
824 3545 956 3614 exempla.
992 3545 1123 3609 (ltaliam

78 3623 169 3669 autem
187 3611 342 3663 secundum
360 3613 487 3677 sistiquos
507 3608 610 3661 dictam
627 3612 753 3662 nonnulli
770 3621 908 3675 esserunt;
926 3632 992 3667 nem
1012 3618 1122 3672 rabiem

74 3683 124 3735 dici
155 3679 328 3741 affirmant.)
371 3678 539 3744 Penitusque
572 3684 640 3741 ete.,·
674 3681 691 3731 i.
717 3700 740 3734 e.
772 3684 871 3747 valde,
903 3692 931 3735 et
961 3692 1009 3735 aut
1040 3687 1123 3739 valde

75 3765 226 3816 sonantes,
251 3751 311 3816 [eut
327 3746 422 3812 valde]
441 3747 606 3814 accessistis,
630 3748 648 3799 i.
667 3767 689 3801 e.
714 3750 795 3804 inuia.
831 3752 868 3802 Et
884 3752 955 3805 bene
975 3753 1014 3804 ait
1033 3773 1124 3807 acces-

74 3825 158 3879 sistis.
200 3819 265 3869 Non
283 3817 360 3869 enim
377 3817 450 3886 passi
467 3824 530 3867 sunt
554 3818 622 3873 haec
639 3818 778 3887 pericula,
803 3821 850 3872 sed
874 3821 918 3873 his
935 3824 1014 3875 luere
1032 3825 1124 3877 vicini.

72 3891 208 3961 [accestis-
232 3893 328 3940 autem
352 3901 403 3956 pro
429 3886 578 3937 accessistis
595 3886 612 3936 i.
631 3904 654 3937 e.
671 3887 758 3950 iuxta,
776 3890 881 3941 dictum
898 3908 948 3959 per
966 3909 1124 3963 syncopen:

122 3982 138 4014 e
156 3960 208 4021 fit,
227 3972 294 4006 cum
314 3955 348 4005 de
367 3955 461 4011 medis
480 3961 561 4024 parte
578 3955 654 4006 verbi
673 3955 775 4021 syllaba
794 3959 976 4024 subducitur]
996 3986 1027 3995 —-
1064 3968 1126 4018 sti.

71 3977 211 4098 allapsa
221 4049 232 4093 5
251 4031 301 4074 aut
317 4039 389 4092 quae
405 4021 523 4093 Cyclops
548 4023 579 4074 in
595 4018 704 4080 Ulixem
729 4026 811 4082 iecit:
836 4036 885 4079 eut
909 4035 985 4080 certe
1002 4028 1127 4081 Siciliam
