2454 4500
119 302 155 345 ns
177 274 338 377 ylscn„
361 270 534 339 mrtem.
556 268 637 336 [ΑΒ.
661 270 698 346 Vs
720 272 814 342 46-
824 274 875 341 54·
909 332 913 343 ,
956 282 1021 349 319

71 465 305 539 fluminibusque
330 462 444 517 sonoris
468 458 619 512 Praesides.
643 485 678 497 -
711 459 756 517 46.
780 457 904 510 Annuus
928 461 1023 530 ortis,-

73 544 185 591 mesues'
206 536 237 587 in
260 531 342 603 [selec
365 537 527 595 recurrunt,
557 537 586 583 ct
608 542 713 580 armum
737 527 851 580 fucirmt.
892 528 971 584 Unde
995 540 1024 587 et

60 609 114 659 elus
131 605 209 676 quasi
233 618 348 653 annuus
365 601 464 653 dictus.
496 597 540 650 Sic
564 595 701 680 subiet}
719 596 856 679 ²2⁴9²³³
879 597 966 665 Aeque
991 604 1023 654 in

60 694 94 727 ua
138 692 169 733 er
191 673 311 739 vestigia
339 670 464 752 volvitur
487 684 598 732 annus,
620 667 688 733 [erro
710 683 760 718 eoo
784 664 982 734 eeuesoiodee,
1005 689 1024 725 ι

60 742 289 865 'intinctis
306 738 505 859 ”ditati
518 734 1024 872 :rottiburtinis:

62 881 202 949 7,122.):
228 877 349 929 Genitor
373 873 447 927 mibi
464 874 536 924 talia
555 871 687 938 nomque]
720 870 808 924 Nunc
835 886 940 942 repeto,
966 880 1024 929 An.

62 969 92 1016 s,
109 949 242 1020 fetorum
267 960 375 997 arcane
401 944 525 1010 reliquit.
582 940 672 993 Mults
696 932 774 994 enim
796 942 911 1012 critique
932 944 1025 1015 lectio,

61 1019 123 1073 isen
145 1019 305 1071 {rutinorum
329 1013 464 1064 scientem
484 944 678 1081 'conceqebreh
701 1017 750 1061 sut
774 1011 946 1066 divitiiis.
972 1016 1027 1083 dei,

72 1086 150 1159 apud
165 1086 307 1137 Romanos
331 1081 527 1134 defunctorum
550 1085 681 1147 parentes
696 1078 752 1131 Dei
776 1094 794 1130 a
809 1079 873 1132 filiis
889 1082 1025 1137 vocabun-

65 1181 102 1195 -
135 1160 181 1214 48.
204 1152 328 1206 Moestus
353 1166 436 1210 aras,
458 1149 518 1217 [eut
543 1147 596 1215 ipsi
619 1146 735 1209 moesti;
758 1146 822 1213 aut]
845 1147 970 1203 medium
993 1169 1023 1206 ec

60 1231 112 1280 set
144 1223 220 1276 Num
241 1228 271 1274 et
291 1214 439 1272 hominem
454 1217 537 1269 {trisse
561 1214 650 1281 novit,
674 1224 702 1268 ct
717 1215 775 1267 vult
797 1233 863 1269 eum
879 1234 912 1271 ex
929 1235 1025 1275 conse·

60 1307 112 1346 sne
127 1304 233 1345 numen
250 1290 388 1342 effectum.
423 1285 498 1339 Nam
516 1297 636 1336 moestas
655 1301 723 1336 aras
747 1285 783 1339 ad
799 1282 946 1340 hominem
958 1306 1027 1411 Klet-

987 1358 1028 1411 cit

60 1399 71 1482 ι’
88 1352 1029 1492 idriis-ffliuh“Eii‘iiiffiksfiffid'ssepi‘ino-

60 1498 252 1570 [postesquam
268 1494 336 1547 deus
353 1508 386 1543 co
426 1498 535 1543 rmatus
551 1487 611 1553 est]
645 1489 723 1542 Unde
741 1498 783 1543 est
798 1491 881 1559 (84.):
904 1443 941 1544 Et
958 1497 1026 1564 ady-

60 1560 130 1636 quee
147 1564 319 1633 templorum
333 1569 405 1613 sunt.
438 1561 476 1611 Et
492 1558 569 1624 (93.):
593 1557 733 1610 Successit
751 1561 877 1612 tumulos
895 1563 971 1631 quod
986 1572 1030 1618 est

61 1634 115 1689 nie.
131 1648 185 1674 -·⁴
199 1638 246 1691 49.
262 1629 332 1683 Nisi
350 1630 460 1700 fallor,
484 1644 541 1681 non
558 1627 637 1697 quusi
658 1627 766 1681 nescius
781 1627 865 1681 dixit:
888 1630 937 1684 sed
959 1647 1025 1704 pro·

72 1703 141 1759 anni
163 1699 370 1766 confusionem,
402 1712 475 1769 qnae
498 1704 560 1749 erat
584 1695 660 1766 apud
683 1695 812 1750 maiores.
858 1692 933 1752 Nsr‘n
956 1708 1023 1754 ante

61 1788 137 1826 erem
159 1770 209 1841 qui
232 1768 312 1822 nobis
335 1766 403 1820 assui
426 1766 567 1818 rationem
583 1765 756 1835 composuit,
777 1781 863 1834 quam
885 1768 1025 1840 hodieque

61 1857 142 1908 mus,
157 1837 394 1892 intercalabantur
410 1834 469 1887 dies
486 1835 558 1901 (cod.
574 1833 650 1901 Lips.
667 1835 758 1885 decem
776 1834 828 1896 d.):
845 1843 877 1886 nt
893 1837 979 1890 etiam
995 1837 1026 1893 in
1105 1834 1109 1841 '

61 1911 111 1964 [nis
127 1915 172 1978 (2,
189 1907 242 1967 52.)
258 1905 389 1974 legimus,
412 1905 517 1957 scilicet
532 1902 629 1956 Lunae
646 1919 703 1954 non
720 1911 892 1972 congruente
911 1907 1027 1960 ratione.

61 1996 100 2031 im
124 1985 220 2032 eutem
243 1974 334 2045 primo
357 1973 499 2025 Eudoxus:
523 1979 586 2039 post
609 1970 798 2041 Hipparchus:
816 1972 924 2043 'deinde
941 1975 1030 2028 Prole·

63 2064 87 2099 u
111 2045 215 2114 (Guelf.
232 2044 253 2096 l.
268 2043 302 2093 11.
328 2041 470 2104 Ptolom.):
494 2040 530 2093 ad
553 2039 683 2090 ultimum
710 2042 814 2093 Caesar
837 2041 1029 2112 deprehendit.

61 2118 279 2185 bumffi'propter
302 2109 443 2178 perditum
465 2117 583 2180 patrem.
599 2133 635 2146 -·
676 2112 718 2167 50.
744 2108 941 2177 Honoratum,
966 2113 1031 2182 quia

71 2186 188 2238 effectus
202 2188 254 2234 est.
287 2178 334 2230 Sic
350 2181 394 2230 dii
406 2179 557 2240 voluisss·s;
574 2184 606 2227 ut
622 2178 653 2229 in
669 2177 753 2229 tertio
769 2179 832 2247 (3.):
850 2180 920 2249 [Sic]
935 2184 1029 2233 visum

62 2256 113 2307 ris.
160 2249 278 2321 Semper
303 2248 380 2300 enim
403 2248 438 2300 de
462 2247 514 2299 diis
538 2245 610 2298 salvs
635 2245 813 2300 veneratione
836 2251 1031 2319 conqueritur:

61 2341 72 2374 s
96 2317 319 2372 subaudiendum
351 2312 537 2379 extrinsecus]
562 2340 596 2352 -
644 2321 687 2373 51.
713 2313 845 2369 Gaetulis
867 2336 978 2387 agerem
1004 2320 1032 2371 si

61 2392 136 2454 :hus3
161 2387 186 2439 si
206 2387 237 2438 in
262 2385 386 2439 Gaetulis
403 2383 527 2452 Syrtibus
543 2399 673 2451 agerem,
689 2382 707 2434 i.
725 2402 749 2436 e.
767 2403 863 2439 essem.
900 2389 937 2439 Et
960 2387 1031 2442 bene

61 2460 188 2519 desertos,
205 2462 253 2506 sut
268 2454 381 2506 hostiles
398 2462 602 2505 commemorat
618 2453 700 2503 locos.
735 2451 818 2520 [Sane
834 2454 928 2507 multis
944 2457 1035 2509 modis

61 2528 122 2580 loco
139 2524 218 2575 ludos
234 2523 297 2575 fieri
313 2523 417 2575 debere
433 2521 514 2585 dicit,
540 2538 557 2572 a
573 2523 752 2574 necessitate:
775 2522 862 2574 Hunc
889 2542 938 2592 ego
959 2525 1033 2577 Gae-

67 2602 147 2663 ,etc.
170 2592 207 2645 ab
230 2590 452 2660 opportrmitate:
474 2588 561 2640 Nunc
586 2590 659 2639 ultro
679 2590 717 2639 ad
741 2592 850 2644 cineres
868 2595 977 2660 ipsius,-
1001 2601 1033 2645 ut

61 2660 168 2717 :semiis
183 2660 293 2727 invitet:
317 2659 391 2710 Bina
410 2659 494 2710 houm
513 2659 593 2710 vobis
613 2657 716 2724 Troia,
733 2665 784 2712 etc.
809 2659 908 2714 deinde
927 2678 1033 2731 genera

61 2735 190 2784 uminum:
214 2727 306 2797 Quive
322 2729 423 2796 pedum
442 2743 529 2777 cursu
547 2728 636 2792 valet,
654 2733 705 2778 etc.
724 2733 753 2778 et
769 2730 925 2781 oraticnem
942 2731 1033 2802 suspi-

71 2798 225 2864 concludit,
247 2797 378 2850 dicendo:
405 2795 462 2848 Ore
479 2794 576 2863 favete
601 2812 713 2859 omnes,
735 2808 761 2846 et
785 2798 890 2866 cingite
908 2811 1032 2868 tempora

61 2873 92 2922 ·.'s.
134 2867 225 2930 nuez,-
251 2873 334 2920 extrs
357 2865 447 2918 solum
470 2862 577 2929 suum]
599 2889 635 2901 -
683 2870 728 2922 52.
751 2864 918 2935 Argolicove
942 2869 1034 2931 mari,-

62 2955 87 2990 ιο
104 2935 208 3005 (Guelf.
223 2936 244 2987 1.
263 2933 380 2998 illirico)
397 2940 425 2986 et
441 2930 589 2984 Adriatico.
623 2930 789 2999 Deprensus
794 2959 805 3000 ,-
823 2944 987 3018 occupatus,
1004 2945 1034 2990 ct

62 3007 107 3059 ris
124 3004 314 3070 navigantium
331 3010 386 3056 est:
409 3008 440 3052 ut
456 3000 500 3067 (G.
519 3005 553 3066 4,
568 2999 659 3061 421.):
684 3000 842 3067 Deprensis
861 3005 929 3056 olem
948 3008 1034 3057 statio

64 3077 140 3127 sima
159 3074 265 3123 nautis.
304 3071 376 3123 Urbe
392 3069 529 3137 Mycenae
537 3092 547 3132 ,-
573 3069 683 3122 Graece
699 3069 775 3122 dixit.
809 3073 889 3125 Unde
913 3072 1033 3144 singula·

79 3157 231 3195 numerum
254 3141 354 3209 posuit.
404 3138 522 3206 Mycene
546 3142 642 3189 sutem
665 3137 736 3189 sicut
761 3137 858 3192 Thebe.
900 3142 1036 3196 Iuvenalis

74 3211 127 3275 6.);
150 3209 237 3275 Aeque
255 3220 334 3260 vetus
352 3205 443 3258 'Ibehe
462 3220 570 3257 centum
596 3209 669 3257 iacet
693 3206 793 3259 obruta
816 3212 924 3290 portis,-
948 3219 980 3263 ut
1001 3211 1038 3263 sit

62 3296 128 3347 ene,
151 3278 299 3345 Mycenes:
324 3282 356 3327 ut
376 3278 488 3344 Agave,
510 3276 626 3342 Agaues.
666 3275 759 3327 Potest
782 3279 880 3331 exinde
902 3278 1035 3332 Latinum

62 3347 103 3414 ri]
118 3347 216 3401 recisse
233 3344 464 3400 declinationem:
494 3352 524 3395 ut
540 3343 576 3394 sit
591 3340 661 3397 haec
678 3342 799 3410 Mycena
824 3346 924 3415 [buius
941 3346 1035 3416 Myce-

62 3440 64 3449 ν
88 3424 120 3468 ut
135 3414 280 3480 Fidena31
304 3421 332 3467 et
349 3421 390 3467 est
405 3411 576 3480 Periphrnsis
595 3411 668 3465 Urbe
685 3413 839 3481 Mycenae,
861 3415 879 3467 i.
898 3434 922 3468 e.
940 3413 1035 3484 Myce-

83 3493 116 3536 ut
139 3483 295 3550 (1,248.):
323 3481 423 3534 Urbem
450 3482 557 3534 Patavi.
582 3507 616 3520 -
660 3489 704 3540 53.
728 3483 832 3534 Annua
858 3497 922 3535 vota
941 3495 1036 3539 tamen

62 3570 195 3620 enesque5
218 3552 289 3604 baec
306 3552 384 3620 quasi
399 3551 517 3603 numini.
553 3553 601 3620 [Et
617 3563 698 3616 vota,
722 3567 793 3605 nove
816 3552 936 3606 funebre
952 3555 1037 3607 sacri·

62 3639 91 3674 m
112 3623 194 3685 dixit,
215 3620 233 3671 i.
252 3638 276 3673 e.
292 3618 370 3672 ludos
386 3618 534 3684 funebres,
556 3635 621 3671 cum
645 3629 708 3673 vota
730 3633 827 3673 rerum
851 3622 1037 3676 secundarum

62 3690 127 3758 Ι-’
153 3692 196 3749 54.
213 3688 280 3740 Suis
296 3688 395 3752 donis;
414 3689 622 3769 congruisjaut
634 3698 710 3746 certe
723 3686 843 3772 debitis]
875 3689 945 3771 Sunt
955 3697 1036 3773 enim

62 3759 772 3893 ”titttizttnttttttt'sititet
785 3755 1038 3894 mittitis

64 3915 100 3948 ns
117 3893 298 3964 hyacinthus.
333 3894 432 3963 [Ponit
446 3903 540 3946 autem
557 3893 671 3958 altaris,
694 3911 766 3963 quae
788 3909 954 3969 superorum
970 3896 1037 3951 deo·

76 3973 149 4031 sunt,
167 3971 195 4015 et
211 3962 265 4015 hoc
280 3962 344 4015 ideo
362 3961 429 4033 quis
440 3962 569 4016 Anchises
586 3963 645 4015 ism
662 3961 808 4030 deusest]
840 3961 927 4016 Nunc
942 3965 1035 4030 nitro,

62 4040 194 4092 mentam
211 4046 229 4082 ι
245 4030 355 4084 minore
377 4028 415 4083 sd
437 4030 537 4085 usius.
572 4029 652 4084 Ultro
670 4039 778 4102 sutem,
803 4039 852 4086 sut
867 4030 958 4099 uus,
974 4032 994 4086 i.
1009 4051 1035 4087 e.
