2454 4500
186 247 398 333 nuncu.
420 244 593 334 annuo.
615 269 696 333 cm
721 271 773 344 vi,
794 228 992 342 stilus.
1049 277 1114 341 sos

70 444 168 511 canae
181 454 217 507 de
234 442 288 506 lioc
304 437 456 527 opiniones.
489 454 563 508 Nam
580 471 646 510 eum
662 454 711 509 alii
726 453 824 508 Lunae
842 452 926 522 (tiu)
941 398 1047 520 maid,
1064 453 1112 508 alii

70 522 183 591 Orphei
206 523 314 588 volunt,
338 523 414 574 cuius
438 538 503 575 eum
526 530 633 576 constat
654 524 738 576 fuisse
761 523 933 591 discipulum.
979 522 1054 580 Nam
1076 523 1113 579 ad

66 591 77 643 i
98 607 163 641 sum
180 592 305 660 primum
320 607 436 644 carmen
453 592 576 660 scripsit,
592 590 666 662 quod
683 592 838 660 appelletur
858 591 962 643 Crater.
978 617 1013 630 —-
1048 596 1113 653 668.

103 652 210 713 umeris
228 668 298 722 etc.;
317 659 394 728 quasi
410 659 622 733 Philosophum,
638 677 671 712 ac
688 664 711 712 si
728 661 834 721 diceret
849 660 1002 712 Platonem.
1036 658 1111 719 Allu-

69 730 112 781 dit
130 728 208 781 enim
224 733 314 800 poeta.
348 728 420 778 Nam
437 728 514 781 Plato
538 730 574 781 ab
591 731 775 789 humerorum
791 730 880 781 dictus
896 736 938 780 cst
959 728 1114 795 latitudine,

69 799 171 867 [quam
185 796 289 849 Graeci
305 793 408 849 crinitos
424 797 542 862 vocant]
575 798 685 850 Athleta
701 798 777 851 enim
793 797 861 860 fuit,
878 796 926 865 qui
942 804 1005 868 post
1022 797 1112 851 omui-

68 881 121 916 um
144 865 290 919 victoriam
313 883 343 918 se
367 866 557 935 philosophiae
574 866 657 919 dedit.
676 894 710 904 -
743 870 805 925 669.
826 865 923 933 Tuque
943 867 1044 932 optime
1062 884 1111 918 va·
1137 905 1144 915 .

63 945 129 999 tes,
153 934 220 1001 quia
242 935 386 1002 theologus
409 936 470 986 suit.
505 937 541 987 Et
557 936 715 999 sciendum,
737 935 791 987 boc
816 934 878 986 loco
896 933 1029 1003 Sibyllam
1054 934 1114 987 iam

67 1020 88 1055 a
104 1001 223 1056 numine
240 1003 411 1056 derelictam.
446 1004 524 1056 Unde
541 1012 569 1056 et
585 1004 753 1077 interrogat,
777 1003 852 1072 quod
876 1001 943 1056 alias
961 1017 1019 1054 non
1037 1003 1112 1056 iece-
1211 1046 1220 1055 .

67 1079 124 1123 ret.
140 1097 177 1108 ··-
209 1078 271 1131 670.
291 1069 370 1138 Quae
389 1074 466 1139 regio
484 1071 553 1124 etc?
576 1071 648 1125 bene
672 1081 701 1125 et
717 1072 931 1142 generalitatem
946 1071 1066 1140 requirit
1083 1080 1113 1126 et

67 1138 210 1207 speciem,
233 1155 289 1209 quo
306 1142 391 1211 possit
406 1141 512 1192 facilius
528 1141 645 1193 inveniri
663 1141 713 1208 (al.
730 1140 904 1203 convenire).
937 1139 1012 1192 Nam
1029 1140 1111 1192 locus

67 1208 102 1263 in
127 1209 242 1275 regione
267 1216 317 1261 est.
356 1210 444 1260 lilius
468 1228 549 1277 ergo‚·
580 1216 695 1277 propter
717 1209 811 1274 illiun,
834 1208 888 1277 [vel
911 1223 995 1261 causa
1019 1207 1112 1274 illius]

11 1333 15 1343 Ι
69 1275 149 1343 Ergo
166 1286 262 1330 erstem
278 1277 436 1331 coniunctio
452 1278 520 1344 suit,
535 1278 584 1331 sed
600 1296 651 1348 per
669 1285 797 1331 accentus
814 1277 1000 1328 mutationem
1017 1275 1048 1328 in
1064 1278 1113 1329 ad-

65 1344 198 1396 rerbium
214 1347 326 1397 transit:
352 1354 380 1397 et
396 1353 438 1398 est
453 1347 512 1399 sola
528 1347 664 1418 partictda
680 1364 752 1416 quae
768 1345 901 1399 hebetia
918 1345 974 1397 line
990 1345 1111 1397 circum·

45 1410 186 1465 'flexum
215 1414 298 1465 Multi
314 1415 388 1466 male
405 1422 520 1482 putant,
535 1431 640 1476 nomen
656 1433 715 1469 csse
731 1414 941 1479 indeclinabile:
966 1421 996 1466 et
1012 1413 1110 1465 dicunt

64 1481 191 1550 positum
208 1499 266 1535 esse
282 1499 334 1553 pro
353 1500 456 1546 causa3
481 1483 574 1534 Causa
591 1493 700 1550 autem,
722 1498 827 1537 nomen
844 1481 977 1552 estquod
994 1482 1109 1550 ponimr
1213 1506 1220 1537 'i

64 1565 121 1621 pro
143 1550 266 1615 ratione3
290 1552 339 1621 qui
362 1569 440 1604 casus
457 1552 641 1606 declinatione
657 1559 741 1605 caret
774 1551 895 1620 [Graece
912 1559 1007 1603 autem
1021 1547 1109 1620 χάριν

64 1617 112 1670 vel
129 1616 226 1684 ibrum]
240 1646 277 1658 -
309 1626 371 1679 671.
388 1620 512 1688 Magnos
526 1639 639 1687 amnas,
657 1628 706 1674 aut
721 1635 824 1687 magua
840 1620 960 1671 fluenta:
977 1626 1025 1670 aut
1041 1621 1109 1688 quia

63 1701 169 1739 novem
185 1697 264 1755 sunt,
286 1705 358 1758 quiae
375 1689 499 1741 odiosum
515 1691 607 1742 fuerat
623 1704 847 1743 commemorare
870 1705 922 1757 per
939 1686 1054 1756 singula.
1070 1716 1106 1727 --

64 1760 132 1812 673.
148 1755 233 1808 Nulli
256 1771 330 1809 certa
354 1759 471 1823 domus5
494 1757 553 1810 i.e.
577 1759 729 1824 habitatio,
754 1773 840 1825 quam
865 1756 976 1809 animae
999 1757 1106 1809 tamdiu

65 1820 178 1875 c'ertam
199 1825 318 1891 habent,
341 1827 474 1895 quamdiu
496 1827 527 1878 in
544 1829 707 1898 corporibus
729 1831 805 1877 suut:
822 1832 885 1892 post
900 1840 1021 1905 quorum
1037 1825 1109 1877 solu·
1173 1824 1204 1893 .¹

66 1892 176 1945 tionem
194 1895 281 1960 (codd.
301 1901 329 1947 et
346 1895 380 1947 al.
399 1895 496 1958 absol.)
509 1904 647 1963 «vagantur
663 1911 714 1966 pro
731 1894 805 1946 vitae
821 1893 921 1947 merito
938 1911 969 1945 m
985 1892 1105 1945 circulis.

65 1957 159 2012 Lucis
182 1962 345 2015 habitamus
370 1967 482 2030 opacis5
506 1964 581 2022 uaria
604 1965 685 2031 dicit,
706 1979 777 2032 quae
802 1978 854 2030 pro
877 1961 949 2014 vitae
972 1962 1108 2015 verietate

66 2029 241 2098 contingunt.
275 2033 308 2084 In
323 2032 367 2084 bis
384 2043 478 2085 autem
494 2032 561 2084 locis
578 2032 669 2101 (Lips.
686 2032 768 2085 Fabr.
786 2029 878 2093 lucis)
895 2030 1021 2082 Heroum
1047 2030 1106 2082 ani-

66 2113 134 2151 mae
153 2100 290 2156 coluntur.
308 2128 344 2138 -
378 2105 440 2160 674.
458 2100 593 2155 Recentia
612 2104 701 2166 riois3
717 2099 847 2153 mentia:
863 2099 988 2150 rivorum
1002 2096 1109 2152 scilicet

69 2182 161 2220 causa.
178 2195 213 2206 -
238 2173 307 2228 676.
326 2169 446 2237 iugum,
470 2171 510 2222 ita
527 2171 603 2222 enim
619 2170 776 2223 dividuntur
795 2180 915 2232 montes,
941 2165 971 2218 in
990 2169 1110 2236 radices,

67 2236 177 2302 latera,
194 2239 273 2304 iuga,
290 2241 407 2290 vertices
424 2255 475 2309 pro
491 2239 619 2291 locorum
635 2239 774 2308 qualitate.
791 2261 826 2275 -
859 2240 921 2295 678.
940 2232 1108 2304 Linquere,-

66 2320 129 2360 nou
143 2305 258 2374 linquit.
293 2307 352 2357 Hoc
370 2307 446 2359 enim
462 2308 543 2374 dicit,
558 2309 665 2361 Aeneas
682 2314 710 2361 et
722 2305 822 2374 Sibylla
835 2303 962 2374 perducti
980 2305 1016 2357 ad
1032 2320 1107 2357 sum-

66 2388 164 2440 mum,
185 2375 216 2426 in
239 2374 322 2445 plana
345 2375 573 2430 descendunt-
613 2382 674 2435 679.
693 2375 809 2427 Penitus
834 2373 962 2425 conualle
984 2375 1107 2440 uirenti,-

66 2441 147 2495 Vfllde
164 2443 277 2494 virenti:
295 2451 327 2494 ut
344 2447 380 2510 (1,
397 2443 485 2508 2006:
502 2444 672 2512 Penitusque
689 2456 822 2496 sonantes
838 2443 945 2493 Acestis
964 2444 1104 2512 scopulos.
1166 2484 1187 2504 ,

68 2536 105 2549 -·
139 2516 201 2569 680.
218 2511 352 2562 Inclusas
369 2517 499 2576 animam
523 2531 581 2566 non
597 2532 629 2566 re
647 2530 712 2566 vera
729 2513 860 2566 inclusas:
884 2510 932 2563 sed
948 2527 965 2561 a
982 2512 1107 2563 multitu-

67 2578 136 2631 dine
160 2588 315 2649 separatas,
339 2597 393 2651 quo
416 2583 524 2635 facibus
549 2591 771 2651 agnoscerentur.
793 2607 829 2620 -
863 2584 925 2637 681·
949 2576 1106 2632 Lustrales
1181 2637 1189 2653 ,

67 2649 164 2699 madio
183 2651 321 2713 recolens3
344 2651 479 2703 circuibat
496 2651 615 2703 studiose
636 2658 799 2703 retractans.
839 2647 972 2698 Inclusas
999 2656 1104 2715 autem,

67 2723 117 2770 aut
139 2725 314 2786 segregatas:
343 2726 392 2771 aut
413 2720 565 2773 secundum
586 2720 732 2786 antiquum
753 2719 848 2770 ritum.
896 2715 1105 2769 Multitudinem

66 2785 145 2839 enim
162 2785 184 2837 si
200 2802 350 2839 numerare
366 2802 423 2839 non
440 2795 583 2858 poterant,
608 2802 673 2840 eam
694 2787 725 2838 in
747 2787 842 2838 locum
858 2790 967 2835 certum
982 2783 1104 2838 include·

66 2853 137 2906 bant
152 2870 204 2922 per
220 2863 321 2922 partes,
336 2863 365 2908 et
382 2873 414 2908 ex
430 2856 510 2909 urrius
522 2870 640 2908 numero
652 2863 755 2923 quanta
769 2860 840 2907 esset
850 2850 988 2906 videbant.
1022 2853 1103 2921 Quod
1188 2903 1192 2914 ,

67 2921 181 2985 Χοινιιεει
193 2923 228 2976 de
243 2940 293 2976 suo
316 2924 384 2976 fecit
405 2924 531 2977 exercitu.
549 2952 585 2962 -
618 2929 680 2982 682.
698 2923 840 2991 Carasque
864 2932 973 2990 nepotes
980 2944 990 2985 ,-
1014 2929 1105 2991 poste·

56 3006 126 3044 ros:
143 2992 213 3043 sic'ut
228 3010 278 3063 per
296 3002 387 3044 nurus
402 2992 520 3046 feminas
534 2992 679 3045 dicunt.-
713 2997 775 3050 683.
792 2991 917 3057 Fataque
931 2997 998 3051 etc.;
1014 2990 1101 3043 felici·

65 3067 109 3112 tas
125 3059 203 3113 enim
218 3068 266 3113 aut
282 3062 374 3114 fatalis
390 3069 443 3128 est,
459 3069 508 3114 aut
522 3061 652 3126 iornsita,
675 3067 723 3111 aut
739 3076 772 3112 ex
786 3060 888 3111 vistiite
904 3058 1052 3112 descendit.
1067 3085 1104 3099 ·-

65 3134 129 3188 686
148 3129 276 3194 Alacris,·
300 3131 358 3197 ipse
382 3130 486 3182 alacris.
521 3130 558 3181 Et
573 3129 731 3193 sciendum,
745 3129 879 3197 antiquos
903 3133 931 3180 et
947 3125 1055 3180 alacris
1072 3135 1101 3180 et

67 3198 174 3262 alacer,
190 3205 219 3250 et
230 3199 307 3251 acris
322 3207 350 3251 et
362 3215 433 3264 acer,
446 3206 506 3250 tem
517 3197 552 3251 de
562 3197 713 3251 masculino
726 3213 811 3266 quam
823 3196 858 3250 de
870 3195 1006 3248 feminino
1019 3211 1105 3264 gene·

63 3282 98 3319 re
115 3264 224 3318 dixisse.
256 3267 336 3318 Nunc
353 3267 505 3319 masculino
521 3275 669 3334 utrumque
684 3266 795 3317 damus:
813 3264 847 3317 de
859 3263 996 3316 feminino
1009 3264 1104 3318 alacer

64 3343 95 3389 et
107 3351 172 3386 acer
185 3350 329 3405 nunquam
335 3336 465 3388 dicimus:
480 3335 547 3387 licet
553 3337 658 3388 Ennius
671 3334 784 3387 dixerit:
796 3334 931 3385 Aestatem
938 3332 1102 3386 Autumnus

65 3404 140 3469 (Vos.
159 3403 239 3456 Febr.
257 3417 314 3456 aut.
334 3404 479 3472 sequitur),
495 3398 557 3472 post
575 3421 640 3456 acer
655 3403 745 3456 biems
756 3401 917 3472 fit(Gue1f.
937 3401 1005 3454 1.11.
1024 3400 1098 3484 Lips.

64 3472 157 3524 omitt.
174 3471 238 3540 fit).
277 3473 351 3525 Nam
374 3474 439 3526 inda
462 3480 503 3524 est
527 3473 628 3525 alacer.
653 3499 690 3511 -
735 3478 796 3531 686.
821 3468 926 3536 &enin
949 3469 1096 3540 palpebris.

63 3539 172 3592 Ennius
189 3538 224 3594 de
241 3541 409 3595 dormiente:
432 3542 625 3610 imprimitque
649 3559 737 3610 genae
760 3556 869 3609 genam.
905 3537 1020 3590 Excidit
1037 3557 1103 3606 ore,

63 3608 235 3678 quesi'seni:
253 3611 327 3679 quod
344 3611 419 3662 circa
435 3611 574 3665 Anchisen
589 3618 727 3675 reservat,
742 3617 774 3661 ut
791 3613 835 3677 (2,
850 3606 938 3667 658.):
963 3606 1101 3662 Tantum·

64 3693 120 3746 que
139 3678 220 3748 n'efas
237 3681 330 3747 patrio
356 3681 461 3730 excidit
478 3697 532 3732 ore.
550 3706 586 3718 -
619 3685 680 3738 687.
702 3679 811 3731 Venisti
835 3677 963 3740 tandcm5
986 3676 1040 3729 hoc
1064 3678 1101 3733 ad

64 3748 201 3800 affectum
216 3742 338 3818 pertinet
353 3748 541 3802 desiderantis.
574 3748 646 3800 Alias
664 3749 751 3801 oritur
769 3744 914 3817 qimestio„
930 3744 1006 3818 quod
1022 3745 1101 3801 dicit:

61 3814 111 3867 Sic
128 3817 259 3884 equidem
276 3816 412 3870 ducebam
429 3818 530 3870 animo.
564 3817 715 3885 Expectata
720 3840 731 3883 ‚-
753 3816 884 3885 probata:
906 3820 938 3864 ut
955 3816 999 3880 (8,
1016 3814 1101 3877 151.):

64 3884 103 3936 Et
120 3886 203 3937 rebus
220 3898 341 3953 spectata
360 3890 500 3938 iuventus.
534 3887 593 3937 Hoc
613 3893 709 3939 autem
731 3886 811 3938 dicits
836 3883 898 3936 Tua
921 3881 1008 3964 pietas
1030 3883 1102 3939 mihi

64 3970 178 4022 semper
201 3955 337 4083 preqlgatq,
357 3973 431 4009 nunc
454 3956 539 4075 etiqm
563 3957 617 4075 itpr
639 3956 744 4075 ffi'um
767 3953 847 4020 vicit,
862 3949 1101 4076 chsshiqieaqiitpxieqp:

63 4038 139 4076 rum.
156 4050 191 4062 -
278 4062 285 4077 .
354 4037 436 4077 news
454 4041 492 4076 au
514 4042 585 4076 eree
615 4041 643 4076 re
682 4041 726 4076 ere
743 4040 839 4090 uocem
