2454 4500
194 290 231 336 tu
250 273 606 337 vlasrtsasustu.
630 273 709 336 LIB.
734 274 760 351 1,
784 279 981 344 ato-224.
1068 281 1112 346 45

90 455 213 510 uebatur
231 458 310 523 vele,
335 458 412 521 ente,
435 455 506 508 vale.
542 456 596 508 Aut
620 455 742 508 certain
759 473 792 508 ea
809 464 889 525 parte
907 456 988 523 sitos,
1008 467 1043 510 ut
1059 470 1112 513 nec

88 528 159 577 rocati
182 528 344 588 exaudiaut;
368 526 434 596 quia
456 526 510 577 fuit
528 532 556 575 et
578 524 647 577 alius
671 541 744 590 mos,
769 534 801 575 ut
816 542 878 591 eos,
902 525 949 596 qui
973 528 1003 579 in
1020 529 1111 584 aliene

87 602 148 647 terra
164 596 316 665 perissent,
340 603 483 659 vocarent,
509 603 540 646 ut
558 603 612 646 est:
637 606 662 644 et
680 611 783 661 magna
802 612 899 645 manes
924 608 964 646 ter
982 615 1046 648 voce
1064 619 1112 651 vo-

78 666 155 728 cavi.)
172 691 206 700 -
241 673 303 722 220.
321 663 489 733 Praecipue3
507 665 567 735 pius
580 671 691 735 praeter
706 679 809 727 omnes,
826 665 903 732 quasi
922 666 1000 732 [aliis.
1010 668 1111 736 magis]

83 735 139 802 pius.
157 734 252 800 (Codd.
269 736 336 802 plus
350 749 400 805 pro
417 734 503 801 pius).
538 733 645 800 (Acris,·
664 732 752 796 fortis,
768 731 835 784 alias
849 733 956 785 velocis.
991 736 1111 802 Quidam

83 819 179 867 acrem,
209 802 240 854 in
256 794 495 871 'unamquamque
525 819 589 854 reni
618 809 747 866 vegetum
778 818 810 852 ac
834 801 953 854 nimium
979 805 1111 868 tradunt.)

83 870 193 931 Oronti3
224 887 276 942 pro
309 872 436 923 Orontis.
490 872 527 921 Ut
551 871 641 938 (30.):
678 871 801 920 Immitis
821 871 944 923 Achilli.
996 874 1112 940 (Vitavit

76 926 294 1007 dpocoes‘dsocov.)
310 967 354 1011 .*
395 949 456 997 99³0
482 939 578 1002 (Nunc
601 941 701 1006 Amyci
708 961 715 1004 ;
741 940 770 990 in
793 941 890 1007 quinto
916 941 997 1006 (374.)
1028 943 1110 994 huius

77 1009 211 1061 criminis:
234 1027 303 1060 narn
320 1009 442 1076 Amycus
460 1018 490 1060 et
506 1009 594 1076 Lycus
618 1026 682 1059 rum
701 1011 807 1059 Oronte
824 1009 951 1060 videntur
975 1011 1110 1080 periisse.)

76 1078 185 1143 decemp
203 1085 319 1148 propter
337 1079 433 1130 socios.
468 1078 506 1128 Ut
521 1095 618 1147 supra:
635 1078 714 1144 Spem
734 1079 813 1128 vultu
833 1081 958 1129 simulat.
978 1105 1012 1116 -
1046 1089 1110 1138 222.

76 1147 234 1214 Fortemque
252 1155 318 1210 etc.;
342 1156 373 1197 ut
389 1147 490 1200 merito
508 1148 684 1214 requirantur
702 1164 734 1198 ac
751 1146 960 1209 desiderentur.)
976 1173 1011 1186 —-
1044 1158 1109 1207 223.

75 1216 107 1264 Et
129 1219 187 1266 ium
207 1216 300 1284 finis;
325 1217 368 1268 vel
385 1216 554 1287 (epularum,
577 1215 619 1267 vel
634 1218 730 1280 seinis,
754 1216 795 1267 vel
818 1215 963 1266 malorum.
997 1217 1037 1268 Ex
1053 1233 1109 1285 quo

74 1284 192 1356 Iuppiter
215 1285 248 1336 in
264 1285 343 1336 coelo
368 1287 407 1336 ita
430 1286 566 1349 constitit,
592 1293 621 1334 ut
638 1285 755 1353 Libyam
778 1286 941 1354 respiceret;
967 1285 1011 1336 vel
1033 1295 1109 1338 certe

75 1352 146 1416 finis)
166 1353 342 1419 fabularum,
364 1355 407 1407 vel
423 1353 485 1406 diei.
520 1349 647 1421 Sequitur
665 1370 785 1420 namque
804 1354 885 1424 paulo
903 1357 977 1422 poste
1001 1354 1109 1406 Aeneas

74 1439 116 1488 per
141 1435 249 1473 noctem
273 1425 399 1489 plurime
425 1425 546 1474 voluens.
589 1423 626 1472 Et
647 1425 789 1476 sciendum
814 1431 868 1486 est,
891 1421 1035 1487 Virgilium
1052 1440 1110 1476 non

75 1506 179 1562 temper
196 1491 291 1543 dicere
308 1500 403 1543 ortum
419 1489 462 1544 del
479 1506 607 1542 occasum
625 1492 695 1557 diei,
720 1492 767 1543 sed
785 1500 832 1542 aut
848 1491 1001 1546 intellectui
1024 1493 1109 1545 relin-

76 1576 170 1627 quere,
186 1568 220 1610 ut
235 1561 289 1610 hoc
306 1558 382 1612 loco:
406 1569 454 1612 aut
471 1558 588 1628 negotiis
604 1568 731 1631 tempora
748 1559 912 1628 significare.
947 1560 995 1610 Est
1012 1570 1109 1627 autem

76 1631 178 1697 poetica
195 1627 409 1693 καλλωπιστεία,
435 1646 492 1681 non
511 1629 604 1679 omnia
622 1630 786 1700 exprimere.
820 1628 899 1698 L'nde
923 1628 963 1679 ait
978 1629 1109 1681 Horatius

75 1698 176 1750 inarte
193 1698 303 1768 poetica
321 1700 417 1765 (133-);
440 1700 498 1750 Nec
523 1700 636 1748 verbzem
655 1701 736 1749 verbo
756 1699 871 1748 curabis
897 1698 1006 1747 reddere
1025 1699 1108 1768 fidus

75 1767 218 1835 interpres.
260 1767 399 1834 ,Quamvis
422 1768 557 1837 {plerique
588 1768 622 1819 de
652 1765 832 1819 translatione
861 1765 1027 1818 Graecitatis
1055 1768 1109 1819 hoc

76 1843 193 1888 asserant
216 1835 331 1887 dictum.
365 1839 502 1888 Homerus
525 1851 591 1888 sane
617 1836 668 1887 ista
693 1845 873 1889 contemnens
897 1841 1024 1904 tempora
1048 1837 1109 1888 uni·

76 1919 145 1956 versa
162 1904 306 1956 describit.
343 1905 413 1954 Cum
431 1907 557 1972 Iuppiter
575 1907 683 1957 aethere
701 1923 810 1956 sumine
829 1904 984 1970 Despicies.
1021 1904 1110 1956 Oeco-

76 1975 195 2024 nomiam
219 1973 301 2024 istam
326 1975 476 2026 secundum
507 1975 644 2025 mathesin
669 1974 775 2026 videtur
807 1973 946 2025 ordinasse
971 1972 1110 2041 Virgilius.

76 2040 140 2094 Nam
156 2043 222 2094 love
239 2043 268 2093 in
287 2043 430 2095 altitudine
447 2060 496 2094 sua
514 2045 603 2112 posito
621 2061 685 2094 cum
704 2046 820 2109 Venere,
838 2041 1016 2110 significatur,
1033 2042 1108 2109 quod

76 2127 116 2178 per
139 2111 291 2162 mulierem
314 2112 441 2179 aliquam'
458 2113 573 2164 felicitas
597 2114 681 2182 possit
704 2113 821 2164 evenire.
869 2111 945 2178 Ergo
969 2101 1109 2178 'quoniam

77 2182 172 2230 Aeneas
196 2181 229 2230 in
253 2190 362 2249 partem
386 2182 467 2249 regni
491 2181 652 2232 admittetur
677 2199 694 2232 a
718 2181 827 2234 Didone
851 2196 903 2249 per
934 2180 1109 2235 occasionem

78 2247 209 2316 coniugii,
237 2249 342 2302 idcirco
366 2247 435 2301 haec
459 2257 540 2318 poe'ta
558 2250 710 2318 praemisit.
744 2250 814 2302 Sane
832 2246 882 2317 [et]
900 2247 966 2305 illud
983 2248 1109 2301 animad-

76 2317 245 2380 vertendum,
262 2318 336 2385 quod
353 2319 517 2387 peritissime
535 2320 602 2370 dixit
617 2320 768 2369 tristiorem
785 2321 924 2370 Venerem
940 2316 1023 2368 fuisse
1041 2332 1108 2368 curn

77 2383 144 2449 love,
168 2402 200 2436 ex
225 2402 280 2451 quo
305 2387 454 2451 significat,
480 2389 582 2440 exitum
607 2386 698 2437 suciis
721 2387 861 2440 infelicem
878 2387 1016 2438 futruum:
1040 2401 1107 2438 nam

76 2466 99 2502 se
114 2456 210 2519 utique
227 2454 300 2504 Dido
325 2457 475 2507 interemit.
510 2456 589 2523 Quod
613 2465 707 2506 autern
723 2456 897 2508 Mercurium
921 2455 988 2505 facit
1012 2471 1028 2504 a
1044 2456 1108 2507 Iove

78 2520 240 2574 defluentem
271 2525 307 2574 ad
339 2539 466 2574 occasum
494 2525 674 2587 descendere,
703 2528 721 2575 i.
745 2545 768 2577 e.
799 2526 834 2576 ad
865 2525 922 2574 irna
951 2531 1108 2576 terrarum:

77 2591 189 2641 ostendit
205 2591 342 2643 amicitias
360 2594 438 2658 (Dan.
457 2594 575 2654 inimic.)
601 2594 714 2660 qaudam
738 2596 814 2656 fore,
837 2595 884 2646 sed
908 2592 1024 2644 minime
1048 2593 1107 2644 diu·

76 2663 151 2708 turno
180 2667 311 2729 ternpore
340 2677 512 2730 permanere.
566 2663 634 2712 Illud
666 2664 750 2713 etiam
780 2662 974 2713 Mathematici
1004 2661 1113 2726 dieunt,-

77 2725 176 2791 Venere
199 2728 230 2778 in
247 2730 361 2797 Virgine
385 2731 487 2799 posita,
510 2727 722 2782 misericordem
745 2732 879 2783 feminam
904 2730 993 2794 nasci,
1024 2737 1108 2799 utque

76 2792 132 2846 ideo
149 2797 280 2864 Virgilius
303 2796 384 2865 fingit
406 2799 436 2849 in
460 2798 558 2849 habitu
582 2799 694 2865 virginis
716 2800 875 2863 venatricis,
898 2800 1036 2852 Venerem
1061 2816 1106 2849 oc·

78 2866 187 2916 curi-isse
211 2867 281 2917 filio:
314 2868 387 2934 quod
419 2876 447 2918 et
476 2868 686 2920 misericordem
711 2877 805 2937 postea
827 2868 955 2934 reginam
979 2866 1108 2937 probavit

77 2932 189 2998 deneas,
209 2943 239 2986 et
255 2938 283 2985 in
303 2935 447 2987 venatione
464 2953 529 2989 curn
547 2955 580 2988 ea
597 2937 747 3004 permixtus
764 2945 811 2988 est.
846 2936 958 2987 Aethere
977 2955 1104 3002 summo3

78 3003 119 3067 qui
141 3020 266 3054 summus
290 3012 344 3063 est3
369 3013 397 3055 et
420 3007 565 3075 proprium
589 3007 629 3072 [et
645 3003 821 3074 perpetuum]
838 3005 945 3057 aetheri
964 3023 978 3058 e
999 3003 1108 3058 itheton

78 3069 160 3135 dedit,
177 3073 242 3140 quia
261 3073 388 3124 omnibus
406 3075 531 3141 superior
550 3082 598 3126 est.
616 3101 650 3110 -·-
686 3077 746 3131 224.
766 3073 950 3140 Despiciens5
976 3023 1107 3126 deorsum

78 3140 218 3208 aspiciens,
242 3142 313 3191 sicut
337 3143 510 3206 suspiciens,
534 3159 641 3193 sursum
666 3144 807 3212 aspiciens.
849 3142 1008 3193 Notandum
1031 3159 1108 3208 saue,

78 3210 134 3273 quia
158 3211 181 3260 si
198 3211 355 3276 dispiciens
380 3211 541 3276 dixerimus,
566 3211 716 3277 diiigenter
741 3213 890 3277 inquirens
913 3211 1108 3278 significamus,

78 3278 140 3328 sicrtt
163 3279 270 3329 deduco
296 3287 325 3330 et
350 3279 461 3330 diduco.
503 3281 575 3331 Nam
599 3281 704 3330 deduco
736 3289 775 3329 est
803 3293 969 3348 prosequor:
1001 3281 1106 3332 diduco

76 3359 148 3410 vero,
167 3348 264 3400 divido.
305 3347 476 3412 Velicclum;
503 3349 570 3398 diras
587 3365 630 3397 res
648 3347 799 3415 significat,
816 3355 844 3399 et
861 3349 934 3415 quod
951 3346 1016 3398 velis
1032 3349 1106 3401 vola-

77 3415 187 3468 truie.
205 3424 364 3467 transeatur
383 3417 482 3483 (Guelf.
490 3417 509 3466 1.
527 3416 678 3480 transitur),
696 3425 726 3466 ut
742 3416 795 3468 hoc
812 3416 887 3469 loco:
905 3425 932 3468 et
950 3417 1023 3485 quod
1039 3416 1106 3471 velis

77 3484 141 3537 solat
158 3485 259 3550 (Guelf.
274 3486 293 3534 1.
307 3485 383 3537 add:
402 3501 433 3536 eo
448 3485 522 3552 quod
537 3486 601 3537 velis
619 3486 781 3538 facientibus
798 3502 878 3537 naves
896 3482 1001 3538 veloces
1019 3487 1105 3550 smit3)

76 3553 235 3618 utEnnius,
260 3554 355 3604 Novas
374 3556 519 3605 velivolas.
555 3554 607 3621 Qui
625 3556 728 3622 (Burin.
748 3555 839 3623 quod)
858 3561 886 3606 et
902 3555 1012 3624 proprie
1031 3555 1105 3607 dixit.

75 3619 107 3672 Et
122 3630 171 3672 ‘est
192 3623 243 3673 ista
268 3624 411 3692 reciproca
435 3623 600 3692 metaphora
625 3620 719 3690 (codd.
750 3623 910 3686 translatio)
934 3623 1045 3675 navium
1076 3631 1105 3678 et

73 3691 180 3741 atium.¹
203 3690 335 3754 Legimus
361 3691 436 3742 enim
461 3695 475 3757 (
480 3701 510 3755 3,
529 3693 618 3754 520)
644 3692 678 3742 Et
701 3693 827 3742 velorum
850 3695 1003 3760 pandimus
1023 3690 1104 3744 alass

73 3767 97 3810 et
118 3766 220 3817 contra
242 3761 276 3811 de
300 3761 396 3829 apihus
421 3761 464 3826 (G.
482 3765 513 3826 4,
531 3760 596 3820 59.):
620 3762 696 3812 Nare
721 3780 769 3826 per
793 3773 922 3812 aestatem
949 3761 1103 3828 liquidam:

72 3845 155 3895 quiam
182 3837 292 3882 natatus
317 3831 428 3880 navium
452 3831 501 3894 sit,
525 3831 585 3883 alae
609 3847 673 3882 vero
698 3832 797 3881 avium.
831 3826 867 3880 Et
889 3828 1030 3882 sciendum
1055 3839 1104 3897 est,

72 3915 124 3950 esse
148 3896 310 3968 reciprocas
332 3899 522 3959 manslationes
541 3906 569 3950 et
585 3899 671 3966 (codd.
690 3916 747 3949 esse
767 3899 800 3960 et)
824 3900 910 3968 partis
933 3900 1021 3952 unius.
1056 3899 1102 3949 Ia-

71 3981 178 4032 eentes,·
210 3976 258 4018 aut
287 3968 318 4018 in
340 3967 456 4033 longum
480 3968 624 4037 expositas:
659 3976 706 4018 erit
728 3967 872 4038 proprium
895 3969 1036 4037 epitheton
1060 3977 1104 4020 est

69 4042 216 4092 unarum.
251 4022 325 4088 Nam
349 4053 415 4088 erun
438 4044 530 4090 cetera
555 4037 692 4089 elementa
715 4035 830 4089 mobilia
853 4037 922 4102 sint,
945 4037 1002 4089 sola
1025 4044 1101 4090 terra
