2454 4500
159 292 195 338 n·
215 269 374 337 naott.
394 266 565 373 anuum
585 266 666 339 tte.
687 266 741 342 tv.
763 236 955 369 sta-ass
1006 272 1071 337 sos

60 455 137 512 ΒΜ
152 458 214 525 est]
247 458 350 510 Iterum
367 471 515 524 paremus,-
538 453 603 525 quia
618 454 675 506 iam
690 450 799 520 [semel]
814 459 944 520 paruerat
959 468 1072 524 praepe-

59 529 160 581 utioue
190 524 370 597 mtlgiorum.
392 550 427 564 -·
475 530 536 582 578.
559 523 594 573 Et
623 523 718 573 sidera
747 522 820 572 coelo
844 521 1072 643 mundane,-

59 591 170 662 [ἅτινα.
185 610 220 664 pr
285 610 328 660 ra,
343 602 372 646 et
387 591 492 658 sidero]
508 592 561 643 hoc
578 598 618 642 est
633 597 735 655 tentos,
790 590 846 641 'ex
862 597 926 639 ortu
941 589 963 639 ι’
983 606 1072 659 mum,

59 662 95 715 uit
109 664 204 733 [mitet
219 671 249 716 et
374 662 414 725 ri,
436 668 484 713 aut
499 657 659 728 [turbulenti
676 655 716 722 et]
731 674 748 708 a
769 657 839 710 versi
854 666 933 721 etmt,
954 659 1026 709 sicut
1039 661 1073 713 in

59 727 345 800 ieorgicie'·(1‚204.
365 728 537 780 :⁴Proeterea
560 740 617 777 tom
641 737 708 776 sunt
731 727 841 776 arcturi
862 726 955 776 sidero
980 730 1070 783 nobis.

59 796 108 853 lec
132 802 209 853 enirn
233 798 327 850 sidera
349 797 417 851 dicit
443 813 476 849 re
499 812 577 860 vera,
609 810 674 845 cum
697 802 821 846 arcturus
844 809 900 845 una
928 795 964 844 eit
985 797 1090 851 nella„

59 864 124 950 ingo
142 868 239 920 deson
262 866 370 930 sidera,
391 872 486 916 ventos
507 863 550 916 vel
570 871 703 931 tempora.
719 887 754 901 ·-
787 868 848 920 580.
865 861 1069 932 [Fulmineumg

59 936 165 1000 [uidam
180 934 334 1003 fulgentem
350 932 408 985 acsi
427 933 494 985 iunt.
528 931 699 997 Strictaque3
717 930 824 982 videtur
839 930 875 981 ab
892 946 994 991 tiuare
1011 933 1069 1000 (ab-

59 1002 166 1066 mtlere)
182 1007 295 1066 stricto,
316 1017 381 1052 cunt
442 1001 509 1053 crit:
532 1002 692 1067 vaginaque
716 1000 799 1066 eripit
821 1016 921 1050 ensem.
938 1025 975 1038 —
1007 1008 1069 1061 531.

59 1070 138 1137 donn
155 1086 209 1143 pro
225 1086 258 1124 eo
275 1069 348 1138 quod
363 1075 405 1121 est
420 1084 504 1133 unus,
527 1076 557 1119 ut
574 1073 633 1134 (10,
650 1066 738 1129 112.):
759 1066 819 1117 Rex
836 1067 961 1135 Iuppiter
978 1073 1069 1122 omni-

60 1154 100 1191 ω
119 1140 202 1192 idem
236 1138 432 1204 Rapturusque,-
455 1151 524 1188 trum
539 1135 690 1188 anchoras?
724 1133 892 1202 fluuntque3
909 1136 960 1203 ipsi
975 1147 1070 1205 ruunt,

66 1225 111 1261 -ε,
137 1222 203 1259 eum
230 1207 337 1287 impetu
358 1205 495 1257 festinant.
516 1230 551 1243 -
598 1210 659 1261 582.
683 1200 782 1255 Litore
805 1205 965 1268 deseruere,-
995 1208 1069 1259 mire

58 1274 194 1346 eseriptio
216 1273 404 1327 ieennationit.
421 1298 455 1310 -
489 1277 550 1330 583.
569 1271 709 1338 Torquent
725 1289 854 1339 spumam
876 1272 915 1323 ita
932 1273 1007 1327 enim
1023 1292 1070 1330 re·

58 1357 105 1395 tue
122 1344 232 1412 agitur,
253 1349 285 1393 ut
304 1341 404 1392 fluctus
423 1338 604 1409 torqueatur]
620 1366 655 1377 -
688 1344 749 1397 584.
766 1339 860 1391 Prima
877 1358 1000 1408 aurora,·
1022 1345 1070 1399 de-

58 1412 164 1479 gnatio
180 1408 313 1480 temporis
328 1417 384 1475 est,
406 1422 462 1459 non
478 1407 534 1460 diei
550 1407 711 1476 descriptio:
735 1408 809 1461 unde
824 1409 924 1461 infert:
956 1410 993 1462 Ut
1008 1416 1068 1480 pri.

58 1495 121 1531 eum
140 1478 277 1530 albescere
300 1478 388 1528 lucem
406 1476 483 1527 vitis
517 1475 560 1527 Sic
583 1477 613 1528 in
629 1475 792 1529 duodecimo
816 1477 893 1543 (τως
917 1477 987 1528 Cum
1009 1485 1068 1549 pri.

58 1564 129 1599 tum
147 1548 274 1598 erastino
299 1546 373 1597 coelo
391 1542 522 1596 Puniceis
540 1547 647 1595 invecto
666 1547 736 1596 rotis
753 1546 862 1596 Aurora
881 1548 996 1600 rubebit.
1030 1550 1070 1603 Et

58 1634 116 1671 ene
134 1614 208 1667 lianc
224 1613 347 1681 primum
362 1612 467 1664 inducit
482 1611 577 1664 vidisse
594 1613 792 1680 crepusculum,
809 1628 879 1681 quae
896 1616 974 1682 quasi
991 1633 1068 1669 ama·
1108 1666 1112 1677 ,

58 1684 94 1736 τίκ
111 1690 175 1735 tots
189 1681 346 1752 vigilaverat
361 1688 450 1732 nocte.
483 1679 526 1731 Sic
543 1683 572 1732 in
588 1678 722 1731 Bucolicis
739 1683 779 1747 (8,
798 1679 852 1743 17.)
876 1681 912 1734 de
927 1693 1067 1739 amatorog

58 1751 183 1815 lecture,
204 1762 323 1817 praeque
347 1750 419 1799 diem
442 1750 556 1799 ueniens
573 1766 625 1815 age
641 1746 759 1817 Lucifer
776 1750 889 1800 ulmum.
922 1751 1003 1804 Novo
1021 1754 1066 1805 ta·

58 1822 135 1885 tine,
158 1821 218 1887 put
232 1817 353 1883 recenti,
374 1814 432 1881 aut]
453 1816 603 1868 secundum
619 1818 784 1888 Epicureos,
806 1817 854 1885 qui
875 1818 955 1871 stulte
971 1820 1067 1875 Solam

57 1906 71 1940 e
91 1885 196 1940 atomis
213 1886 307 1937 dicunt
322 1894 461 1949 constare,
477 1892 586 1945 etcum
602 1884 647 1937 die
664 1885 755 1949 nasci,
772 1901 836 1935 cum
853 1885 898 1938 tlie
913 1889 1013 1957 perire.
1028 1917 1065 1933 .-

57 1961 99 2014 85.
120 1953 240 2007 Tithoni
256 1955 361 2017 scibile,
385 1953 444 2020 [Est
466 1968 557 2003 versus
571 1952 688 2005 Homeri
710 1954 739 2004 in
755 1953 840 2006 Iliade
858 1951 897 2021 (l,
914 1956 964 2018 1.):
990 1952 1066 2013 'Hele

57 2020 95 2076 ’itt
112 2020 213 2088 λεχέων
229 2017 294 2090 παρ’
312 2016 331 2074 ol
347 2015 412 2073 uvoi
431 2021 567 2073 Τιθωνοῖο
584 2015 707 2091 ὄρνυτα]
743 2019 883 2073 Tithonus
900 2025 1064 2093 irater(into

57 2093 139 2155 5tt'us.;
158 2110 185 2144 o.
202 2084 305 2152 turm.)
346 2088 514 2141 aomedontis
531 2089 594 2141 luit:
617 2091 691 2141 hrmc
707 2090 815 2151 Aurora
848 2091 1016 2156 adlamatum
1032 2097 1065 2151 in

57 2160 149 2213 selum
173 2159 283 2224 levavit,
312 2174 395 2227 quem
415 2157 460 2208 lon
484 2158 508 2208 'n
529 2158 597 2208 uitas
621 2160 689 2210 vitae
714 2156 744 2209 in
769 2159 828 2210 cicc
848 2176 895 2212 am
917 2167 1062 2223 convertit.

57 2229 169 2281 [oratius
186 2228 288 2294 (Carm.
306 2235 338 2290 2,
356 2231 405 2291 16,
421 2173 489 2289 305³:
510 2174 609 2294 itonga
629 2224 779 2278 Tithonum
800 2233 903 2279 minuit
920 2243 1047 2285 senectus
1052 2258 1063 2298 ,-

57 2297 128 2365 [uia,
152 2304 185 2347 ut
202 2303 241 2347 est
257 2294 328 2413 aqud
345 2293 509 2369 Ciceronem
526 2295 571 2362 (de
588 2294 693 2347 Senect
708 2297 761 2359 16.)
783 2297 841 2349 sola
856 2313 905 2349 vox
928 2309 1064 2368 remanet,

57 2374 65 2415 t
89 2372 133 2417 est
158 2372 256 2415 natura
289 2362 425 2429 oquacior.
442 2387 477 2399 -·
511 2368 570 2420 586.
587 2363 728 2430 Speculis‚·
751 2379 819 2432 quas
843 2366 936 2434 utique
959 2368 989 2420 in
1012 2386 1063 2424 sua

57 2434 115 2501 egio
130 2430 247 2496 habuit]
281 2432 420 2481 Albescere
438 2430 542 2493 luccen,
559 2431 702 2501 manage
714 2440 762 2485 est.
796 2434 871 2485 Luce
892 2435 966 2486 enim
987 2438 1062 2491 albe-

57 2507 118 2552 etmt
132 2501 242 2564 omnia,
264 2514 321 2551 non
338 2500 388 2549 lue
406 2498 527 2549 albescit.
544 2525 579 2536 -
613 2506 673 2558 557.
689 2501 821 2567 Aequatis
838 2503 925 2566 velis,-
941 2505 1062 2561 feliciter

56 2568 139 2634 lenit,
155 2568 214 2620 sine
230 2575 307 2617 motu
324 2566 428 2633 aliquo:
446 2567 488 2633 [ut
504 2567 546 2632 (5,
562 2569 650 2628 8445:
675 2570 814 2634 Aequotoe
839 2574 948 2636 spirant
964 2592 1063 2642 auree,

56 2637 136 2689 :hoc
154 2637 188 2689 ad
205 2635 328 2687 dolorem
345 2635 464 2714 pertinet
479 2635 648 2702 reginae-
681 2643 733 2694 585
764 2637 874 2688 Vacuus
892 2644 980 2692 sensit
997 2646 1061 2695 sine

56 2708 140 2772 tmige
165 2715 280 2771 portus,·
309 2709 398 2773 potest
420 2719 528 2769 cotenon
551 2699 683 2771 πρότερον
706 2721 780 2770 esso,
809 2713 840 2755 ut
861 2707 937 2775 prius
957 2712 1060 2765 sentire

56 2772 218 2826 obuerit-
251 2776 311 2829 589.
330 2769 425 2820 Pectus
443 2789 588 2839 percussa;
607 2781 699 2838 pectus
716 2790 875 2840 perctusum
892 2775 1060 2844 liabens.]-
1155 2826 1162 2833 ,

56 2847 94 2898 30.
114 2839 188 2892 Proh
205 2840 344 2905 Iuppiter;
369 2848 417 2890 aut
431 2840 571 2891 irascentis
588 2841 746 2891 exclamatio
763 2849 817 2894 est:
834 2849 865 2891 ut
880 2843 909 2893 in
926 2844 1058 2901 Terentio
1083 2862 1087 2869 ‘

56 2908 121 2961 olel.
138 2898 165 2971 2‘,
178 2914 204 2973 1,
219 2906 288 2967 42.):
306 2906 356 2957 Pro
376 2910 499 2973 supreme
515 2908 645 2974 Iuppiter.
680 2910 733 2959 Aut
745 2917 820 2961 certe
832 2917 947 2962 testatur
958 2915 1058 2984 Iovem,

56 2992 119 3029 rem
135 2978 244 3028 Aeneae
266 2975 399 3025 invocavit
415 2976 547 3027 adventu:
572 2983 602 3025 ut
625 2981 665 3040 (l,
682 2976 767 3038 731.);
793 2978 917 3045 Iuppiter
939 2980 1057 3048 hospiti.

56 3062 84 3096 ts
118 3061 186 3093 nom
208 3056 232 3093 te
258 3045 324 3093 dore
348 3045 414 3092 iuro
440 3045 602 3109 loquuntur.
626 3069 661 3081 -
687 3049 762 3102 Ι591.
786 3045 843 3096 Ibit
866 3060 891 3096 et
916 3050 1067 3120 illuseritg'

56 3115 85 3163 >it
113 3120 142 3164 et
166 3112 277 3176 illudet,
300 3118 407 3180 tempus
430 3127 481 3178 pro
503 3119 642 3179 tempore:
667 3119 696 3165 et
718 3113 757 3161 sic
781 3114 846 3165 dixit
867 3123 898 3164 ut
922 3123 970 3182 (2,
987 3121 1056 3183 64,);

55 3192 199 3249 mamque
217 3181 334 3230 illudere
352 3192 438 3244 capto.
455 3205 490 3219 -
524 3186 583 3238 592.
600 3179 666 3231 Non
683 3198 765 3232 arma
782 3183 945 3249 expedient?
961 3187 1056 3240 suren.

55 3250 156 3300 thece
172 3247 255 3300 verba
270 3255 347 3312 sunt,
370 3255 402 3296 ut
422 3248 480 3316 ipsa
503 3248 583 3318 paulo
607 3257 679 3316 post:
695 3248 779 3315 Quae
801 3259 924 3302 mentem
947 3253 1056 3312 in‘sauia

55 3316 140 3368 utet?
162 3316 235 3368 Nam
251 3316 320 3367 haec
336 3333 352 3367 a
368 3332 434 3367 sana
449 3332 504 3367 uon
522 3316 686 3386 procedunt,
709 3325 739 3366 ut
754 3319 876 3385 imperet
890 3320 1056 3393 absentibus,

55 3398 111 3437 erte
127 3384 198 3434 telo.-
225 3400 289 3435 cum
311 3385 369 3436 sola
386 3383 427 3435 sit.
463 3384 597 3451 [Totaque
619 3402 652 3433 es
678 3387 744 3436 urbe
767 3400 928 3453 sequentum
952 3406 1055 3460 magna

55 3451 172 3522 npltasis
189 3453 261 3522 quod
278 3452 317 3503 ait
333 3450 410 3515 totu]
426 3479 461 3489 -
495 3458 554 3510 593.
571 3452 747 3521 Navalihus5
771 3457 805 3509 cle
828 3457 981 3524 navalibus,
1004 3460 1054 3517 ubi

55 3530 102 3574 ant
123 3538 212 3573 naves.
235 3548 270 3558 -
314 3526 374 3578 595.
398 3520 453 3569 Aut
478 3522 526 3571 ubi
550 3539 629 3583 sum,-
659 3523 793 3590 numquid
817 3524 846 3574 in
870 3534 950 3577 coetu
972 3529 1054 3583 sum?

55 3588 122 3656 lune
141 3600 254 3640 mentem
272 3589 388 3639 insania
397 3612 407 3652 ,-
431 3588 502 3641 bene
526 3589 551 3640 ei
575 3606 606 3641 ex
622 3599 701 3658 parte
717 3592 832 3642 furentia
849 3593 930 3645 datur
947 3596 1051 3649 oratio:

55 3670 90 3709 tte
109 3659 186 3722 velo,
210 3673 241 3708 ex
258 3664 339 3773 θυῖε
361 3655 504 3708 retinentis
527 3657 670 3722 mentem]
687 3685 721 3698 -
755 3664 814 3718 596.
834 3660 903 3710 Cum
926 3677 1051 3731 sceptra,

55 3745 57 3775 :
75 3726 232 3795 [(1,⁵72.):
282 3726 350 3776 ultis
373 3737 398 3774 et
421 3723 467 3775 his
484 3742 588 3775 mecum
604 3730 709 3794 pariter
726 3730 868 3779 considere
887 3733 994 3798 regnis.
1022 3741 1052 3788 et

55 3793 127 3860 ibi,]
151 3793 248 3859 (214.):
274 3796 312 3842 Ac
336 3793 480 3843 dominum
497 3794 608 3845 Aenean
632 3798 664 3846 in
689 3813 774 3863 regna
795 3799 900 3866 recepit.
918 3824 953 3837 ·-
988 3806 1049 3859 597.

54 3864 178 3929 {desque3
208 3861 425 3913 subaudiendum
449 3879 482 3911 en
505 3863 590 3914 etiam
612 3865 642 3914 in
663 3862 845 3932 sequentibus.
888 3866 942 3918 Aut
963 3877 1050 3937 certe,

56 3947 72 3983 o
95 3939 136 3984 est
157 3945 243 3999 quem
266 3929 360 3981 dicunt
382 3936 492 3998 portare
514 3931 587 3983 deos.
621 3931 691 3985 Sane
709 3949 742 3982 en
759 3933 927 3984 nominativo
948 3937 1049 3990 melius

54 3999 160 4072 uginus
184 4005 216 4050 ut
231 3999 276 4064 (1,
291 3997 377 4059 4513:
403 3995 447 4048 En
464 3997 602 4066 Priamus.
619 4025 653 4039 ···
687 4005 747 4062 598.
763 3998 864 4070 [Quem
887 4018 980 4056 tetum
995 4022 1046 4072 pe-

209 4218 222 4247 Ο
