<?xml version="1.0" encoding="UTF-8"?>
<!DOCTYPE html PUBLIC "-//W3C//DTD XHTML 1.0 Transitional//EN"
    "http://www.w3.org/TR/xhtml1/DTD/xhtml1-transitional.dtd">
<html xmlns="http://www.w3.org/1999/xhtml" xml:lang="en" lang="en">
 <head>
  <title>
</title>
<meta http-equiv="Content-Type" content="text/html;charset=utf-8" />
  <meta name='ocr-system' content='tesseract 3.04.00' />
  <meta name='ocr-capabilities' content='ocr_page ocr_carea ocr_par ocr_line ocrx_word'/>
</head>
<body>
  <div class='ocr_page' id='page_1' title='image "./commentariiinvi00liongoog_0293.png"; bbox 0 0 2454 4500; ppageno 0'>
   <div class='ocr_carea' id='block_1_1' title="bbox 144 202 1048 330">
    <p class='ocr_par' dir='ltr' id='par_1_1' title="bbox 144 202 1048 330">
     <span class='ocr_line' id='line_1_1' title="bbox 144 202 1048 330; baseline -0.006 -6"><span class='ocrx_word' id='word_1_1' title='bbox 144 280 181 325; x_wconf 71' lang='lat' dir='ltr'><strong>n</strong></span> <span class='ocrx_word' id='word_1_2' title='bbox 202 252 554 322; x_wconf 68' lang='lat' dir='ltr'><strong>unumunurm.</strong></span> <span class='ocrx_word' id='word_1_3' title='bbox 577 202 656 318; x_wconf 77' lang='lat' dir='ltr'><strong>iu.</strong></span> <span class='ocrx_word' id='word_1_4' title='bbox 678 252 736 330; x_wconf 84' lang='lat' dir='ltr'><strong>u,</strong></span> <span class='ocrx_word' id='word_1_5' title='bbox 757 255 907 322; x_wconf 83' lang='lat' dir='ltr'><strong>ss-u.</strong></span> <span class='ocrx_word' id='word_1_6' title='bbox 981 255 1048 320; x_wconf 83' lang='lat' dir='ltr'><strong>us</strong></span> 
     </span>
    </p>
   </div>
   <div class='ocr_carea' id='block_1_2' title="bbox 58 432 1104 4065">
    <p class='ocr_par' dir='ltr' id='par_1_2' title="bbox 59 432 1051 1255">
     <span class='ocr_line' id='line_1_2' title="bbox 59 432 1050 508; baseline -0.007 -11"><span class='ocrx_word' id='word_1_7' title='bbox 59 440 190 508; x_wconf 69' lang='lat' dir='ltr'><strong>mutia,</strong></span> <span class='ocrx_word' id='word_1_8' title='bbox 203 453 247 494; x_wconf 79' lang='lat' dir='ltr'><strong>‘su</strong></span> <span class='ocrx_word' id='word_1_9' title='bbox 269 439 336 508; x_wconf 79' lang='lat' dir='ltr'><strong>quie</strong></span> <span class='ocrx_word' id='word_1_10' title='bbox 359 439 390 492; x_wconf 83' lang='lat' dir='ltr'><strong>iu</strong></span> <span class='ocrx_word' id='word_1_11' title='bbox 412 437 482 494; x_wconf 82' lang='lat' dir='ltr'><strong>sede</strong></span> <span class='ocrx_word' id='word_1_12' title='bbox 499 438 611 492; x_wconf 80' lang='lat' dir='ltr'><strong>Cereris</strong></span> <span class='ocrx_word' id='word_1_13' title='bbox 633 452 698 490; x_wconf 82' lang='lat' dir='ltr'><strong>sero</strong></span> <span class='ocrx_word' id='word_1_14' title='bbox 720 434 823 490; x_wconf 68' lang='lat' dir='ltr'><strong>tunsae</strong></span> <span class='ocrx_word' id='word_1_15' title='bbox 846 435 952 506; x_wconf 75' lang='lat' dir='ltr'><strong>posius</strong></span> <span class='ocrx_word' id='word_1_16' title='bbox 973 432 1050 505; x_wconf 81' lang='lat' dir='ltr'><strong>leges</strong></span> 
     </span>
     <span class='ocr_line' id='line_1_3' title="bbox 59 504 1051 579; baseline -0.003 -17"><span class='ocrx_word' id='word_1_17' title='bbox 59 508 162 577; x_wconf 71' lang='lat' dir='ltr'><strong>runtt]</strong></span> <span class='ocrx_word' id='word_1_18' title='bbox 197 507 302 560; x_wconf 74' lang='lat' dir='ltr'><strong>Phocis</strong></span> <span class='ocrx_word' id='word_1_19' title='bbox 324 524 374 573; x_wconf 84' lang='lat' dir='ltr'><strong>uc,-</strong></span> <span class='ocrx_word' id='word_1_20' title='bbox 403 509 451 579; x_wconf 81' lang='lat' dir='ltr'><strong>qui</strong></span> <span class='ocrx_word' id='word_1_21' title='bbox 475 516 588 576; x_wconf 84' lang='lat' dir='ltr'><strong>praeest</strong></span> <span class='ocrx_word' id='word_1_22' title='bbox 610 505 752 575; x_wconf 80' lang='lat' dir='ltr'><strong>auspiciis,</strong></span> <span class='ocrx_word' id='word_1_23' title='bbox 776 504 876 574; x_wconf 84' lang='lat' dir='ltr'><strong>quibus</strong></span> <span class='ocrx_word' id='word_1_24' title='bbox 899 508 982 558; x_wconf 84' lang='lat' dir='ltr'><strong>urbes</strong></span> <span class='ocrx_word' id='word_1_25' title='bbox 1004 522 1051 559; x_wconf 82' lang='lat' dir='ltr'><strong>re·</strong></span> 
     </span>
     <span class='ocr_line' id='line_1_4' title="bbox 59 573 1049 647; baseline -0.003 -17"><span class='ocrx_word' id='word_1_26' title='bbox 59 587 122 630; x_wconf 69' lang='lat' dir='ltr'><strong>itur·</strong></span> <span class='ocrx_word' id='word_1_27' title='bbox 158 574 290 645; x_wconf 72' lang='lat' dir='ltr'><strong>Patrique</strong></span> <span class='ocrx_word' id='word_1_28' title='bbox 329 594 420 645; x_wconf 66' lang='lat' dir='ltr'><strong>yses,</strong></span> <span class='ocrx_word' id='word_1_29' title='bbox 445 577 507 647; x_wconf 84' lang='lat' dir='ltr'><strong>qui,</strong></span> <span class='ocrx_word' id='word_1_30' title='bbox 532 584 563 627; x_wconf 93' lang='lat' dir='ltr'><strong>ut</strong></span> <span class='ocrx_word' id='word_1_31' title='bbox 585 592 668 645; x_wconf 84' lang='lat' dir='ltr'><strong>supra</strong></span> <span class='ocrx_word' id='word_1_32' title='bbox 692 582 735 643; x_wconf 80' lang='grc'><strong>(3,</strong></span> <span class='ocrx_word' id='word_1_33' title='bbox 752 574 809 636; x_wconf 62' lang='grc' dir='ltr'><strong>ιο.)</strong></span> <span class='ocrx_word' id='word_1_34' title='bbox 833 573 1049 644; x_wconf 79' lang='lat' dir='ltr'><strong>diximus,·apto</strong></span> 
     </span>
     <span class='ocr_line' id='line_1_5' title="bbox 59 642 1050 710; baseline -0.003 -12"><span class='ocrx_word' id='word_1_35' title='bbox 59 645 128 698; x_wconf 85' lang='lat' dir='ltr'><strong>ibus</strong></span> <span class='ocrx_word' id='word_1_36' title='bbox 151 642 290 699; x_wconf 71' lang='lat' dir='ltr'><strong>libertatis</strong></span> <span class='ocrx_word' id='word_1_37' title='bbox 313 654 355 699; x_wconf 88' lang='lat' dir='ltr'><strong>est</strong></span> <span class='ocrx_word' id='word_1_38' title='bbox 377 646 450 698; x_wconf 70' lang='lat' dir='ltr'><strong>decu.</strong></span> <span class='ocrx_word' id='word_1_39' title='bbox 485 644 563 698; x_wconf 84' lang='lat' dir='ltr'><strong>Unde</strong></span> <span class='ocrx_word' id='word_1_40' title='bbox 587 648 671 696; x_wconf 84' lang='lat' dir='ltr'><strong>etiam</strong></span> <span class='ocrx_word' id='word_1_41' title='bbox 694 644 818 710; x_wconf 78' lang='lat' dir='ltr'><strong>Marsyas</strong></span> <span class='ocrx_word' id='word_1_42' title='bbox 842 643 900 695; x_wconf 89' lang='lat' dir='ltr'><strong>eius</strong></span> <span class='ocrx_word' id='word_1_43' title='bbox 922 643 1050 695; x_wconf 76' lang='lat' dir='ltr'><strong>minister</strong></span> 
     </span>
     <span class='ocr_line' id='line_1_6' title="bbox 63 708 1051 783; baseline -0.005 -15"><span class='ocrx_word' id='word_1_44' title='bbox 63 717 97 768; x_wconf 79' lang='lat' dir='ltr'><strong>iu</strong></span> <span class='ocrx_word' id='word_1_45' title='bbox 114 714 271 766; x_wconf 78' lang='lat' dir='ltr'><strong>civilatibus</strong></span> <span class='ocrx_word' id='word_1_46' title='bbox 286 714 333 782; x_wconf 90' lang='lat' dir='ltr'><strong>[in</strong></span> <span class='ocrx_word' id='word_1_47' title='bbox 350 715 412 765; x_wconf 84' lang='lat' dir='ltr'><strong>foro</strong></span> <span class='ocrx_word' id='word_1_48' title='bbox 429 712 547 783; x_wconf 87' lang='lat' dir='ltr'><strong>positus]</strong></span> <span class='ocrx_word' id='word_1_49' title='bbox 563 708 700 766; x_wconf 72' lang='lat' dir='ltr'><strong>libertatis</strong></span> <span class='ocrx_word' id='word_1_50' title='bbox 741 709 798 763; x_wconf 86' lang='lat' dir='ltr'><strong>imo</strong></span> <span class='ocrx_word' id='word_1_51' title='bbox 816 711 872 762; x_wconf 89' lang='lat' dir='ltr'><strong>iust</strong></span> <span class='ocrx_word' id='word_1_52' title='bbox 893 710 953 770; x_wconf 85' lang='lat' dir='ltr'><strong>iae)</strong></span> <span class='ocrx_word' id='word_1_53' title='bbox 978 711 1051 763; x_wconf 82' lang='lat' dir='ltr'><strong>indi·</strong></span> 
     </span>
     <span class='ocr_line' id='line_1_7' title="bbox 59 718 1049 903; baseline -0.002 -68"><span class='ocrx_word' id='word_1_54' title='bbox 59 793 100 835; x_wconf 82' lang='lat' dir='ltr'><strong>m:</strong></span> <span class='ocrx_word' id='word_1_55' title='bbox 127 782 188 903; x_wconf 63' lang='lat' dir='ltr'><strong>[pul</strong></span> <span class='ocrx_word' id='word_1_56' title='bbox 204 790 297 837; x_wconf 81' lang='lat' dir='ltr'><strong>erecta</strong></span> <span class='ocrx_word' id='word_1_57' title='bbox 313 798 399 843; x_wconf 78' lang='lat' dir='ltr'><strong>manu</strong></span> <span class='ocrx_word' id='word_1_58' title='bbox 414 789 531 833; x_wconf 75' lang='grc' dir='ltr'><strong>ιειιιιιιιι</strong></span> <span class='ocrx_word' id='word_1_59' title='bbox 554 782 625 833; x_wconf 81' lang='lat' dir='ltr'><strong>nihil</strong></span> <span class='ocrx_word' id='word_1_60' title='bbox 642 781 705 831; x_wconf 87' lang='lat' dir='ltr'><strong>urbi</strong></span> <span class='ocrx_word' id='word_1_61' title='bbox 721 718 835 842; x_wconf 64' lang='lat' dir='ltr'><strong>ienae]</strong></span> <span class='ocrx_word' id='word_1_62' title='bbox 867 779 905 829; x_wconf 91' lang='lat' dir='ltr'><strong>Et</strong></span> <span class='ocrx_word' id='word_1_63' title='bbox 920 794 1049 833; x_wconf 86' lang='lat' dir='ltr'><strong>commu·</strong></span> 
     </span>
     <span class='ocr_line' id='line_1_8' title="bbox 67 846 1048 918; baseline -0.003 -15"><span class='ocrx_word' id='word_1_64' title='bbox 67 851 126 903; x_wconf 85' lang='lat' dir='ltr'><strong>boc</strong></span> <span class='ocrx_word' id='word_1_65' title='bbox 162 851 229 905; x_wconf 77' lang='lat' dir='ltr'><strong>cibet</strong></span> <span class='ocrx_word' id='word_1_66' title='bbox 244 867 350 903; x_wconf 85' lang='lat' dir='ltr'><strong>sensus:</strong></span> <span class='ocrx_word' id='word_1_67' title='bbox 366 848 550 916; x_wconf 72' lang='lat' dir='ltr'><strong>sacrificabat,</strong></span> <span class='ocrx_word' id='word_1_68' title='bbox 565 846 665 917; x_wconf 91' lang='lat' dir='ltr'><strong>inquit,</strong></span> <span class='ocrx_word' id='word_1_69' title='bbox 680 849 773 918; x_wconf 88' lang='lat' dir='ltr'><strong>primo</strong></span> <span class='ocrx_word' id='word_1_70' title='bbox 790 846 959 913; x_wconf 74' lang='lat' dir='ltr'><strong>numinibus,</strong></span> <span class='ocrx_word' id='word_1_71' title='bbox 975 864 1048 916; x_wconf 80' lang='lat' dir='ltr'><strong>queo</strong></span> 
     </span>
     <span class='ocr_line' id='line_1_9' title="bbox 59 910 1050 988; baseline 0.004 -22"><span class='ocrx_word' id='word_1_72' title='bbox 59 910 73 971; x_wconf 65' lang='lat' dir='ltr'><strong>»i</strong></span> <span class='ocrx_word' id='word_1_73' title='bbox 90 916 244 987; x_wconf 76' lang='lat' dir='ltr'><strong>praeemit,</strong></span> <span class='ocrx_word' id='word_1_74' title='bbox 266 916 344 988; x_wconf 85' lang='lat' dir='ltr'><strong>quasi</strong></span> <span class='ocrx_word' id='word_1_75' title='bbox 366 924 487 985; x_wconf 83' lang='lat' dir='ltr'><strong>nuptura</strong></span> <span class='ocrx_word' id='word_1_76' title='bbox 510 934 563 986; x_wconf 91' lang='lat' dir='ltr'><strong>pro</strong></span> <span class='ocrx_word' id='word_1_77' title='bbox 586 917 704 968; x_wconf 83' lang='lat' dir='ltr'><strong>utilitate</strong></span> <span class='ocrx_word' id='word_1_78' title='bbox 727 913 907 986; x_wconf 84' lang='lat' dir='ltr'><strong>reipublicae.</strong></span> <span class='ocrx_word' id='word_1_79' title='bbox 940 916 1050 970; x_wconf 79' lang='lat' dir='ltr'><strong>Deinde</strong></span> 
     </span>
     <span class='ocr_line' id='line_1_10' title="bbox 62 982 1048 1057; baseline -0.003 -18"><span class='ocrx_word' id='word_1_80' title='bbox 62 982 120 1053; x_wconf 88' lang='lat' dir='ltr'><strong>oni,</strong></span> <span class='ocrx_word' id='word_1_81' title='bbox 136 988 184 1039; x_wconf 87' lang='lat' dir='ltr'><strong>cui</strong></span> <span class='ocrx_word' id='word_1_82' title='bbox 199 1003 284 1040; x_wconf 80' lang='lat' dir='ltr'><strong>csuae</strong></span> <span class='ocrx_word' id='word_1_83' title='bbox 303 992 365 1038; x_wconf 85' lang='lat' dir='ltr'><strong>sunt</strong></span> <span class='ocrx_word' id='word_1_84' title='bbox 380 987 501 1057; x_wconf 86' lang='lat' dir='ltr'><strong>nuptiae.</strong></span> <span class='ocrx_word' id='word_1_85' title='bbox 535 983 598 1054; x_wconf 89' lang='lat' dir='ltr'><strong>[Alii</strong></span> <span class='ocrx_word' id='word_1_86' title='bbox 615 985 717 1049; x_wconf 89' lang='lat' dir='ltr'><strong>dicunt,</strong></span> <span class='ocrx_word' id='word_1_87' title='bbox 734 982 784 1037; x_wconf 88' lang='lat' dir='ltr'><strong>hos</strong></span> <span class='ocrx_word' id='word_1_88' title='bbox 802 984 868 1037; x_wconf 87' lang='lat' dir='ltr'><strong>deos</strong></span> <span class='ocrx_word' id='word_1_89' title='bbox 886 998 954 1052; x_wconf 82' lang='lat' dir='ltr'><strong>quoe</strong></span> <span class='ocrx_word' id='word_1_90' title='bbox 971 999 1048 1037; x_wconf 87' lang='lat' dir='ltr'><strong>com·</strong></span> 
     </span>
     <span class='ocr_line' id='line_1_11' title="bbox 59 1050 1049 1124; baseline 0 -18"><span class='ocrx_word' id='word_1_91' title='bbox 59 1055 180 1108; x_wconf 83' lang='lat' dir='ltr'><strong>morarit</strong></span> <span class='ocrx_word' id='word_1_92' title='bbox 195 1054 299 1123; x_wconf 85' lang='lat' dir='ltr'><strong>nuptiis</strong></span> <span class='ocrx_word' id='word_1_93' title='bbox 316 1071 374 1108; x_wconf 86' lang='lat' dir='ltr'><strong>esse</strong></span> <span class='ocrx_word' id='word_1_94' title='bbox 397 1050 565 1119; x_wconf 88' lang='lat' dir='ltr'><strong>contrarios,</strong></span> <span class='ocrx_word' id='word_1_95' title='bbox 589 1054 776 1121; x_wconf 82' lang='lat' dir='ltr'>Cereremque</span> <span class='ocrx_word' id='word_1_96' title='bbox 799 1059 914 1122; x_wconf 86' lang='lat' dir='ltr'><strong>propter</strong></span> <span class='ocrx_word' id='word_1_97' title='bbox 936 1063 1049 1124; x_wconf 84' lang='lat' dir='ltr'><strong>raptum</strong></span> 
     </span>
     <span class='ocr_line' id='line_1_12' title="bbox 59 1120 1049 1197; baseline 0 -21"><span class='ocrx_word' id='word_1_98' title='bbox 59 1141 83 1177; x_wconf 75' lang='lat' dir='ltr'><strong>ie</strong></span> <span class='ocrx_word' id='word_1_99' title='bbox 99 1125 213 1197; x_wconf 78' lang='lat' dir='ltr'><strong>nuptias</strong></span> <span class='ocrx_word' id='word_1_100' title='bbox 228 1131 411 1185; x_wconf 67' lang='lat' dir='ltr'><strong>exsecratam</strong></span> <span class='ocrx_word' id='word_1_101' title='bbox 434 1123 476 1176; x_wconf 89' lang='lat' dir='ltr'><strong>vel</strong></span> <span class='ocrx_word' id='word_1_102' title='bbox 492 1134 525 1175; x_wconf 85' lang='lat' dir='ltr'><strong>ex</strong></span> <span class='ocrx_word' id='word_1_103' title='bbox 540 1137 595 1189; x_wconf 91' lang='lat' dir='ltr'><strong>quo</strong></span> <span class='ocrx_word' id='word_1_104' title='bbox 612 1123 668 1174; x_wconf 89' lang='lat' dir='ltr'><strong>lovi</strong></span> <span class='ocrx_word' id='word_1_105' title='bbox 691 1137 729 1173; x_wconf 91' lang='lat' dir='ltr'><strong>nu</strong></span> <span class='ocrx_word' id='word_1_106' title='bbox 748 1129 776 1172; x_wconf 88' lang='lat' dir='ltr'><strong>ta</strong></span> <span class='ocrx_word' id='word_1_107' title='bbox 800 1120 926 1189; x_wconf 82' lang='lat' dir='ltr'><strong>praelata</strong></span> <span class='ocrx_word' id='word_1_108' title='bbox 940 1124 1049 1176; x_wconf 79' lang='lat' dir='ltr'><strong>lunone</strong></span> 
     </span>
     <span class='ocr_line' id='line_1_13' title="bbox 59 1140 1028 1255; baseline -0.003 -10"><span class='ocrx_word' id='word_1_109' title='bbox 59 1190 162 1245; x_wconf 62' lang='lat' dir='ltr'><strong>*uallata</strong></span> <span class='ocrx_word' id='word_1_110' title='bbox 178 1198 235 1254; x_wconf 77' lang='lat' dir='ltr'><strong>est3</strong></span> <span class='ocrx_word' id='word_1_111' title='bbox 257 1207 324 1245; x_wconf 87' lang='lat' dir='ltr'><strong>uam</strong></span> <span class='ocrx_word' id='word_1_112' title='bbox 341 1205 406 1243; x_wconf 91' lang='lat' dir='ltr'><strong>cum</strong></span> <span class='ocrx_word' id='word_1_113' title='bbox 423 1190 569 1243; x_wconf 73' lang='lat' dir='ltr'>Eleusinae</span> <span class='ocrx_word' id='word_1_114' title='bbox 587 1140 747 1255; x_wconf 54' lang='lat' dir='ltr'><strong>(Eleusinei)</strong></span> <span class='ocrx_word' id='word_1_115' title='bbox 756 1190 866 1241; x_wconf 81' lang='lat' dir='ltr'><strong>Cereris</strong></span> <span class='ocrx_word' id='word_1_116' title='bbox 882 1204 993 1240; x_wconf 85' lang='lat' dir='ltr'><strong>sacrum</strong></span> <span class='ocrx_word' id='word_1_117' title='bbox 1008 1191 1028 1242; x_wconf 80' lang='lat' dir='ltr'>fi</span> 
     </span>
    </p>

    <p class='ocr_par' dir='ltr' id='par_1_3' title="bbox 58 1256 1104 3931">
     <span class='ocr_line' id='line_1_14' title="bbox 59 1256 1035 1325; baseline -0.001 -13"><span class='ocrx_word' id='word_1_118' title='bbox 59 1260 93 1313; x_wconf 84' lang='lat' dir='ltr'><strong>les</strong></span> <span class='ocrx_word' id='word_1_119' title='bbox 109 1260 224 1313; x_wconf 81' lang='lat' dir='ltr'><strong>Ismenis</strong></span> <span class='ocrx_word' id='word_1_120' title='bbox 246 1261 398 1322; x_wconf 82' lang='lat' dir='ltr'><strong>clauditur3</strong></span> <span class='ocrx_word' id='word_1_121' title='bbox 420 1259 504 1325; x_wconf 87' lang='lat' dir='ltr'><strong>item,</strong></span> <span class='ocrx_word' id='word_1_122' title='bbox 526 1274 592 1309; x_wconf 89' lang='lat' dir='ltr'><strong>cum</strong></span> <span class='ocrx_word' id='word_1_123' title='bbox 614 1257 714 1309; x_wconf 89' lang='lat' dir='ltr'><strong>lunoni</strong></span> <span class='ocrx_word' id='word_1_124' title='bbox 730 1258 875 1311; x_wconf 79' lang='lat' dir='ltr'>Eleusinae</span> <span class='ocrx_word' id='word_1_125' title='bbox 897 1256 1035 1319; x_wconf 82' lang='lat' dir='ltr'><strong>(Eleusine</strong></span> 
     </span>
     <span class='ocr_line' id='line_1_15' title="bbox 65 1324 1049 1394; baseline -0.003 -13"><span class='ocrx_word' id='word_1_126' title='bbox 65 1336 125 1381; x_wconf 86' lang='lat' dir='ltr'><strong>tem</strong></span> <span class='ocrx_word' id='word_1_127' title='bbox 155 1346 207 1381; x_wconf 87' lang='lat' dir='ltr'><strong>um</strong></span> <span class='ocrx_word' id='word_1_128' title='bbox 219 1328 330 1381; x_wconf 79' lang='lat' dir='ltr'><strong>Cereris</strong></span> <span class='ocrx_word' id='word_1_129' title='bbox 345 1326 490 1394; x_wconf 85' lang='lat' dir='ltr'><strong>clauditur,</strong></span> <span class='ocrx_word' id='word_1_130' title='bbox 506 1342 559 1379; x_wconf 91' lang='lat' dir='ltr'><strong>nec</strong></span> <span class='ocrx_word' id='word_1_131' title='bbox 576 1326 711 1379; x_wconf 82' lang='lat' dir='ltr'><strong>sacerdoti</strong></span> <span class='ocrx_word' id='word_1_132' title='bbox 726 1325 838 1378; x_wconf 84' lang='lat' dir='ltr'><strong>lunonis</strong></span> <span class='ocrx_word' id='word_1_133' title='bbox 853 1324 920 1377; x_wconf 88' lang='lat' dir='ltr'><strong>licet</strong></span> <span class='ocrx_word' id='word_1_134' title='bbox 935 1336 1049 1393; x_wconf 76' lang='lat' dir='ltr'><strong>gustare</strong></span> 
     </span>
     <span class='ocr_line' id='line_1_16' title="bbox 59 1387 1049 1462; baseline -0.003 -13"><span class='ocrx_word' id='word_1_135' title='bbox 59 1392 86 1449; x_wconf 84' lang='lat' dir='ltr'><strong>ie</strong></span> <span class='ocrx_word' id='word_1_136' title='bbox 152 1392 212 1451; x_wconf 82' lang='lat' dir='ltr'><strong>reri</strong></span> <span class='ocrx_word' id='word_1_137' title='bbox 233 1397 269 1449; x_wconf 90' lang='lat' dir='ltr'><strong>sit</strong></span> <span class='ocrx_word' id='word_1_138' title='bbox 292 1391 417 1448; x_wconf 87' lang='lat' dir='ltr'><strong>libatum.</strong></span> <span class='ocrx_word' id='word_1_139' title='bbox 451 1397 488 1446; x_wconf 91' lang='lat' dir='ltr'><strong>Et</strong></span> <span class='ocrx_word' id='word_1_140' title='bbox 509 1395 617 1447; x_wconf 87' lang='lat' dir='ltr'><strong>llomae</strong></span> <span class='ocrx_word' id='word_1_141' title='bbox 642 1407 707 1445; x_wconf 88' lang='lat' dir='ltr'><strong>cum</strong></span> <span class='ocrx_word' id='word_1_142' title='bbox 731 1394 843 1446; x_wconf 85' lang='lat' dir='ltr'><strong>Cereris</strong></span> <span class='ocrx_word' id='word_1_143' title='bbox 865 1409 945 1446; x_wconf 81' lang='lat' dir='ltr'><strong>saera</strong></span> <span class='ocrx_word' id='word_1_144' title='bbox 968 1387 1049 1462; x_wconf 83' lang='lat' dir='ltr'><strong>liunt,</strong></span> 
     </span>
     <span class='ocr_line' id='line_1_17' title="bbox 59 1456 1048 1534; baseline -0.001 -17"><span class='ocrx_word' id='word_1_145' title='bbox 59 1472 175 1517; x_wconf 76' lang='lat' dir='ltr'><strong>ervatm</strong></span> <span class='ocrx_word' id='word_1_146' title='bbox 205 1481 242 1518; x_wconf 84' lang='lat' dir='ltr'><strong>no</strong></span> <span class='ocrx_word' id='word_1_147' title='bbox 265 1466 326 1534; x_wconf 80' lang='lat' dir='ltr'><strong>quis</strong></span> <span class='ocrx_word' id='word_1_148' title='bbox 349 1473 462 1534; x_wconf 85' lang='lat' dir='ltr'><strong>patrem</strong></span> <span class='ocrx_word' id='word_1_149' title='bbox 486 1471 534 1516; x_wconf 85' lang='lat' dir='ltr'><strong>aut</strong></span> <span class='ocrx_word' id='word_1_150' title='bbox 563 1462 649 1515; x_wconf 85' lang='lat' dir='ltr'><strong>filiam</strong></span> <span class='ocrx_word' id='word_1_151' title='bbox 674 1460 817 1522; x_wconf 80' lang='lat' dir='ltr'><strong>nominet,</strong></span> <span class='ocrx_word' id='word_1_152' title='bbox 844 1456 918 1529; x_wconf 81' lang='lat' dir='ltr'><strong>quod</strong></span> <span class='ocrx_word' id='word_1_153' title='bbox 941 1463 1048 1516; x_wconf 83' lang='lat' dir='ltr'><strong>fructus</strong></span> 
     </span>
     <span class='ocr_line' id='line_1_18' title="bbox 59 1526 1050 1603; baseline -0.003 -16"><span class='ocrx_word' id='word_1_154' title='bbox 59 1530 187 1587; x_wconf 76' lang='lat' dir='ltr'><strong>mmouii</strong></span> <span class='ocrx_word' id='word_1_155' title='bbox 209 1547 262 1603; x_wconf 82' lang='lat' dir='ltr'><strong>per</strong></span> <span class='ocrx_word' id='word_1_156' title='bbox 285 1533 386 1586; x_wconf 87' lang='lat' dir='ltr'><strong>liberos</strong></span> <span class='ocrx_word' id='word_1_157' title='bbox 409 1540 524 1585; x_wconf 84' lang='lat' dir='ltr'><strong>constet.</strong></span> <span class='ocrx_word' id='word_1_158' title='bbox 555 1528 711 1602; x_wconf 81' lang='lat' dir='ltr'><strong>Apollinem</strong></span> <span class='ocrx_word' id='word_1_159' title='bbox 734 1539 763 1584; x_wconf 91' lang='lat' dir='ltr'><strong>et</strong></span> <span class='ocrx_word' id='word_1_160' title='bbox 778 1526 915 1585; x_wconf 78' lang='lat' dir='ltr'><strong>Liberum</strong></span> <span class='ocrx_word' id='word_1_161' title='bbox 937 1539 1050 1584; x_wconf 79' lang='lat' dir='ltr'><strong>contra·</strong></span> 
     </span>
     <span class='ocr_line' id='line_1_19' title="bbox 58 1597 1050 1672; baseline 0.001 -22"><span class='ocrx_word' id='word_1_162' title='bbox 58 1601 196 1672; x_wconf 75' lang='lat' dir='ltr'><strong>snrrptiis</strong></span> <span class='ocrx_word' id='word_1_163' title='bbox 218 1600 327 1667; x_wconf 67' lang='lat' dir='ltr'><strong>dicauit,</strong></span> <span class='ocrx_word' id='word_1_164' title='bbox 356 1601 431 1670; x_wconf 82' lang='lat' dir='ltr'><strong>quod</strong></span> <span class='ocrx_word' id='word_1_165' title='bbox 458 1601 507 1654; x_wconf 89' lang='lat' dir='ltr'><strong>ille</strong></span> <span class='ocrx_word' id='word_1_166' title='bbox 530 1615 626 1670; x_wconf 82' lang='lat' dir='ltr'><strong>expers</strong></span> <span class='ocrx_word' id='word_1_167' title='bbox 648 1597 739 1651; x_wconf 84' lang='lat' dir='ltr'><strong>uxoris</strong></span> <span class='ocrx_word' id='word_1_168' title='bbox 762 1598 870 1666; x_wconf 80' lang='lat' dir='ltr'><strong>vulgari</strong></span> <span class='ocrx_word' id='word_1_169' title='bbox 892 1613 989 1650; x_wconf 85' lang='lat' dir='ltr'><strong>amore</strong></span> <span class='ocrx_word' id='word_1_170' title='bbox 1012 1600 1050 1651; x_wconf 86' lang='lat' dir='ltr'><strong>sit</strong></span> 
     </span>
     <span class='ocr_line' id='line_1_20' title="bbox 59 1664 1078 1735; baseline -0.003 -15"><span class='ocrx_word' id='word_1_171' title='bbox 59 1684 92 1735; x_wconf 83' lang='lat' dir='ltr'><strong>u,</strong></span> <span class='ocrx_word' id='word_1_172' title='bbox 111 1668 167 1722; x_wconf 77' lang='lat' dir='ltr'><strong>iste</strong></span> <span class='ocrx_word' id='word_1_173' title='bbox 188 1666 264 1721; x_wconf 87' lang='lat' dir='ltr'><strong>iuter</strong></span> <span class='ocrx_word' id='word_1_174' title='bbox 280 1670 402 1722; x_wconf 81' lang='lat' dir='ltr'><strong>Bacchas</strong></span> <span class='ocrx_word' id='word_1_175' title='bbox 427 1685 484 1722; x_wconf 90' lang='lat' dir='ltr'><strong>non</strong></span> <span class='ocrx_word' id='word_1_176' title='bbox 507 1668 562 1720; x_wconf 86' lang='lat' dir='ltr'><strong>fida</strong></span> <span class='ocrx_word' id='word_1_177' title='bbox 579 1667 718 1720; x_wconf 83' lang='lat' dir='ltr'><strong>connubia</strong></span> <span class='ocrx_word' id='word_1_178' title='bbox 735 1668 783 1720; x_wconf 87' lang='lat' dir='ltr'><strong>s&#39;ed</strong></span> <span class='ocrx_word' id='word_1_179' title='bbox 799 1675 895 1733; x_wconf 86' lang='lat' dir='ltr'><strong>stupra</strong></span> <span class='ocrx_word' id='word_1_180' title='bbox 912 1675 1050 1734; x_wconf 82' lang='lat' dir='ltr'><strong>exerceat,</strong></span> <span class='ocrx_word' id='word_1_181' title='bbox 1075 1664 1078 1673; x_wconf 91' lang='lat'>&#39;</span> 
     </span>
     <span class='ocr_line' id='line_1_21' title="bbox 59 1732 1050 1806; baseline 0.002 -20"><span class='ocrx_word' id='word_1_182' title='bbox 59 1752 67 1786; x_wconf 83' lang='grc' dir='ltr'><strong>ι</strong></span> <span class='ocrx_word' id='word_1_183' title='bbox 87 1732 141 1789; x_wconf 86' lang='lat' dir='ltr'><strong>nisi</strong></span> <span class='ocrx_word' id='word_1_184' title='bbox 163 1744 275 1806; x_wconf 85' lang='lat' dir='ltr'><strong>raptam</strong></span> <span class='ocrx_word' id='word_1_185' title='bbox 299 1735 448 1806; x_wconf 81' lang='lat' dir='ltr'><strong>coniugem</strong></span> <span class='ocrx_word' id='word_1_186' title='bbox 469 1735 575 1790; x_wconf 85' lang='lat' dir='ltr'><strong>habere</strong></span> <span class='ocrx_word' id='word_1_187' title='bbox 599 1736 729 1805; x_wconf 85' lang='lat' dir='ltr'><strong>potuerit.</strong></span> <span class='ocrx_word' id='word_1_188' title='bbox 760 1732 836 1787; x_wconf 84' lang='lat' dir='ltr'><strong>Male</strong></span> <span class='ocrx_word' id='word_1_189' title='bbox 854 1750 921 1803; x_wconf 83' lang='lat' dir='ltr'><strong>ergo</strong></span> <span class='ocrx_word' id='word_1_190' title='bbox 938 1736 1050 1788; x_wconf 86' lang='lat' dir='ltr'><strong>invocat</strong></span> 
     </span>
     <span class='ocr_line' id='line_1_22' title="bbox 59 1800 1050 1877; baseline -0.002 -19"><span class='ocrx_word' id='word_1_191' title='bbox 59 1820 64 1853; x_wconf 80' lang='grc' dir='ltr'><strong>ι</strong></span> <span class='ocrx_word' id='word_1_192' title='bbox 85 1801 174 1873; x_wconf 84' lang='lat' dir='ltr'><strong>Dido,</strong></span> <span class='ocrx_word' id='word_1_193' title='bbox 199 1822 270 1875; x_wconf 69' lang='lat' dir='ltr'><strong>qliae</strong></span> <span class='ocrx_word' id='word_1_194' title='bbox 292 1804 346 1858; x_wconf 87' lang='lat' dir='ltr'><strong>sibi</strong></span> <span class='ocrx_word' id='word_1_195' title='bbox 369 1806 478 1877; x_wconf 84' lang='lat' dir='ltr'><strong>nuptias</strong></span> <span class='ocrx_word' id='word_1_196' title='bbox 502 1809 578 1876; x_wconf 86' lang='lat' dir='ltr'><strong>optat</strong></span> <span class='ocrx_word' id='word_1_197' title='bbox 600 1811 724 1866; x_wconf 60' lang='lat' dir='ltr'><strong>Aeneam</strong></span> <span class='ocrx_word' id='word_1_198' title='bbox 748 1800 796 1855; x_wconf 75' lang='lat' dir='ltr'><strong>secl</strong></span> <span class='ocrx_word' id='word_1_199' title='bbox 818 1804 889 1854; x_wconf 83' lang='lat' dir='ltr'><strong>sicut</strong></span> <span class='ocrx_word' id='word_1_200' title='bbox 910 1804 1050 1874; x_wconf 84' lang='lat' dir='ltr'><strong>prosperis</strong></span> 
     </span>
     <span class='ocr_line' id='line_1_23' title="bbox 59 1863 1050 1941; baseline -0.002 -16"><span class='ocrx_word' id='word_1_201' title='bbox 59 1888 80 1939; x_wconf 85' lang='grc' dir='ltr'><strong>ι,</strong></span> <span class='ocrx_word' id='word_1_202' title='bbox 101 1876 134 1925; x_wconf 86' lang='lat' dir='ltr'><strong>ut</strong></span> <span class='ocrx_word' id='word_1_203' title='bbox 154 1873 263 1939; x_wconf 69' lang='lat' dir='ltr'><strong>iterent,</strong></span> <span class='ocrx_word' id='word_1_204' title='bbox 285 1874 325 1926; x_wconf 81' lang='lat' dir='ltr'><strong>ita</strong></span> <span class='ocrx_word' id='word_1_205' title='bbox 347 1875 481 1941; x_wconf 84' lang='lat' dir='ltr'><strong>adversis,</strong></span> <span class='ocrx_word' id='word_1_206' title='bbox 509 1892 545 1925; x_wconf 88' lang='lat' dir='ltr'><strong>ne</strong></span> <span class='ocrx_word' id='word_1_207' title='bbox 569 1872 673 1939; x_wconf 88' lang='lat' dir='ltr'><strong>obsint,</strong></span> <span class='ocrx_word' id='word_1_208' title='bbox 696 1863 907 1923; x_wconf 76' lang='lat' dir='ltr'><strong>sacrificandum</strong></span> <span class='ocrx_word' id='word_1_209' title='bbox 933 1880 987 1937; x_wconf 86' lang='lat' dir='ltr'><strong>est,</strong></span> <span class='ocrx_word' id='word_1_210' title='bbox 1017 1879 1050 1923; x_wconf 86' lang='lat' dir='ltr'><strong>ut</strong></span> 
     </span>
     <span class='ocr_line' id='line_1_24' title="bbox 75 1939 1046 2011; baseline -0.01 -11"><span class='ocrx_word' id='word_1_211' title='bbox 75 1941 163 2005; x_wconf 78' lang='lat' dir='ltr'><strong>120.)t</strong></span> <span class='ocrx_word' id='word_1_212' title='bbox 191 1942 314 2011; x_wconf 80' lang='lat' dir='ltr'><strong>Nigrum</strong></span> <span class='ocrx_word' id='word_1_213' title='bbox 338 1940 425 1994; x_wconf 80' lang='lat' dir='ltr'><strong>hiemi</strong></span> <span class='ocrx_word' id='word_1_214' title='bbox 447 1941 593 2011; x_wconf 80' lang='lat' dir='ltr'><strong>pecudem,</strong></span> <span class='ocrx_word' id='word_1_215' title='bbox 614 1940 759 2008; x_wconf 79' lang='lat' dir='ltr'><strong>Zephyris</strong></span> <span class='ocrx_word' id='word_1_216' title='bbox 779 1939 918 2008; x_wconf 74' lang='lat' dir='ltr'><strong>felicibus</strong></span> <span class='ocrx_word' id='word_1_217' title='bbox 943 1942 1046 1995; x_wconf 84' lang='lat' dir='ltr'><strong>albam.</strong></span> 
     </span>
     <span class='ocr_line' id='line_1_25' title="bbox 59 2006 1088 2079; baseline 0.002 -18"><span class='ocrx_word' id='word_1_218' title='bbox 59 2008 68 2060; x_wconf 92' lang='lat' dir='ltr'><strong>i</strong></span> <span class='ocrx_word' id='word_1_219' title='bbox 83 2010 181 2062; x_wconf 82' lang='lat' dir='ltr'><strong>dicunt</strong></span> <span class='ocrx_word' id='word_1_220' title='bbox 202 2010 295 2065; x_wconf 83' lang='lat' dir='ltr'><strong>favere</strong></span> <span class='ocrx_word' id='word_1_221' title='bbox 312 2008 416 2079; x_wconf 87' lang='lat' dir='ltr'><strong>nuptiis</strong></span> <span class='ocrx_word' id='word_1_222' title='bbox 433 2013 582 2075; x_wconf 79' lang='lat' dir='ltr'><strong>Cererem,</strong></span> <span class='ocrx_word' id='word_1_223' title='bbox 625 2009 679 2060; x_wconf 90' lang='lat' dir='ltr'><strong>uod</strong></span> <span class='ocrx_word' id='word_1_224' title='bbox 696 2006 787 2079; x_wconf 85' lang='lat' dir='ltr'><strong>prima</strong></span> <span class='ocrx_word' id='word_1_225' title='bbox 803 2008 930 2078; x_wconf 74' lang='lat' dir='ltr'><strong>nupserit</strong></span> <span class='ocrx_word' id='word_1_226' title='bbox 944 2006 1001 2061; x_wconf 86' lang='lat' dir='ltr'><strong>Iovi</strong></span> <span class='ocrx_word' id='word_1_227' title='bbox 1018 2018 1049 2063; x_wconf 90' lang='lat' dir='ltr'><strong>et</strong></span> <span class='ocrx_word' id='word_1_228' title='bbox 1086 2044 1088 2049; x_wconf 92' lang='lat'><em>-</em></span> 
     </span>
     <span class='ocr_line' id='line_1_26' title="bbox 59 2028 1049 2150; baseline 0.003 -21"><span class='ocrx_word' id='word_1_229' title='bbox 59 2072 163 2130; x_wconf 75' lang='lat' dir='ltr'><strong>scientiis</strong></span> <span class='ocrx_word' id='word_1_230' title='bbox 178 2079 295 2132; x_wconf 81' lang='lat' dir='ltr'><strong>urbibus</strong></span> <span class='ocrx_word' id='word_1_231' title='bbox 311 2077 428 2150; x_wconf 78' lang='lat' dir='ltr'><strong>praesit,</strong></span> <span class='ocrx_word' id='word_1_232' title='bbox 444 2088 476 2130; x_wconf 87' lang='lat' dir='ltr'><strong>ut</strong></span> <span class='ocrx_word' id='word_1_233' title='bbox 492 2080 589 2132; x_wconf 83' lang='lat' dir='ltr'><strong>Calvus</strong></span> <span class='ocrx_word' id='word_1_234' title='bbox 605 2028 701 2130; x_wconf 72' lang='lat' dir='ltr'><strong>docet:</strong></span> <span class='ocrx_word' id='word_1_235' title='bbox 725 2075 759 2127; x_wconf 84' lang='grc' dir='ltr'><strong>Ει</strong></span> <span class='ocrx_word' id='word_1_236' title='bbox 776 2079 849 2144; x_wconf 80' lang='lat' dir='ltr'><strong>leges</strong></span> <span class='ocrx_word' id='word_1_237' title='bbox 867 2089 982 2128; x_wconf 81' lang='lat' dir='ltr'><strong>sanctas</strong></span> <span class='ocrx_word' id='word_1_238' title='bbox 1000 2079 1049 2132; x_wconf 89' lang='lat' dir='ltr'><strong>do·</strong></span> 
     </span>
     <span class='ocr_line' id='line_1_27' title="bbox 58 2146 1048 2218; baseline 0.004 -22"><span class='ocrx_word' id='word_1_239' title='bbox 58 2149 88 2211; x_wconf 85' lang='lat' dir='ltr'><strong>t,</strong></span> <span class='ocrx_word' id='word_1_240' title='bbox 111 2155 139 2199; x_wconf 85' lang='lat' dir='ltr'><strong>rt</strong></span> <span class='ocrx_word' id='word_1_241' title='bbox 161 2159 229 2198; x_wconf 85' lang='lat' dir='ltr'><strong>caro</strong></span> <span class='ocrx_word' id='word_1_242' title='bbox 254 2148 367 2218; x_wconf 85' lang='lat' dir='ltr'><strong>iugavit</strong></span> <span class='ocrx_word' id='word_1_243' title='bbox 385 2147 509 2215; x_wconf 81' lang='lat' dir='ltr'><strong>Corpore</strong></span> <span class='ocrx_word' id='word_1_244' title='bbox 535 2146 704 2212; x_wconf 80' lang='lat' dir='ltr'><strong>connubiis,</strong></span> <span class='ocrx_word' id='word_1_245' title='bbox 726 2157 751 2197; x_wconf 85' lang='lat' dir='ltr'><strong>et</strong></span> <span class='ocrx_word' id='word_1_246' title='bbox 775 2162 896 2214; x_wconf 85' lang='lat' dir='ltr'><strong>magnos</strong></span> <span class='ocrx_word' id='word_1_247' title='bbox 919 2147 1048 2200; x_wconf 78' lang='lat' dir='ltr'><strong>condidit</strong></span> 
     </span>
     <span class='ocr_line' id='line_1_28' title="bbox 59 2212 1049 2284; baseline 0.006 -19"><span class='ocrx_word' id='word_1_248' title='bbox 59 2212 106 2266; x_wconf 82' lang='lat' dir='ltr'><strong>irs.</strong></span> <span class='ocrx_word' id='word_1_249' title='bbox 140 2215 215 2268; x_wconf 80' lang='lat' dir='ltr'><strong>Nam</strong></span> <span class='ocrx_word' id='word_1_250' title='bbox 231 2214 295 2269; x_wconf 90' lang='lat' dir='ltr'><strong>ideo</strong></span> <span class='ocrx_word' id='word_1_251' title='bbox 312 2225 341 2271; x_wconf 91' lang='lat' dir='ltr'><strong>et</strong></span> <span class='ocrx_word' id='word_1_252' title='bbox 356 2215 442 2269; x_wconf 81' lang='lat' dir='ltr'><strong>aratri</strong></span> <span class='ocrx_word' id='word_1_253' title='bbox 458 2214 533 2267; x_wconf 87' lang='lat' dir='ltr'><strong>sulco</strong></span> <span class='ocrx_word' id='word_1_254' title='bbox 551 2217 687 2268; x_wconf 82' lang='lat' dir='ltr'><strong>clauditur</strong></span> <span class='ocrx_word' id='word_1_255' title='bbox 704 2213 810 2281; x_wconf 77' lang='lat' dir='ltr'><strong>civiter,</strong></span> <span class='ocrx_word' id='word_1_256' title='bbox 832 2215 875 2267; x_wconf 90' lang='lat' dir='ltr'><strong>vel</strong></span> <span class='ocrx_word' id='word_1_257' title='bbox 891 2216 966 2284; x_wconf 83' lang='lat' dir='ltr'><strong>quod</strong></span> <span class='ocrx_word' id='word_1_258' title='bbox 983 2235 1049 2271; x_wconf 88' lang='lat' dir='ltr'><strong>ean·</strong></span> 
     </span>
     <span class='ocr_line' id='line_1_29' title="bbox 59 2282 1049 2351; baseline 0.006 -18"><span class='ocrx_word' id='word_1_259' title='bbox 59 2299 80 2333; x_wconf 87' lang='lat' dir='ltr'><strong>n</strong></span> <span class='ocrx_word' id='word_1_260' title='bbox 95 2283 218 2337; x_wconf 82' lang='lat' dir='ltr'><strong>Terram</strong></span> <span class='ocrx_word' id='word_1_261' title='bbox 233 2286 342 2351; x_wconf 80' lang='lat' dir='ltr'><strong>volunt,</strong></span> <span class='ocrx_word' id='word_1_262' title='bbox 364 2291 392 2337; x_wconf 90' lang='lat' dir='ltr'><strong>et</strong></span> <span class='ocrx_word' id='word_1_263' title='bbox 414 2282 444 2337; x_wconf 90' lang='lat' dir='ltr'><strong>in</strong></span> <span class='ocrx_word' id='word_1_264' title='bbox 463 2284 561 2338; x_wconf 85' lang='lat' dir='ltr'><strong>eadem</strong></span> <span class='ocrx_word' id='word_1_265' title='bbox 577 2284 660 2336; x_wconf 87' lang='lat' dir='ltr'><strong>urbes</strong></span> <span class='ocrx_word' id='word_1_266' title='bbox 678 2292 833 2335; x_wconf 82' lang='lat' dir='ltr'><strong>exstructas.</strong></span> <span class='ocrx_word' id='word_1_267' title='bbox 868 2282 1001 2336; x_wconf 85' lang='lat' dir='ltr'><strong>Similiter</strong></span> <span class='ocrx_word' id='word_1_268' title='bbox 1019 2292 1049 2339; x_wconf 83' lang='lat' dir='ltr'><strong>et</strong></span> 
     </span>
     <span class='ocr_line' id='line_1_30' title="bbox 59 2351 1048 2425; baseline 0.002 -21"><span class='ocrx_word' id='word_1_269' title='bbox 59 2366 100 2404; x_wconf 78' lang='lat' dir='ltr'><strong>ser</strong></span> <span class='ocrx_word' id='word_1_270' title='bbox 116 2359 233 2423; x_wconf 87' lang='lat' dir='ltr'><strong>propter</strong></span> <span class='ocrx_word' id='word_1_271' title='bbox 249 2354 399 2422; x_wconf 78' lang='lat' dir='ltr'><strong>Marsyam,</strong></span> <span class='ocrx_word' id='word_1_272' title='bbox 414 2355 485 2405; x_wconf 88' lang='lat' dir='ltr'><strong>sicut</strong></span> <span class='ocrx_word' id='word_1_273' title='bbox 501 2352 688 2425; x_wconf 84' lang='lat' dir='ltr'><strong>supradictum</strong></span> <span class='ocrx_word' id='word_1_274' title='bbox 706 2360 761 2415; x_wconf 66' lang='lat' dir='ltr'><strong>esta</strong></span> <span class='ocrx_word' id='word_1_275' title='bbox 777 2351 878 2404; x_wconf 88' lang='lat' dir='ltr'><strong>merito</strong></span> <span class='ocrx_word' id='word_1_276' title='bbox 896 2359 925 2404; x_wconf 87' lang='lat' dir='ltr'><strong>et</strong></span> <span class='ocrx_word' id='word_1_277' title='bbox 937 2354 1048 2424; x_wconf 78' lang='lat' dir='ltr'><strong>Apollot</strong></span> 
     </span>
     <span class='ocr_line' id='line_1_31' title="bbox 59 2420 1048 2490; baseline 0.003 -18"><span class='ocrx_word' id='word_1_278' title='bbox 59 2434 78 2470; x_wconf 86' lang='lat' dir='ltr'><strong>u</strong></span> <span class='ocrx_word' id='word_1_279' title='bbox 94 2425 124 2472; x_wconf 83' lang='lat' dir='ltr'><strong>et</strong></span> <span class='ocrx_word' id='word_1_280' title='bbox 138 2420 168 2474; x_wconf 88' lang='lat' dir='ltr'><strong>iu</strong></span> <span class='ocrx_word' id='word_1_281' title='bbox 187 2435 252 2475; x_wconf 83' lang='lat' dir='ltr'><strong>arce</strong></span> <span class='ocrx_word' id='word_1_282' title='bbox 269 2420 323 2476; x_wconf 90' lang='lat' dir='ltr'><strong>coli</strong></span> <span class='ocrx_word' id='word_1_283' title='bbox 340 2420 423 2487; x_wconf 87' lang='lat' dir='ltr'><strong>solet,</strong></span> <span class='ocrx_word' id='word_1_284' title='bbox 441 2431 469 2475; x_wconf 90' lang='lat' dir='ltr'><strong>et</strong></span> <span class='ocrx_word' id='word_1_285' title='bbox 485 2438 579 2474; x_wconf 85' lang='lat' dir='ltr'><strong>muros</strong></span> <span class='ocrx_word' id='word_1_286' title='bbox 597 2421 725 2472; x_wconf 81' lang='lat' dir='ltr'><strong>Troianis</strong></span> <span class='ocrx_word' id='word_1_287' title='bbox 741 2420 865 2473; x_wconf 77' lang='lat' dir='ltr'><strong>instituit</strong></span> <span class='ocrx_word' id='word_1_288' title='bbox 898 2423 962 2475; x_wconf 68' lang='lat' dir='ltr'><strong>leue</strong></span> <span class='ocrx_word' id='word_1_289' title='bbox 980 2428 1048 2490; x_wconf 75' lang='lat' dir='ltr'><strong>ergo</strong></span> 
     </span>
     <span class='ocr_line' id='line_1_32' title="bbox 59 2489 1049 2558; baseline 0.004 -18"><span class='ocrx_word' id='word_1_290' title='bbox 59 2503 132 2540; x_wconf 82' lang='lat' dir='ltr'><strong>nove</strong></span> <span class='ocrx_word' id='word_1_291' title='bbox 149 2489 220 2543; x_wconf 86' lang='lat' dir='ltr'><strong>urbe</strong></span> <span class='ocrx_word' id='word_1_292' title='bbox 235 2491 279 2543; x_wconf 82' lang='lat' dir='ltr'><strong>his</strong></span> <span class='ocrx_word' id='word_1_293' title='bbox 294 2507 373 2545; x_wconf 85' lang='lat' dir='ltr'><strong>sacra</strong></span> <span class='ocrx_word' id='word_1_294' title='bbox 390 2491 472 2542; x_wconf 80' lang='lat' dir='ltr'><strong>nunt:</strong></span> <span class='ocrx_word' id='word_1_295' title='bbox 496 2492 595 2543; x_wconf 89' lang='lat' dir='ltr'><strong>lunoni</strong></span> <span class='ocrx_word' id='word_1_296' title='bbox 612 2492 649 2541; x_wconf 91' lang='lat' dir='ltr'><strong>du</strong></span> <span class='ocrx_word' id='word_1_297' title='bbox 669 2489 715 2540; x_wconf 90' lang='lat' dir='ltr'><strong>lici</strong></span> <span class='ocrx_word' id='word_1_298' title='bbox 731 2504 828 2555; x_wconf 86' lang='lat' dir='ltr'><strong>causa,</strong></span> <span class='ocrx_word' id='word_1_299' title='bbox 852 2490 917 2558; x_wconf 87' lang='lat' dir='ltr'><strong>quio</strong></span> <span class='ocrx_word' id='word_1_300' title='bbox 934 2498 963 2543; x_wconf 91' lang='lat' dir='ltr'><strong>et</strong></span> <span class='ocrx_word' id='word_1_301' title='bbox 979 2493 1049 2544; x_wconf 81' lang='lat' dir='ltr'><strong>Car·</strong></span> 
     </span>
     <span class='ocr_line' id='line_1_33' title="bbox 59 2554 1047 2627; baseline 0.003 -19"><span class='ocrx_word' id='word_1_302' title='bbox 59 2554 124 2624; x_wconf 80' lang='lat' dir='ltr'><strong>‚gini</strong></span> <span class='ocrx_word' id='word_1_303' title='bbox 147 2563 274 2627; x_wconf 75' lang='lat' dir='ltr'><strong>praeest,</strong></span> <span class='ocrx_word' id='word_1_304' title='bbox 299 2568 327 2613; x_wconf 87' lang='lat' dir='ltr'><strong>et</strong></span> <span class='ocrx_word' id='word_1_305' title='bbox 349 2559 529 2611; x_wconf 85' lang='lat' dir='ltr'><strong>matrimonia</strong></span> <span class='ocrx_word' id='word_1_306' title='bbox 553 2558 619 2622; x_wconf 80' lang='lat' dir='ltr'><strong>dat]</strong></span> <span class='ocrx_word' id='word_1_307' title='bbox 678 2565 701 2608; x_wconf 85' lang='lat' dir='ltr'><strong>st</strong></span> <span class='ocrx_word' id='word_1_308' title='bbox 725 2558 811 2610; x_wconf 81' lang='lat' dir='ltr'><strong>etiam</strong></span> <span class='ocrx_word' id='word_1_309' title='bbox 835 2572 928 2610; x_wconf 85' lang='lat' dir='ltr'><strong>sensus</strong></span> <span class='ocrx_word' id='word_1_310' title='bbox 951 2560 1047 2613; x_wconf 74' lang='lat' dir='ltr'><strong>altiora</strong></span> 
     </span>
     <span class='ocr_line' id='line_1_34' title="bbox 59 2624 1050 2698; baseline 0.005 -22"><span class='ocrx_word' id='word_1_311' title='bbox 59 2642 84 2676; x_wconf 85' lang='lat' dir='ltr'><strong>m</strong></span> <span class='ocrx_word' id='word_1_312' title='bbox 100 2624 204 2678; x_wconf 79' lang='lat' dir='ltr'><strong>facturi</strong></span> <span class='ocrx_word' id='word_1_313' title='bbox 219 2627 337 2698; x_wconf 85' lang='lat' dir='ltr'><strong>aliquid,</strong></span> <span class='ocrx_word' id='word_1_314' title='bbox 360 2635 424 2679; x_wconf 85' lang='lat' dir='ltr'><strong>ante</strong></span> <span class='ocrx_word' id='word_1_315' title='bbox 441 2628 566 2680; x_wconf 80' lang='lat' dir='ltr'><strong>adversos</strong></span> <span class='ocrx_word' id='word_1_316' title='bbox 583 2629 724 2698; x_wconf 78' lang='lat' dir='ltr'><strong>placamus</strong></span> <span class='ocrx_word' id='word_1_317' title='bbox 740 2627 820 2678; x_wconf 89' lang='lat' dir='ltr'><strong>deos:</strong></span> <span class='ocrx_word' id='word_1_318' title='bbox 843 2633 872 2678; x_wconf 90' lang='lat' dir='ltr'><strong>et</strong></span> <span class='ocrx_word' id='word_1_319' title='bbox 894 2624 931 2677; x_wconf 85' lang='lat' dir='ltr'><strong>sic</strong></span> <span class='ocrx_word' id='word_1_320' title='bbox 955 2626 1050 2696; x_wconf 88' lang='lat' dir='ltr'><strong>propi·</strong></span> 
     </span>
     <span class='ocr_line' id='line_1_35' title="bbox 59 2692 1048 2765; baseline 0.004 -20"><span class='ocrx_word' id='word_1_321' title='bbox 59 2693 254 2748; x_wconf 78' lang='lat' dir='ltr'><strong>1invocamusz</strong></span> <span class='ocrx_word' id='word_1_322' title='bbox 279 2705 322 2750; x_wconf 86' lang='lat' dir='ltr'><strong>ut:</strong></span> <span class='ocrx_word' id='word_1_323' title='bbox 346 2693 468 2763; x_wconf 82' lang='lat' dir='ltr'><strong>Nigrum</strong></span> <span class='ocrx_word' id='word_1_324' title='bbox 486 2693 573 2747; x_wconf 82' lang='lat' dir='ltr'><strong>hiemi</strong></span> <span class='ocrx_word' id='word_1_325' title='bbox 588 2696 733 2762; x_wconf 79' lang='lat' dir='ltr'><strong>pecudem,</strong></span> <span class='ocrx_word' id='word_1_326' title='bbox 751 2692 896 2763; x_wconf 82' lang='lat' dir='ltr'><strong>Zephyris</strong></span> <span class='ocrx_word' id='word_1_327' title='bbox 908 2696 1048 2765; x_wconf 74' lang='lat' dir='ltr'><strong>felicibus</strong></span> 
     </span>
     <span class='ocr_line' id='line_1_36' title="bbox 59 2764 1049 2836; baseline 0.006 -23"><span class='ocrx_word' id='word_1_328' title='bbox 59 2780 116 2815; x_wconf 78' lang='lat' dir='ltr'><strong>am.</strong></span> <span class='ocrx_word' id='word_1_329' title='bbox 150 2764 225 2833; x_wconf 76' lang='lat' dir='ltr'><strong>Ergo</strong></span> <span class='ocrx_word' id='word_1_330' title='bbox 243 2767 328 2818; x_wconf 88' lang='lat' dir='ltr'><strong>modo</strong></span> <span class='ocrx_word' id='word_1_331' title='bbox 344 2772 465 2832; x_wconf 82' lang='lat' dir='ltr'><strong>nuptura</strong></span> <span class='ocrx_word' id='word_1_332' title='bbox 484 2766 574 2835; x_wconf 87' lang='lat' dir='ltr'><strong>placat</strong></span> <span class='ocrx_word' id='word_1_333' title='bbox 591 2772 655 2815; x_wconf 84' lang='lat' dir='ltr'><strong>ante</strong></span> <span class='ocrx_word' id='word_1_334' title='bbox 674 2764 822 2815; x_wconf 84' lang='lat' dir='ltr'><strong>Cererem:</strong></span> <span class='ocrx_word' id='word_1_335' title='bbox 844 2779 916 2832; x_wconf 69' lang='lat' dir='ltr'><strong>qliae</strong></span> <span class='ocrx_word' id='word_1_336' title='bbox 933 2774 1049 2836; x_wconf 86' lang='lat' dir='ltr'><strong>propter</strong></span> 
     </span>
     <span class='ocr_line' id='line_1_37' title="bbox 59 2828 1049 2905; baseline 0.004 -23"><span class='ocrx_word' id='word_1_337' title='bbox 59 2839 127 2882; x_wconf 75' lang='lat' dir='ltr'><strong>»tum</strong></span> <span class='ocrx_word' id='word_1_338' title='bbox 150 2831 223 2886; x_wconf 86' lang='lat' dir='ltr'><strong>filiae</strong></span> <span class='ocrx_word' id='word_1_339' title='bbox 247 2843 380 2905; x_wconf 80' lang='lat' dir='ltr'><strong>mrpturas</strong></span> <span class='ocrx_word' id='word_1_340' title='bbox 397 2841 564 2885; x_wconf 85' lang='lat' dir='ltr'><strong>exsecratur:</strong></span> <span class='ocrx_word' id='word_1_341' title='bbox 588 2828 757 2900; x_wconf 86' lang='lat' dir='ltr'><strong>Apollinem,</strong></span> <span class='ocrx_word' id='word_1_342' title='bbox 782 2829 829 2899; x_wconf 90' lang='lat' dir='ltr'><strong>qui</strong></span> <span class='ocrx_word' id='word_1_343' title='bbox 847 2846 941 2900; x_wconf 85' lang='lat' dir='ltr'><strong>expers</strong></span> <span class='ocrx_word' id='word_1_344' title='bbox 958 2832 1049 2886; x_wconf 78' lang='lat' dir='ltr'><strong>uxoris</strong></span> 
     </span>
     <span class='ocr_line' id='line_1_38' title="bbox 58 2895 1050 2972; baseline 0.004 -23"><span class='ocrx_word' id='word_1_345' title='bbox 58 2915 65 2950; x_wconf 78' lang='lat' dir='ltr'><strong>t</strong></span> <span class='ocrx_word' id='word_1_346' title='bbox 90 2896 243 2966; x_wconf 80' lang='lat' dir='ltr'><strong>Liberum,</strong></span> <span class='ocrx_word' id='word_1_347' title='bbox 267 2904 315 2970; x_wconf 85' lang='lat' dir='ltr'><strong>qui</strong></span> <span class='ocrx_word' id='word_1_348' title='bbox 332 2901 385 2954; x_wconf 88' lang='lat' dir='ltr'><strong>nisi</strong></span> <span class='ocrx_word' id='word_1_349' title='bbox 401 2909 513 2972; x_wconf 86' lang='lat' dir='ltr'><strong>raptam</strong></span> <span class='ocrx_word' id='word_1_350' title='bbox 530 2899 679 2965; x_wconf 79' lang='lat' dir='ltr'><strong>coniugem</strong></span> <span class='ocrx_word' id='word_1_351' title='bbox 696 2895 803 2952; x_wconf 89' lang='lat' dir='ltr'><strong>habere</strong></span> <span class='ocrx_word' id='word_1_352' title='bbox 819 2917 876 2952; x_wconf 89' lang='lat' dir='ltr'><strong>non</strong></span> <span class='ocrx_word' id='word_1_353' title='bbox 893 2901 996 2971; x_wconf 85' lang='lat' dir='ltr'><strong>potuitt</strong></span> <span class='ocrx_word' id='word_1_354' title='bbox 1020 2908 1050 2955; x_wconf 83' lang='lat' dir='ltr'><strong>et</strong></span> 
     </span>
     <span class='ocr_line' id='line_1_39' title="bbox 64 2964 1050 3039; baseline -0.001 -19"><span class='ocrx_word' id='word_1_355' title='bbox 64 2969 204 3022; x_wconf 81' lang='lat' dir='ltr'><strong>lunonem</strong></span> <span class='ocrx_word' id='word_1_356' title='bbox 227 2968 362 3023; x_wconf 78' lang='lat' dir='ltr'><strong>conciliat.</strong></span> <span class='ocrx_word' id='word_1_357' title='bbox 383 2995 418 3006; x_wconf 92' lang='lat'>-</span> <span class='ocrx_word' id='word_1_358' title='bbox 453 2975 495 3027; x_wconf 82' lang='grc'><strong>59.</strong></span> <span class='ocrx_word' id='word_1_359' title='bbox 514 2969 568 3019; x_wconf 84' lang='lat' dir='ltr'><strong>Cui</strong></span> <span class='ocrx_word' id='word_1_360' title='bbox 592 2970 688 3019; x_wconf 82' lang='lat' dir='ltr'><strong>vinclo</strong></span> <span class='ocrx_word' id='word_1_361' title='bbox 715 2964 828 3034; x_wconf 83' lang='lat' dir='ltr'><strong>iugalia</strong></span> <span class='ocrx_word' id='word_1_362' title='bbox 853 2986 955 3034; x_wconf 71' lang='lat' dir='ltr'><strong>curae,</strong></span> <span class='ocrx_word' id='word_1_363' title='bbox 978 2984 1050 3039; x_wconf 73' lang='lat' dir='ltr'><strong>quae</strong></span> 
     </span>
     <span class='ocr_line' id='line_1_40' title="bbox 74 3034 1049 3106; baseline 0.005 -20"><span class='ocrx_word' id='word_1_364' title='bbox 74 3034 157 3104; x_wconf 79' lang='lat' dir='ltr'><strong>quia)</strong></span> <span class='ocrx_word' id='word_1_365' title='bbox 181 3046 266 3091; x_wconf 89' lang='lat' dir='ltr'><strong>estet</strong></span> <span class='ocrx_word' id='word_1_366' title='bbox 285 3034 411 3102; x_wconf 82' lang='lat' dir='ltr'><strong>Curetis,</strong></span> <span class='ocrx_word' id='word_1_367' title='bbox 437 3041 465 3089; x_wconf 85' lang='lat' dir='ltr'><strong>et</strong></span> <span class='ocrx_word' id='word_1_368' title='bbox 490 3051 634 3101; x_wconf 82' lang='lat' dir='ltr'><strong>morrona,</strong></span> <span class='ocrx_word' id='word_1_369' title='bbox 658 3044 686 3087; x_wconf 89' lang='lat' dir='ltr'><strong>et</strong></span> <span class='ocrx_word' id='word_1_370' title='bbox 711 3039 819 3104; x_wconf 82' lang='lat' dir='ltr'><strong>regino.</strong></span> <span class='ocrx_word' id='word_1_371' title='bbox 854 3040 943 3106; x_wconf 87' lang='lat' dir='ltr'><strong>[Hanc</strong></span> <span class='ocrx_word' id='word_1_372' title='bbox 960 3040 1049 3091; x_wconf 84' lang='lat' dir='ltr'><strong>Varro</strong></span> 
     </span>
     <span class='ocr_line' id='line_1_41' title="bbox 64 3101 1051 3175; baseline 0.003 -19"><span class='ocrx_word' id='word_1_373' title='bbox 64 3107 172 3157; x_wconf 77' lang='lat' dir='ltr'><strong>nubum</strong></span> <span class='ocrx_word' id='word_1_374' title='bbox 191 3106 271 3168; x_wconf 60' lang='lat' dir='ltr'><strong>dicia</strong></span> <span class='ocrx_word' id='word_1_375' title='bbox 294 3108 367 3160; x_wconf 86' lang='lat' dir='ltr'><strong>unde</strong></span> <span class='ocrx_word' id='word_1_376' title='bbox 386 3113 416 3159; x_wconf 86' lang='lat' dir='ltr'><strong>et</strong></span> <span class='ocrx_word' id='word_1_377' title='bbox 431 3101 515 3158; x_wconf 83' lang='lat' dir='ltr'><strong>Aeolo</strong></span> <span class='ocrx_word' id='word_1_378' title='bbox 539 3107 648 3175; x_wconf 81' lang='lat' dir='ltr'><strong>nuptias</strong></span> <span class='ocrx_word' id='word_1_379' title='bbox 666 3104 826 3171; x_wconf 88' lang='lat' dir='ltr'><strong>pollicetur,</strong></span> <span class='ocrx_word' id='word_1_380' title='bbox 850 3112 880 3158; x_wconf 84' lang='lat' dir='ltr'><strong>et</strong></span> <span class='ocrx_word' id='word_1_381' title='bbox 894 3107 1004 3159; x_wconf 83' lang='lat' dir='ltr'><strong>Aeneae</strong></span> <span class='ocrx_word' id='word_1_382' title='bbox 1021 3116 1051 3161; x_wconf 90' lang='lat' dir='ltr'><strong>et</strong></span> 
     </span>
     <span class='ocr_line' id='line_1_42' title="bbox 59 3171 1050 3240; baseline -0.002 -13"><span class='ocrx_word' id='word_1_383' title='bbox 59 3173 115 3227; x_wconf 87' lang='lat' dir='ltr'><strong>loni</strong></span> <span class='ocrx_word' id='word_1_384' title='bbox 137 3176 298 3228; x_wconf 73' lang='lat' dir='ltr'><strong>coeuntibus</strong></span> <span class='ocrx_word' id='word_1_385' title='bbox 321 3173 411 3238; x_wconf 83' lang='lat' dir='ltr'><strong>adest,</strong></span> <span class='ocrx_word' id='word_1_386' title='bbox 436 3191 501 3225; x_wconf 90' lang='lat' dir='ltr'><strong>cum</strong></span> <span class='ocrx_word' id='word_1_387' title='bbox 524 3173 591 3227; x_wconf 89' lang='lat' dir='ltr'><strong>dicit</strong></span> <span class='ocrx_word' id='word_1_388' title='bbox 614 3173 707 3240; x_wconf 80' lang='lat'>(166.):</span> <span class='ocrx_word' id='word_1_389' title='bbox 732 3171 826 3224; x_wconf 80' lang='lat' dir='ltr'><strong>Prima</strong></span> <span class='ocrx_word' id='word_1_390' title='bbox 851 3187 877 3225; x_wconf 97' lang='grc' dir='ltr'><strong>ιι</strong></span> <span class='ocrx_word' id='word_1_391' title='bbox 902 3175 999 3228; x_wconf 77' lang='lat' dir='ltr'><strong>Tellus</strong></span> <span class='ocrx_word' id='word_1_392' title='bbox 1023 3189 1050 3230; x_wconf 75' lang='grc' dir='ltr'><strong>ιι</strong></span> 
     </span>
     <span class='ocr_line' id='line_1_43' title="bbox 63 3240 1050 3315; baseline 0.006 -22"><span class='ocrx_word' id='word_1_393' title='bbox 63 3243 141 3295; x_wconf 81' lang='lat' dir='ltr'><strong>nubo</strong></span> <span class='ocrx_word' id='word_1_394' title='bbox 159 3240 249 3309; x_wconf 82' lang='lat' dir='ltr'><strong>Iuno,</strong></span> <span class='ocrx_word' id='word_1_395' title='bbox 272 3250 300 3297; x_wconf 91' lang='lat' dir='ltr'><strong>et</strong></span> <span class='ocrx_word' id='word_1_396' title='bbox 323 3245 353 3297; x_wconf 88' lang='lat' dir='ltr'><strong>in</strong></span> <span class='ocrx_word' id='word_1_397' title='bbox 376 3240 493 3315; x_wconf 85' lang='lat' dir='ltr'><strong>septimo</strong></span> <span class='ocrx_word' id='word_1_398' title='bbox 517 3242 566 3294; x_wconf 91' lang='lat' dir='ltr'><strong>ubi</strong></span> <span class='ocrx_word' id='word_1_399' title='bbox 583 3249 679 3292; x_wconf 87' lang='lat' dir='ltr'><strong>contra</strong></span> <span class='ocrx_word' id='word_1_400' title='bbox 697 3246 790 3292; x_wconf 87' lang='lat' dir='ltr'><strong>votum</strong></span> <span class='ocrx_word' id='word_1_401' title='bbox 806 3257 888 3294; x_wconf 89' lang='lat' dir='ltr'><strong>suum</strong></span> <span class='ocrx_word' id='word_1_402' title='bbox 904 3240 1050 3299; x_wconf 76' lang='lat' dir='ltr'><strong>Lauiniam</strong></span> 
     </span>
     <span class='ocr_line' id='line_1_44' title="bbox 59 3305 1049 3382; baseline 0.005 -22"><span class='ocrx_word' id='word_1_403' title='bbox 59 3310 180 3364; x_wconf 61' lang='lat' dir='ltr'><strong>emissam</strong></span> <span class='ocrx_word' id='word_1_404' title='bbox 196 3309 264 3364; x_wconf 82' lang='lat' dir='ltr'><strong>vidit</strong></span> <span class='ocrx_word' id='word_1_405' title='bbox 275 3314 396 3379; x_wconf 86' lang='lat' dir='ltr'><strong>Aeneae,</strong></span> <span class='ocrx_word' id='word_1_406' title='bbox 413 3312 453 3365; x_wconf 81' lang='lat' dir='ltr'><strong>ait</strong></span> <span class='ocrx_word' id='word_1_407' title='bbox 469 3310 568 3377; x_wconf 81' lang='lat'>(319.):</span> <span class='ocrx_word' id='word_1_408' title='bbox 586 3322 610 3360; x_wconf 88' lang='grc' dir='ltr'><strong>ιι</strong></span> <span class='ocrx_word' id='word_1_409' title='bbox 623 3305 740 3360; x_wconf 80' lang='lat' dir='ltr'><strong>Bellona</strong></span> <span class='ocrx_word' id='word_1_410' title='bbox 759 3320 852 3360; x_wconf 81' lang='lat' dir='ltr'><strong>monet</strong></span> <span class='ocrx_word' id='word_1_411' title='bbox 869 3323 893 3362; x_wconf 85' lang='lat' dir='ltr'><strong>te</strong></span> <span class='ocrx_word' id='word_1_412' title='bbox 910 3314 1049 3382; x_wconf 81' lang='lat' dir='ltr'><strong>pronuba,</strong></span> 
     </span>
     <span class='ocr_line' id='line_1_45' title="bbox 59 3376 1049 3453; baseline 0.006 -23"><span class='ocrx_word' id='word_1_413' title='bbox 59 3394 65 3430; x_wconf 80' lang='grc' dir='ltr'><strong>ι</strong></span> <span class='ocrx_word' id='word_1_414' title='bbox 83 3387 125 3431; x_wconf 91' lang='lat' dir='ltr'><strong>est</strong></span> <span class='ocrx_word' id='word_1_415' title='bbox 141 3395 198 3432; x_wconf 88' lang='lat' dir='ltr'><strong>non</strong></span> <span class='ocrx_word' id='word_1_416' title='bbox 216 3393 269 3449; x_wconf 82' lang='lat' dir='ltr'><strong>ego</strong></span> <span class='ocrx_word' id='word_1_417' title='bbox 286 3397 356 3450; x_wconf 75' lang='lat' dir='ltr'><strong>qiue</strong></span> <span class='ocrx_word' id='word_1_418' title='bbox 373 3377 467 3443; x_wconf 68' lang='lat' dir='ltr'><strong>soleo]</strong></span> <span class='ocrx_word' id='word_1_419' title='bbox 484 3408 517 3416; x_wconf 89' lang='lat'>-</span> <span class='ocrx_word' id='word_1_420' title='bbox 553 3383 597 3436; x_wconf 80' lang='lat'><strong>61.</strong></span> <span class='ocrx_word' id='word_1_421' title='bbox 616 3376 786 3443; x_wconf 71' lang='lat' dir='ltr'><strong>candensis,</strong></span> <span class='ocrx_word' id='word_1_422' title='bbox 811 3380 959 3434; x_wconf 85' lang='lat' dir='ltr'><strong>candidae:</strong></span> <span class='ocrx_word' id='word_1_423' title='bbox 984 3401 1049 3453; x_wconf 85' lang='lat' dir='ltr'><strong>par·</strong></span> 
     </span>
     <span class='ocr_line' id='line_1_46' title="bbox 59 3444 1050 3520; baseline 0.003 -22"><span class='ocrx_word' id='word_1_424' title='bbox 59 3446 138 3516; x_wconf 86' lang='lat' dir='ltr'><strong>pium</strong></span> <span class='ocrx_word' id='word_1_425' title='bbox 155 3456 198 3502; x_wconf 87' lang='lat' dir='ltr'><strong>est</strong></span> <span class='ocrx_word' id='word_1_426' title='bbox 213 3465 264 3520; x_wconf 90' lang='lat' dir='ltr'><strong>pro</strong></span> <span class='ocrx_word' id='word_1_427' title='bbox 282 3447 403 3502; x_wconf 90' lang='lat' dir='ltr'><strong>nomine.</strong></span> <span class='ocrx_word' id='word_1_428' title='bbox 440 3447 537 3498; x_wconf 82' lang='lat' dir='ltr'><strong>Medio</strong></span> <span class='ocrx_word' id='word_1_429' title='bbox 562 3449 636 3497; x_wconf 83' lang='lat' dir='ltr'><strong>inter</strong></span> <span class='ocrx_word' id='word_1_430' title='bbox 654 3464 762 3499; x_wconf 84' lang='lat' dir='ltr'><strong>cornua</strong></span> <span class='ocrx_word' id='word_1_431' title='bbox 780 3444 901 3516; x_wconf 72' lang='lat' dir='ltr'><strong>fundit,</strong></span> <span class='ocrx_word' id='word_1_432' title='bbox 925 3466 983 3501; x_wconf 89' lang='lat' dir='ltr'><strong>non</strong></span> <span class='ocrx_word' id='word_1_433' title='bbox 1006 3459 1050 3505; x_wconf 82' lang='lat' dir='ltr'><strong>est</strong></span> 
     </span>
     <span class='ocr_line' id='line_1_47' title="bbox 59 3514 1047 3590; baseline 0 -22"><span class='ocrx_word' id='word_1_434' title='bbox 59 3515 193 3583; x_wconf 88' lang='lat' dir='ltr'><strong>rificium,</strong></span> <span class='ocrx_word' id='word_1_435' title='bbox 216 3514 264 3571; x_wconf 87' lang='lat' dir='ltr'><strong>sed</strong></span> <span class='ocrx_word' id='word_1_436' title='bbox 280 3516 386 3572; x_wconf 87' lang='lat' dir='ltr'><strong>hostiae</strong></span> <span class='ocrx_word' id='word_1_437' title='bbox 404 3514 572 3590; x_wconf 76' lang='lat' dir='ltr'><strong>exploratio,</strong></span> <span class='ocrx_word' id='word_1_438' title='bbox 594 3523 689 3566; x_wconf 90' lang='lat' dir='ltr'><strong>utrum</strong></span> <span class='ocrx_word' id='word_1_439' title='bbox 706 3523 771 3586; x_wconf 86' lang='lat' dir='ltr'><strong>apta</strong></span> <span class='ocrx_word' id='word_1_440' title='bbox 787 3516 829 3568; x_wconf 89' lang='lat' dir='ltr'><strong>sit.</strong></span> <span class='ocrx_word' id='word_1_441' title='bbox 847 3543 880 3554; x_wconf 92' lang='grc'><strong>-</strong></span> <span class='ocrx_word' id='word_1_442' title='bbox 915 3525 958 3576; x_wconf 79' lang='lat'><strong>62.</strong></span> <span class='ocrx_word' id='word_1_443' title='bbox 977 3518 1047 3573; x_wconf 75' lang='lat' dir='ltr'><strong>Ante</strong></span> 
     </span>
     <span class='ocr_line' id='line_1_48' title="bbox 59 3580 1047 3655; baseline 0.006 -20"><span class='ocrx_word' id='word_1_444' title='bbox 59 3581 181 3649; x_wconf 75' lang='lat' dir='ltr'><strong>:dcdm3</strong></span> <span class='ocrx_word' id='word_1_445' title='bbox 203 3595 268 3639; x_wconf 85' lang='lat' dir='ltr'><strong>ante</strong></span> <span class='ocrx_word' id='word_1_446' title='bbox 287 3588 446 3640; x_wconf 82' lang='lat' dir='ltr'><strong>simulacre.</strong></span> <span class='ocrx_word' id='word_1_447' title='bbox 482 3584 631 3652; x_wconf 83' lang='lat' dir='ltr'><strong>[Pingues3</strong></span> <span class='ocrx_word' id='word_1_448' title='bbox 656 3586 749 3654; x_wconf 85' lang='lat' dir='ltr'><strong>plenas</strong></span> <span class='ocrx_word' id='word_1_449' title='bbox 766 3580 809 3636; x_wconf 88' lang='lat' dir='ltr'><strong>vel</strong></span> <span class='ocrx_word' id='word_1_450' title='bbox 831 3587 963 3655; x_wconf 82' lang='lat' dir='ltr'><strong>sanguine</strong></span> <span class='ocrx_word' id='word_1_451' title='bbox 981 3588 1047 3642; x_wconf 89' lang='lat' dir='ltr'><strong>deli·</strong></span> 
     </span>
     <span class='ocr_line' id='line_1_49' title="bbox 59 3652 1046 3723; baseline 0.001 -15"><span class='ocrx_word' id='word_1_452' title='bbox 59 3670 107 3722; x_wconf 79' lang='lat' dir='ltr'><strong>as,</strong></span> <span class='ocrx_word' id='word_1_453' title='bbox 124 3661 155 3706; x_wconf 91' lang='lat' dir='ltr'><strong>ut</strong></span> <span class='ocrx_word' id='word_1_454' title='bbox 171 3654 271 3722; x_wconf 79' lang='lat'>(401.)=</span> <span class='ocrx_word' id='word_1_455' title='bbox 297 3654 491 3723; x_wconf 80' lang='lat' dir='ltr'><strong>Pecudumquc</strong></span> <span class='ocrx_word' id='word_1_456' title='bbox 510 3667 608 3704; x_wconf 82' lang='lat' dir='ltr'><strong>cruore</strong></span> <span class='ocrx_word' id='word_1_457' title='bbox 627 3652 734 3720; x_wconf 80' lang='lat' dir='ltr'><strong>Pingue</strong></span> <span class='ocrx_word' id='word_1_458' title='bbox 753 3653 866 3719; x_wconf 80' lang='lat' dir='ltr'><strong>solum]</strong></span> <span class='ocrx_word' id='word_1_459' title='bbox 900 3654 1046 3721; x_wconf 85' lang='lat' dir='ltr'><strong>Spatiotur</strong></span> 
     </span>
     <span class='ocr_line' id='line_1_50' title="bbox 65 3722 1045 3786; baseline 0.004 -14"><span class='ocrx_word' id='word_1_460' title='bbox 65 3742 151 3786; x_wconf 57' lang='lat' dir='ltr'><strong>aram</strong></span> <span class='ocrx_word' id='word_1_461' title='bbox 175 3728 320 3776; x_wconf 78' lang='lat' dir='ltr'><strong>matronae</strong></span> <span class='ocrx_word' id='word_1_462' title='bbox 342 3725 418 3777; x_wconf 80' lang='lat' dir='ltr'><strong>enim</strong></span> <span class='ocrx_word' id='word_1_463' title='bbox 441 3722 644 3776; x_wconf 70' lang='lat' dir='ltr'><strong>sacrificaturae</strong></span> <span class='ocrx_word' id='word_1_464' title='bbox 661 3723 735 3773; x_wconf 86' lang='lat' dir='ltr'><strong>circa</strong></span> <span class='ocrx_word' id='word_1_465' title='bbox 753 3736 815 3772; x_wconf 85' lang='lat' dir='ltr'><strong>aras</strong></span> <span class='ocrx_word' id='word_1_466' title='bbox 830 3723 934 3775; x_wconf 84' lang='lat' dir='ltr'><strong>faculas</strong></span> <span class='ocrx_word' id='word_1_467' title='bbox 950 3733 1045 3779; x_wconf 76' lang='lat' dir='ltr'><strong>tenen-</strong></span> 
     </span>
     <span class='ocr_line' id='line_1_51' title="bbox 59 3785 1104 3862; baseline 0.006 -17"><span class='ocrx_word' id='word_1_468' title='bbox 59 3793 262 3857; x_wconf 88' lang='lat' dir='ltr'><strong>,ferehantur,</strong></span> <span class='ocrx_word' id='word_1_469' title='bbox 277 3792 355 3862; x_wconf 87' lang='lat' dir='ltr'><strong>quasi</strong></span> <span class='ocrx_word' id='word_1_470' title='bbox 370 3810 435 3844; x_wconf 89' lang='lat' dir='ltr'><strong>cum</strong></span> <span class='ocrx_word' id='word_1_471' title='bbox 453 3787 574 3862; x_wconf 76' lang='lat' dir='ltr'><strong>quodem</strong></span> <span class='ocrx_word' id='word_1_472' title='bbox 592 3797 683 3858; x_wconf 83' lang='lat' dir='ltr'><strong>gestu:</strong></span> <span class='ocrx_word' id='word_1_473' title='bbox 708 3785 781 3841; x_wconf 85' lang='lat' dir='ltr'><strong>unde</strong></span> <span class='ocrx_word' id='word_1_474' title='bbox 797 3789 936 3841; x_wconf 86' lang='lat' dir='ltr'><strong>Sallustius</strong></span> <span class='ocrx_word' id='word_1_475' title='bbox 954 3795 1045 3860; x_wconf 76' lang='lat' dir='ltr'><strong>(Catil</strong></span> <span class='ocrx_word' id='word_1_476' title='bbox 1100 3844 1104 3851; x_wconf 93' lang='lat'>.</span> 
     </span>
     <span class='ocr_line' id='line_1_52' title="bbox 59 3854 1044 3931; baseline 0 -19"><span class='ocrx_word' id='word_1_477' title='bbox 59 3869 80 3922; x_wconf 73' lang='lat' dir='ltr'><strong>t:</strong></span> <span class='ocrx_word' id='word_1_478' title='bbox 103 3859 214 3913; x_wconf 73' lang='lat' dir='ltr'><strong>Saliare</strong></span> <span class='ocrx_word' id='word_1_479' title='bbox 239 3862 394 3930; x_wconf 79' lang='lat' dir='ltr'><strong>elegantius</strong></span> <span class='ocrx_word' id='word_1_480' title='bbox 412 3878 496 3930; x_wconf 76' lang='lat' dir='ltr'><strong>quam</strong></span> <span class='ocrx_word' id='word_1_481' title='bbox 522 3876 632 3914; x_wconf 69' lang='lat' dir='ltr'><strong>neeesse</strong></span> <span class='ocrx_word' id='word_1_482' title='bbox 650 3871 689 3908; x_wconf 81' lang='lat' dir='ltr'><strong>est</strong></span> <span class='ocrx_word' id='word_1_483' title='bbox 706 3854 816 3922; x_wconf 84' lang='lat' dir='ltr'><strong>probae.</strong></span> <span class='ocrx_word' id='word_1_484' title='bbox 850 3856 979 3927; x_wconf 81' lang='lat' dir='ltr'><strong>[Quidam</strong></span> <span class='ocrx_word' id='word_1_485' title='bbox 997 3878 1044 3931; x_wconf 81' lang='lat' dir='ltr'><strong>ge-</strong></span> 
     </span>
    </p>

    <p class='ocr_par' dir='ltr' id='par_1_4' title="bbox 59 3925 1043 4000">
     <span class='ocr_line' id='line_1_53' title="bbox 59 3925 1043 4000; baseline 0 -19"><span class='ocrx_word' id='word_1_486' title='bbox 59 3949 63 3981; x_wconf 81' lang='grc' dir='ltr'><strong>ι</strong></span> <span class='ocrx_word' id='word_1_487' title='bbox 80 3928 211 3984; x_wconf 83' lang='lat' dir='ltr'><strong>sacrificii</strong></span> <span class='ocrx_word' id='word_1_488' title='bbox 229 3926 369 4000; x_wconf 84' lang='lat' dir='ltr'><strong>appellant</strong></span> <span class='ocrx_word' id='word_1_489' title='bbox 385 3947 439 3999; x_wconf 87' lang='lat' dir='ltr'><strong>quo</strong></span> <span class='ocrx_word' id='word_1_490' title='bbox 457 3938 562 3985; x_wconf 81' lang='lat' dir='ltr'><strong>veteres</strong></span> <span class='ocrx_word' id='word_1_491' title='bbox 580 3943 646 3984; x_wconf 77' lang='lat' dir='ltr'><strong>cum</strong></span> <span class='ocrx_word' id='word_1_492' title='bbox 663 3942 723 3977; x_wconf 84' lang='lat' dir='ltr'><strong>aras</strong></span> <span class='ocrx_word' id='word_1_493' title='bbox 741 3925 890 3979; x_wconf 88' lang='lat' dir='ltr'><strong>circuirent</strong></span> <span class='ocrx_word' id='word_1_494' title='bbox 906 3930 934 3980; x_wconf 81' lang='lat' dir='ltr'><strong>et</strong></span> <span class='ocrx_word' id='word_1_495' title='bbox 950 3947 1043 3982; x_wconf 82' lang='lat' dir='ltr'><strong>rursus</strong></span> 
     </span>
    </p>

    <p class='ocr_par' dir='ltr' id='par_1_5' title="bbox 59 3992 1063 4065">
     <span class='ocr_line' id='line_1_54' title="bbox 59 3992 1063 4065; baseline -0.001 -13"><span class='ocrx_word' id='word_1_496' title='bbox 59 4002 309 4065; x_wconf 68' lang='lat' dir='ltr'><strong>excrementa,</strong></span> <span class='ocrx_word' id='word_1_497' title='bbox 333 4007 360 4051; x_wconf 88' lang='lat' dir='ltr'><strong>et</strong></span> <span class='ocrx_word' id='word_1_498' title='bbox 375 3995 475 4054; x_wconf 84' lang='lat' dir='ltr'><strong>deiude</strong></span> <span class='ocrx_word' id='word_1_499' title='bbox 492 3997 687 4062; x_wconf 80' lang='lat' dir='ltr'><strong>consisterent,</strong></span> <span class='ocrx_word' id='word_1_500' title='bbox 703 3992 832 4063; x_wconf 78' lang='lat' dir='ltr'><strong>dicebaut</strong></span> <span class='ocrx_word' id='word_1_501' title='bbox 849 3994 1045 4063; x_wconf 52' lang='lat' dir='ltr'><strong>minusculum*</strong></span> <span class='ocrx_word' id='word_1_502' title='bbox 1061 4046 1063 4051; x_wconf 91' lang='lat'>.</span> 
     </span>
    </p>
   </div>
   <div class='ocr_carea' id='block_1_3' title="bbox 0 0 1232 4500">
    <p class='ocr_par' dir='ltr' id='par_1_6' title="bbox 0 0 1232 4500">
     <span class='ocr_line' id='line_1_55' title="bbox 0 0 1232 4500; baseline 0 0"><span class='ocrx_word' id='word_1_503' title='bbox 0 0 1232 4500; x_wconf 95' lang='lat' dir='ltr'><strong> </strong></span> 
     </span>
    </p>
   </div>
  </div>
 </body>
</html>
