2454 4500
174 301 211 341 ru
235 278 391 341 vtuou.
415 276 981 354 AENE1D.Lffl.1v,121-132·
1029 290 1096 354 261

52 466 124 515 dont
142 464 221 532 [vero
237 464 368 515 hocloco
385 466 490 517 sensim
509 463 661 535 accipiunt,
686 479 742 515 nou
760 471 790 514 ut
806 463 883 530 alibi]
899 464 1044 531 festinent,
1061 475 1093 519 ut

55 535 210 599 (8,616.):
234 531 290 583 His
307 550 349 583 me
367 534 434 582 dum
452 535 555 597 trepidi
572 534 697 585 crudelia
716 534 819 585 limina
843 535 992 601 linquunt‚·
1016 536 1093 603 [quie

54 601 141 656 ultus
164 616 222 652 nou
247 617 344 666 eursu,
366 601 414 653 sed
439 603 541 652 sensim
565 602 730 669 cinguntur·
755 600 873 669 Quidum
897 602 1092 670 trepidantius

58 668 154 738 uluis,
176 670 225 737 qui
249 667 388 736 hodieque
412 672 550 736 trepidare
568 668 770 736 (trepidarii?)
793 670 938 735 dicuntur,
961 671 1093 743 appellari

142 744 166 789 t.
201 739 285 791 Cato:
312 737 408 789 Sedere
434 756 490 789 non
514 750 602 806 potest
626 742 658 789 in
676 750 744 806 equo
769 737 945 804 trepidante]
962 764 994 775 -
1030 745 1092 797 122.

87 822 189 873 esuper
206 807 375 876 infundam,
393 808 458 874 quia
472 814 519 860 aer
534 815 576 861 est
587 808 663 858 limo.
697 807 773 859 Bene
788 805 878 874 [ergo]
895 806 940 857 hio
956 824 985 860 se
1002 809 1090 859 factu·

61 886 120 927 ram
145 874 216 925 dicit
237 876 312 944 quod
333 875 419 927 habet
441 877 472 926 in
496 883 637 947 potestate.
656 901 689 913 ··
724 880 785 932 123.
805 870 892 926 Nocte
910 890 1015 943 opaca,
1040 890 1091 926 uu·

60 942 136 993 bitem
153 942 280 1011 ealigine.
316 942 407 995 Omne
425 945 517 1009 oieb05
542 960 594 1012 pro
619 954 714 994 sotum.
752 943 843 995 Omne
868 944 958 1009 enim,
980 943 1092 996 numeri

60 1016 118 1063 etti
137 1022 244 1075 totum,
267 1012 433 1081 quantitatis.
451 1039 486 1050 -·
520 1019 581 1070 125.
601 1010 664 1062 Tua
691 1014 718 1062 si
743 1010 815 1062 milii
840 1023 916 1062 certa
942 1014 1091 1075 uoluntas,-

61 1081 133 1145 ie„
156 1078 188 1149 ri„
204 1080 289 1133 etism
312 1087 392 1131 tuum
415 1081 597 1151 subsequatur
621 1079 756 1137 officium
778 1079 854 1148 [qens
870 1081 939 1130 luno
963 1078 1093 1159 coniugii,
1164 1138 1167 1145 Ι

61 1148 149 1200 Venus
164 1152 249 1199 censa
265 1148 464 1213 coniunctionis
481 1151 523 1200 sit
557 1149 644 1199 uitur
660 1150 729 1198 Iuno
746 1147 786 1199 nil
801 1165 830 1199 se
846 1165 925 1221 posse
942 1149 1094 1211 adnuntiet,

61 1216 110 1267 uisi
126 1214 255 1269 robertes
270 1216 383 1267 Veneris
400 1216 527 1269 adfuerit
564 1187 644 1266 deren
661 1223 756 1267 eutem
778 1216 875 1281 firme,
898 1217 963 1285 quis
987 1215 1091 1288 promi·

60 1290 145 1337 terat.-
162 1310 200 1321 ···
241 1291 301 1343 126.
327 1284 492 1349 connubio,
517 1286 570 1335 hoe
593 1284 694 1336 Veneri
718 1286 890 1337 contrarium
917 1292 973 1349 est,
994 1292 1022 1336 et
1044 1284 1091 1335 hic
1113 1318 1118 1335 .

59 1352 194 1405 ostdolns
210 1368 295 1420 quem
311 1353 485 1405 intellectura
502 1362 543 1404 est
565 1360 592 1405 et
609 1350 719 1416 risum]
752 1352 798 1402 Nn
824 1353 985 1404 naturaliter
1008 1352 1091 1419 longe

59 1428 111 1487 ut,
133 1421 172 1472 ab
189 1437 225 1472 eo
243 1420 316 1489 quod
333 1429 375 1472 est
392 1423 509 1472 nubere:
528 1430 559 1471 ut
575 1420 672 1485 (2³13.):
699 1420 848 1472 connubia
869 1434 964 1472 nostra
983 1421 1092 1487 Reppu-

60 1490 103 1543 lit:
127 1490 178 1542 sed
202 1491 285 1541 modo
310 1490 394 1541 metri
412 1506 493 1540 carisa
510 1489 652 1558 corripuit.
671 1514 705 1526 -
741 1496 801 1547 127.
819 1488 886 1558 [Hio
910 1488 1092 1557 Hymenaeus

58 1562 125 1627 erit,-
143 1559 163 1609 i.
181 1576 222 1622 e.,
244 1558 297 1610 hae
315 1564 396 1609 erunt
412 1561 535 1626 nuptiue.
570 1558 640 1607 Saue
657 1557 692 1607 de
709 1554 869 1624 Hymenaeo
888 1558 952 1609 licet
968 1557 1092 1627 superius

59 1628 122 1691 (99.)
148 1627 255 1679 dictum
277 1627 326 1690 sit,
349 1634 443 1677 tamen
467 1634 530 1679 stult
553 1627 638 1677 otiam
661 1625 731 1677 aliae
755 1626 904 1697 opiniones.
949 1627 1022 1676 Num
1046 1625 1094 1676 elii

58 1694 131 1747 buno
148 1695 264 1749 Veneris
288 1702 316 1747 et
338 1695 435 1747 Liberi
458 1696 547 1749 lilium
569 1695 665 1748 dicunt
708 1694 813 1745 rimum
836 1695 938 1764 nuptiis
962 1708 1096 1764 prospere

57 1778 152 1830 unm,
176 1763 214 1815 ob
232 1763 307 1832 quod
322 1763 352 1814 in
367 1763 471 1832 nuptiis
487 1772 614 1826 vocetur,
636 1778 675 1815 un
695 1781 710 1814 e
727 1762 850 1832 nuptiale
868 1779 982 1814 carmen
998 1761 1099 1828 hyme-

59 1848 156 1883 mus.
193 1832 246 1884 Alii
269 1833 432 1902 nuptiarum
455 1833 630 1884 inventorem
646 1831 773 1895 tradunt,
798 1840 826 1882 et
842 1831 905 1882 ideo
922 1829 1100 1880 carminibus*

57 1900 194 1965 deuorari,
210 1901 285 1968 quod
301 1901 457 1970 exemplum
475 1901 511 1953 ab
528 1916 562 1952 eo
579 1899 720 1970 proditum
737 1899 840 1967 ubique
857 1907 987 1950 serretur.
1022 1898 1092 1949 Cor·

25 1996 32 2003 ·
56 1970 144 2022 relius
159 1968 266 2022 Balbus
280 1968 476 2037 Hymenaeum
483 2007 491 2035 ,
515 1968 569 2033 eit,
592 1967 729 2035 Magnetis
751 1966 854 2030 filium,
878 1967 1000 2018 musicae
1025 1964 1093 2017 ruis

56 2037 197 2108 peritum,
218 2038 422 2107 pulchritudine
447 2037 579 2090 muliebri
586 2073 594 2101 ,
618 2037 685 2088 dum
707 2035 816 2105 nuptias
841 2035 936 2086 Liberi
961 2038 1046 2104 petris
1064 2040 1093 2084 et

56 2106 150 2159 Altese
166 2106 303 2174 religiosis
318 2108 443 2158 cuntibus
460 2107 597 2171 celebrat,
614 2105 765 2174 expirasse,
782 2103 988 2171 propterquod
1006 2100 1095 2152 vitulis

56 2174 93 2243 (ei
110 2174 186 2237 telis)
202 2175 294 2227 houor
309 2176 413 2244 nuptiis
429 2176 582 2227 adtributus
606 2180 661 2237 est,
684 2180 716 2222 ut
732 2172 881 2224 celebratio
897 2170 1017 2225 nominis
1035 2170 1095 2222 eius

56 2242 219 2313 nuptiarum
242 2243 444 2311 iungendarum
468 2251 634 2313 perpetuum
656 2256 761 2293 niunen
779 2244 885 2307 (omen)
903 2238 993 2305 esset]
1025 2236 1092 2290 Non

56 2312 221 2373 aduersam
243 2306 345 2379 legitur
369 2322 397 2366 et
414 2313 556 2363 doersum.
574 2336 608 2347 -
643 2314 704 2366 128.
721 2309 876 2377 [Repertis3
901 2309 942 2358 vel
966 2323 1094 2376 comper·

56 2380 88 2431 tis
104 2380 149 2433 vel
165 2380 351 2451 deprehensis.
386 2383 443 2433 Cur
461 2389 555 2431 eutem
571 2378 640 2433 dolis
657 2377 773 2447 repertis
790 2376 863 2441 risit,
889 2376 936 2445 qui
953 2375 1033 2426 ultius
1050 2374 1093 2425 in-

55 2448 185 2516 telligunt
201 2450 240 2500 sic
257 2450 386 2514 tradunt,
407 2450 460 2500 hoo
479 2456 519 2501 est
536 2464 604 2515 quos
626 2446 795 2517 iampridem
812 2451 1004 2514 compererat,
1026 2456 1093 2492 euru

55 2517 137 2568 llium
168 2516 402 2588 oppugnaretur]
424 2546 461 2558 -
507 2524 566 2573 130.
591 2516 694 2566 iubare
726 2526 837 2578 exorto,-
866 2521 932 2565 nato
955 2510 1093 2562 Lucifero.

55 2586 129 2637 Nem
188 2586 267 2653 oprie
292 2588 377 2638 iubar
402 2586 515 2638 Lucifer
539 2584 654 2646 dieitur,
678 2585 752 2650 quod
775 2583 860 2633 iubar
883 2581 951 2633 lueis
968 2578 1094 2632 effundit.

25 2678 29 2693 =
55 2652 136 2707 Unde
166 2653 263 2720 etJism
281 2654 567 2724 qrricquidsplendet,
585 2651 803 2715 interdicitur,
826 2657 857 2699 ut
873 2648 999 2717 argenti,
1016 2662 1094 2711 uem·

10 2758 20 2775 .-
56 2738 178 2774 mortun.
218 2723 268 2772 Est
291 2729 385 2774 autem
409 2723 522 2773 Lurifer
548 2720 691 2771 interdurn
715 2719 798 2770 Iovis:
828 2718 912 2784 [nam
936 2724 964 2769 et
986 2714 1094 2781 antiqui

10 2784 25 2839 ζ·
57 2793 158 2857 iubar,
182 2791 260 2858 quasi
285 2793 370 2842 iuver
393 2787 554 2852 dicebanu]
577 2788 741 2856 plerumque
758 2787 871 2838 Veneris
893 2785 981 2836 stelle.
1015 2783 1095 2834 Unde

10 2908 14 2918 ,
56 2860 171 2912 Veneris
187 2859 262 2911 diota
278 2867 332 2911 est:
348 2866 380 2908 ut
396 2863 432 2924 (8,
449 2856 534 2918 590.):
552 2855 641 2922 Quem
663 2856 756 2906 Venus
774 2865 838 2905 onte
857 2855 931 2904 alios
949 2863 1093 2903 astrorum

10 2940 17 2967 ἓ
58 2930 156 2996 diligis
180 2930 262 2995 ignes
286 2926 388 2996 (Guelf.
411 2928 431 2979 Ι.
457 2928 561 2992 diriget
587 2924 683 2991 ignis).
719 2922 783 2991 [Alii
806 2924 891 2974 iubar
914 2921 1022 2984 Solem,
1046 2918 1095 2971 alii

10 3022 15 3039 r
57 2997 234 3065 splendorem
257 2996 378 3048 siderum
401 2994 517 3058 dicunt]
551 2993 622 3044 Sane
645 2991 729 3043 modo
745 2992 882 3058 Hysteron
901 2996 1035 3058 proteron
1051 2993 1094 3039 est

10 3116 19 3125 ,
58 3065 86 3117 in
101 3080 199 3131 seusu,
219 3067 298 3132 [nam
315 3064 430 3115 Lucifer
447 3063 528 3114 iubar
546 3061 608 3126 est]
640 3060 725 3111 Iubar
747 3058 824 3110 enim
848 3057 989 3128 praesedit
1005 3057 1094 3106 Auro-

10 3140 19 3179 -“
58 3150 131 3185 rem:
156 3141 187 3186 et
209 3133 276 3184 fucit
300 3133 351 3185 hoo
375 3134 474 3195 iubar,
498 3131 586 3181 huius
611 3130 731 3180 iubaris.
750 3154 784 3167 ·-
819 3132 881 3184 131.
905 3125 988 3175 Retia
1016 3139 1095 3187 rara,

10 3190 18 3259 ':
58 3204 103 3269 pla
124 3219 174 3264 ηις
198 3202 279 3253 multi
295 3200 433 3264 dividunt,
457 3206 487 3249 ut
503 3201 541 3250 sic
559 3199 644 3264 (sint,
661 3195 753 3248 Guelf.
769 3196 790 3246 I.
808 3195 841 3249 II.
860 3194 914 3255 sit)
933 3195 1003 3243 resin
1023 3207 1091 3270 rara

10 3286 20 3319 ·.·
59 3222 179 3323 madre:
197 3272 299 3337 plagas
312 3285 379 3322 vero
390 3268 501 3319 minora
512 3267 710 3333 intelligamus.
726 3263 779 3314 Alii
786 3264 886 3329 plagas
901 3279 949 3332 per
957 3259 1093 3313 defurme-

10 3322 21 3429 ἓ
59 3357 124 3392 nem
147 3339 301 3408 accipiunt,
332 3345 362 3387 ut
384 3337 569 3403 intelligamus
593 3351 664 3402 quoe
688 3339 751 3382 sunt
776 3333 845 3382 resin
872 3348 956 3394 rara,
982 3329 1094 3397 plagae.

10 3448 15 3475 ,
60 3406 208 3461 Sciendum
223 3416 318 3458 temen
336 3406 450 3475 proprie
466 3407 566 3471 plagas
584 3404 639 3455 dici
654 3404 735 3454 funes
750 3401 810 3451 illos
828 3399 926 3466 quibus
943 3398 1016 3448 retia
1031 3402 1093 3447 ten-

10 3502 14 3519 =
60 3476 161 3529 duntur
177 3478 253 3527 cirea
269 3476 357 3526 imam
374 3482 402 3526 et
417 3489 558 3523 summam
581 3479 698 3543 partem.
732 3470 810 3536 Ergo
833 3470 902 3518 retia
928 3483 1010 3531 ram,
1031 3465 1093 3532 pla-

61 3564 123 3613 gae,
149 3547 207 3597 lato
234 3545 373 3594 venabula
392 3543 489 3611 ferro,
520 3541 682 3593 subauditur
705 3549 867 3605 portantur,
897 3543 945 3586 aut
969 3534 1092 3601 Zeugma

60 3624 111 3680 est,
130 3626 228 3665 ruunt.
263 3612 335 3664 Loto
354 3611 493 3662 uenabula
505 3609 606 3678 jerem*
620 3608 669 3659 lati
686 3606 768 3670 ferri,
786 3605 925 3676 uenunbuln
945 3610 1037 3653 autem
1055 3599 1094 3650 ob

60 3682 110 3735 boc
128 3683 221 3746 dicta,
238 3682 302 3748 quia
321 3692 386 3749 opta
405 3681 535 3741 venatui,
552 3678 641 3747 [quasi
658 3671 846 3742 excipielruln.l
864 3699 897 3710 -
933 3679 996 3728 132.
1010 3668 1091 3720 Mas-

61 3755 130 3821 syli3
157 3751 354 3816 Massylorum
372 3764 439 3815 gens
458 3756 499 3798 est
514 3764 571 3798 non
586 3748 668 3813 longe
686 3762 703 3795 s
719 3741 903 3794 Mauritania:
922 3748 949 3793 et
965 3737 1091 3804 Massyli

58 3821 210 3890 legendum
234 3837 284 3887 per
308 3834 396 3869 unum
413 3819 425 3866 i
443 3816 487 3878 (al.
506 3816 531 3876 l)
556 3813 687 3883 [literam]
711 3829 747 3862 ne
772 3826 827 3860 nou
852 3817 905 3861 stet
922 3823 1019 3860 versus.
1053 3805 1094 3872 ss

59 3892 133 3942 euim
152 3890 237 3956 longe
256 3895 307 3938 est:
330 3894 362 3935 ut
379 3885 477 3947 (483.)÷
503 3885 556 3935 His
576 3883 646 3933 milri
664 3880 808 3945 illursylne
827 3881 917 3945 gentis
937 3885 1092 3926 monstrata

57 3959 201 4010 sacerdos.
239 3956 273 4005 Et
292 3957 378 4005 odoro
398 3971 499 4002 eanum
519 3956 578 4015 vis,-
605 3952 663 4022 plus
681 3946 779 4016 [enim]
797 3957 851 4009 est,
872 3962 956 4014 quam
979 3943 1002 3993 si
1019 3942 1093 3994 dice·

53 4037 101 4083 ret
125 4025 285 4079 multitudo.
328 4023 406 4074 Unde
430 4021 583 4073 Sallustius:
614 4019 678 4085 Qun
704 4027 858 4084 tempestate
883 4032 915 4064 ex
940 4024 1023 4079 ponto
1049 4012 1093 4060 uis
