2454 4500
748 98 760 127 t

154 242 222 308 sos
340 242 343 247 ’
419 207 561 303 servu
584 241 942 305 connanramus

154 433 279 481 mortem
294 424 443 480 cuiuslibet
459 425 568 481 dolere:
589 435 621 478 ut
638 431 684 497 (1,
699 429 789 492 222.):
812 427 900 482 Nune
917 426 1021 498 Amyci
1038 443 1139 481 oerum
1160 446 1196 497 ge·

156 499 215 548 mit.
250 497 322 548 Item
348 501 391 564 (5,
408 495 493 557 869.):
520 497 650 565 casuque
677 501 808 549 animum
826 515 982 551 concussus
1003 499 1104 551 amici.
1137 498 1196 566 [Hoc

154 565 291 638 praecipit
313 564 444 617 Horatius
467 566 498 637 in
520 567 586 618 Arte
610 567 720 620 Poetica
744 567 853 634 (126.):
886 568 1019 619 Servetur
1045 569 1085 616 ad
1110 570 1196 631 imum,

80 690 83 697 ,
154 635 251 702 qualis
276 634 311 686 ob
338 636 446 701 incepto
468 638 650 702 processerit;
674 649 699 687 et
724 638 783 688 sibi
807 649 928 700 constet;
953 644 984 687 ut
1008 652 1123 706 semper
1139 637 1194 704 pius

154 702 330 756 describatur
345 701 472 766 Aeneas]
506 705 577 756 Hinc
596 705 623 756 ci
640 706 687 757 dat
704 706 779 757 circa
796 705 968 772 sepulturam
985 705 1075 756 etiam
1094 704 1195 756 sordida

156 771 263 835 officia,
280 789 351 853 quse
367 774 398 824 in
415 771 476 824 aliie
494 770 614 842 denegat
630 770 705 825 locis.
741 773 798 843 Qui
815 774 892 826 enim
909 775 943 827 de
961 773 1082 844 pietatis.
1095 773 1194 843 generi·

96 862 100 868 ¹
154 843 206 895 bus
236 849 418 911 scripserunt,
447 841 573 910 primum
601 842 695 894 locum
723 841 754 894 in
782 842 924 910 sepultura
955 858 1016 897 esse
1047 842 1193 894 voluerint

155 909 234 963 Unde
252 925 318 963 cum
335 909 513 982 pontificibus
530 912 609 962 nefas
627 919 712 977 esset,
730 911 847 963 cadaver
864 910 973 978 videre,
997 911 1092 978 magis
1109 918 1194 963 tantm

154 981 235 1033 nefas
258 980 352 1031 fuerat
379 978 402 1032 si
426 978 514 1047 visum
537 979 706 1046 insepultum
735 976 949 1050 relinquerent,
988 979 1086 1032 Genus
1109 987 1194 1043 auum

153 1051 248 1102 fuerat
263 1048 419 1115 sepulturae
436 1046 548 1098 iniectio
567 1049 692 1118 pulveris.
712 1048 805 1101 *Unde
823 1055 864 1101 est
882 1047 979 1114 (366.):
992 1049 1063 1099 ‘Aut
1082 1059 1116 1098 tu
1133 1047 1194 1099 mibi

155 1131 259 1170 terram
283 1117 374 1167 iniice
398 1117 532 1185 [namque
554 1115 652 1193 pptes]
685 1118 816 1169 Horatius
841 1116 947 1184 (Ca'rm.
973 1121 1008 1182 1,
1031 1115 1109 1181 28.):
1135 1116 1192 1169 Non

79 1222 83 1231 .
155 1199 196 1238 est
214 1200 293 1236 moro
311 1187 407 1252 longa,
425 1187 520 1237 licebit
533 1188 635 1237 iniecto
649 1198 689 1237 ter
701 1187 815 1254 pulvere
830 1203 938 1238 curros.
951 1212 988 1224 ·-
1016 1193 1088 1243 .177.
1105 1187 1193 1238 Aram-

155 1272 207 1325 que
225 1255 350 1322 sepulcri
357 1272 365 1318 ;
390 1269 490 1323 pyram
508 1254 590 1320 dicit,
615 1272 686 1322 quaa
709 1256 739 1307 in
757 1255 874 1306 modurn
892 1273 965 1309 arae.
975 1257 1105 1307 construi
1120 1254 1192 1324 lignis

92 1321 95 1331 ’
154 1325 270 1377 solebat.
303 1324 377 1375 Nam
394 1324 578 1392 etsequitur:
606 1325 761 1391 congerere
785 1325 953 1390 arboribus,
976 1324 1110 1391 coeloque
1133 1326 1190 1375 edu-

155 1410 214 1445 cere
232 1403 347 1444 certont.
382 1391 418 1443 Et
436 1408 529 1457 aram,
555 1409 625 1461 quae
643 1400 707 1445 ante
724 1394 882 1462 sepulcrum
899 1392 961 1446 fieri
978 1393 1136 1459 consuevit,
1156 1394 1191 1444 in·

153 1460 280 1530 telligere
297 1477 354 1512 non
372 1476 529 1532 possumus:
555 1469 600 1525 ut:
625 1459 705 1513 Stant
722 1464 856 1513 manibus
881 1479 964 1513 orae:
990 1477 1057 1511 curn
1074 1461 1190 1514 noudum

153 1533 228 1587 facta
245 1526 281 1580 sit
296 1530 451 1595 funeratio,
475 1544 545 1598 quae
563 1531 705 1600 praecedit
729 1547 758 1582 se
781 1533 896 1582 ulcrum.
930 1529 1039 1581 Probus
1057 1537 1151 1594 tamen
1166 1537 1190 1583 et

153 1600 278 1652 Donatus
302 1599 336 1650 de
360 1597 414 1650 hoc
431 1599 491 1650 loco
508 1601 709 1667 requirendum
726 1549 816 1657 adbuc
834 1615 893 1651 esse
910 1600 1046 1651 dixerunt.
1064 1624 1101 1636 -
1135 1606 1187 1657 175.

98 1671 101 1675 ’
154 1669 291 1735 Coeloque
317 1668 431 1718 educere
456 1680 578 1732 certont;
609 1677 641 1720 ut
664 1669 717 1720 hoc
741 1669 859 1734 faciant,
888 1675 984 1720 mente
1016 1675 1190 1736 pertractant.

152 1739 226 1790 Nam
243 1737 333 1788 adhuc
350 1736 417 1788 ituri
433 1737 469 1788 ad
486 1737 582 1789 silvam
600 1737 645 1802 (al.
664 1739 764 1799 silvas)
783 1744 853 1788 sunt.
870 1761 906 1774 ·—
922 1741 1002 1794 ι179.
1021 1737 1102 1800 Itur,
1121 1753 1188 1802 eo,e

151 1807 315 1860 brevis-est:
334 1807 401 1870 itur,
419 1807 430 1856 i
447 1805 530 1871 longa
547 1807 693 1858 invenitur.
728 1808 803 1875 Ergo
822 1806 886 1874 quia
903 1805 957 1857 hoc
974 1804 1096 1856 verbum
1115 1805 1188 1858 breve

153 1879 198 1930 est
221 1876 251 1927 in
276 1874 398 1942 origine,
422 1883 451 1927 et
473 1874 503 1924 in
527 1874 713 1928 declinatione
737 1874 769 1925 fit
790 1875 923 1941 longum,
946 1874 1010 1926 ideo
1035 1882 1115 1926 certa
1139 1875 1188 1925 eius

134 1951 271 2008 natura,
297 1959 349 1994 nec
373 1943 404 1993 in
427 1942 600 2010 temporibus
624 1961 676 1996 nec
701 1945 731 1995 in
753 1944 906 2014 participiis
929 1941 1082 1994 invenitur.
1122 1940 1188 1995 Nam

57 2042 60 2049 ¹
151 2029 218 2066 curn
236 2014 295 2063 itur
311 2011 394 2079 longa
412 2012 461 2077 sit,
480 2017 574 2064 iturus
592 2012 682 2063 brevis
700 2013 851 2069 invenitur:
870 2020 901 2062 nt
918 2011 1020 2079 (680.):
1044 2011 1186 2077 Superum-

58 2160 61 2165 ’
153 2154 212 2202 itur
235 2165 286 2217 pro

152 2099 205 2150 que
223 2083 255 2132 in
273 2082 368 2133 lumen
387 2072 505 2132 ituros.⁵
523 2079 607 2133 Multi
624 2083 693 2146 (Vos.
714 2077 815 2144 multo)
834 2088 930 2133 tamen
947 2087 1059 2132 tentant
1076 2080 1187 2132 diceutes

307 2158 349 2200 ter
375 2168 421 2214 eo,
444 2167 516 2218 quae
540 2150 632 2217 prima
655 2150 733 2202 verbi
757 2151 836 2216 origo
855 2159 909 2214 est,
932 2167 983 2219 per
1002 2149 1186 2217 diphthongon

150 2219 235 2271 scribi
254 2169 371 2271 delere:
390 2221 463 2285 quod
480 2235 537 2269 non
553 2219 687 2288 procedit,
704 2219 770 2287 quia
784 2219 969 2288 diphthongos
983 2234 1096 2287 semper
1113 2218 1186 2285 longa

151 2297 199 2341 est.
233 2289 353 2338 lautem
371 2294 399 2337 et
416 2289 531 2356 produci
548 2296 639 2355 potest
656 2295 684 2338 et
700 2288 811 2356 corripi.
846 2287 917 2338 Hinc
936 2295 977 2338 est
995 2287 1071 2354 quod
1083 2287 1183 2354 fortui-

116 2406 118 2411 ,
150 2369 197 2408 tus
219 2358 287 2424 i[et
306 2354 335 2419 u]
353 2363 381 2407 et
397 2357 539 2425 producit,
564 2365 591 2408 et
616 2357 739 2426 corripit.
774 2357 907 2407 luvenalis
932 2361 993 2420 (13,
1011 2354 1104 2418 225.):
1126 2355 1182 2405 li‘on

150 2427 236 2494 quusi
253 2424 398 2493 fortuitus
426 2425 470 2491 (al.
494 2425 626 2490 fortuitu,
650 2424 777 2488 fortuito)
805 2441 854 2475 neo
872 2437 1020 2474 ventorum
1049 2427 1125 2477 rabie
1148 2423 1183 2490 (al.

151 2497 258 2555 robies3
274 2494 309 2544 R.
328 2493 434 2560 rapior)
454 2493 502 2544 sed
520 2493 617 2545 lrotus
636 2495 719 2543 cadat
738 2497 768 2544 in
788 2505 878 2545 terras
903 2506 928 2543 et
952 2495 1081 2543 vindicet
1105 2493 1180 2559 (codd.

128 2562 242 2624 ¹indic.)
268 2565 355 2630 ignis.
397 2563 500 2614 Contra
524 2563 654 2614 Horatius
679 2565 792 2628 (Germ.
812 2561 930 2627 2,15.):
955 2561 1016 2612 Nec
1036 2562 1178 2628 fortuitum
1219 2572 1224 2655 Ι

149 2649 277 2702 spernere
301 2632 429 2700 cespitem
453 2633 526 2699 leges
552 2634 691 2682 sinebant.
726 2632 777 2682 Hic
801 2631 876 2683 enim
901 2631 953 2681 nisi
973 2633 985 2680 i
1002 2631 1086 2683 litera
1107 2631 1177 2698 longa

148 2705 198 2768 sit,
221 2717 277 2752 non
296 2709 349 2752 stat
365 2717 464 2752 versus.
499 2702 536 2750 Et
552 2699 605 2751 hoc
623 2701 788 2770 protulimus
813 2700 970 2767 exemplum
989 2699 1072 2751 unius
1088 2715 1177 2752 sermo·

147 2770 205 2835 nis,
229 2788 264 2821 ne
282 2771 342 2838 quis
360 2769 434 2821 dicat
460 2770 554 2819 iturus
580 2777 607 2820 et
632 2773 690 2820 itur
715 2769 777 2820 ideo
795 2769 901 2820 variam
920 2767 1033 2822 habere
1058 2778 1174 2821 naturam

147 2845 262 2908 propter
284 2847 444 2908 temporum
467 2838 637 2890 varietatem.
685 2838 763 2888 Unde
788 2838 886 2888 melius
911 2830 1031 2900 est,'‘ut
1065 2839 1174 2898 diunius,

147 2907 262 2976 originis
286 2909 462 2959 considerare
486 2907 633 2959 rationem.
670 2906 741 2958 Sane
760 2906 905 2974 fortuitus
930 2906 965 2957 ab
992 2909 1086 2958 eundo
1105 2910 1173 2958 estet

147 2996 164 3030 a
176 2975 299 3046 fortuna
324 2976 515 3046 compositum.
534 3001 566 3013 -
602 2982 663 3033 180.
682 2975 872 3027 Procumbunt
895 2978 1007 3042 piceae,·
1031 2977 1124 3043 piceo,
1143 2990 1173 3022 se

146 3046 269 3099 cundum
285 3044 405 3096 Plinium
422 3045 453 3095 in
470 3044 597 3096 Naturali
613 3044 734 3095 Historia
752 3050 804 3110 (10,
823 3051 866 3108 10,
884 3044 951 3108 18),
969 3045 1069 3112 quinta
1086 3043 1171 3131 speeies

146 3115 224 3168 cedri
250 3122 297 3167 est.
333 3115 405 3164 Nam
424 3114 537 3166 caedria
564 3113 637 3164 dicta
661 3120 701 3164 est
719 3114 798 3182 quasi
819 3117 963 3180 καιομένης
989 3108 1072 3182 doctis
1096 3106 1170 3182 tyoir,

144 3184 163 3237 i.
189 3203 212 3236 e.
237 3183 345 3234 arboris
368 3183 471 3234 humor
496 3181 625 3235 ardentis.
651 3207 686 3218 -
728 3190 788 3238 183.
820 3182 938 3233 Necnon
961 3182 1087 3250 Aeneas3
1113 3186 1170 3234 bona

146 3254 309 3306 oeconomia
331 3253 440 3303 venitur
464 3253 499 3303 ad
523 3267 646 3303 ramum.
664 3275 698 3287 -
734 3254 795 3308 181.
820 3251 990 3318 'siccingitur
1015 3256 1119 3318 ormis‚·
1138 3252 1171 3301 in¹

143 3323 259 3374 struitur
277 3322 380 3375 officiis.
399 3347 434 3358 -
469 3325 529 3379 186.
547 3319 627 3371 Forte
646 3330 791 3385 precatum
815 3328 894 3372 vacat
904 3321 1000 3388 forte:
1024 3330 1054 3372 et
1072 3330 1111 3373 est
1126 3335 1170 3370 ver·
1215 3338 1219 3345 ·

144 3405 188 3442 sus
206 3390 240 3442 de
257 3389 299 3441 his
317 3390 365 3458 qui
382 3392 514 3440 tibicines
532 3398 680 3439 vocantur:
705 3389 803 3455 quibus
828 3391 908 3442 datur
927 3389 973 3455 (al.
992 3389 1119 3452 additur)
1133 3386 1170 3439 ali·

145 3459 211 3527 quid
230 3458 264 3510 ad
282 3460 368 3510 solam
386 3458 469 3510 metri
487 3458 727 3509 sustentationem:
753 3467 783 3508 ut
801 3464 843 3523 (5,
860 3459 948 3521 457.):
974 3456 1062 3509 Nunc
1082 3462 1170 3518 dextro,

145 3544 222 3580 nunc
240 3528 288 3578 iile
306 3530 435 3578 sinistro.
470 3527 528 3577 Neo
546 3526 623 3577 eninr
640 3542 784 3595 possumus
802 3528 966 3593 intelligere,
985 3544 1053 3579 eum
1071 3527 1170 3581 fortuitu

142 3609 262 3662 rogasse.
280 3621 314 3634 -·
350 3603 409 3652 187.
427 3593 459 3646 Si
465 3616 474 3659 ,·
500 3591 662 3646 adverbium
687 3596 811 3662 rogantis
837 3605 865 3647 et
890 3597 1010 3663 optantis
1029 3605 1072 3648 est
1088 3609 1170 3665 perse

141 3664 270 3736 plenum:
286 3667 356 3715 sicut
374 3673 403 3716 et
420 3682 445 3729 o,
463 3662 550 3731 [utin
563 3665 594 3714 V.
614 3663 710 3731 (Ι95.),·
729 3663 900 3731 Quanquam
920 3684 943 3729 o,
961 3665 1010 3714 sed
1029 3657 1171 3732 supereum]

142 3747 301 3802 quanquam
325 3733 460 3784 neoterici
483 3731 552 3784 haec
577 3731 707 3799 iungant,
731 3741 758 3783 et
775 3749 826 3801 pro
845 3750 900 3784 uno
945 3743 1041 3788 onant.
1077 3734 1170 3788 Persius

142 3799 275 3868 (2‚10.):
301 3800 326 3852 O
351 3804 379 3852 si
403 3800 517 3852 Ebullot
542 3800 651 3867 (Guelf.
667 3802 686 3852 Ι.
711 3801 743 3852 L.
762 3805 792 3852 V.
809 3799 843 3852 R.
868 3753 1002 3869 abablium
1028 3805 1060 3854 V.
1085 3804 1171 3855 ebullit

141 3883 270 3939 patruus.
288 3869 362 3936 Lips.
381 3873 422 3919 tic
441 3890 455 3921 ο
475 3873 502 3920 si
519 3869 644 3920 ebulliod
662 3882 790 3935 patruus.
810 3872 928 3922 Gueltl.
941 3873 1029 3924 etium
1044 3868 1169 3940 patruus.)

141 3940 239 4005 patrui
261 3939 439 4004 praeclarum
459 3937 555 4008 funus
581 3938 668 4002 (codd.
694 3946 721 3989 et
745 3940 778 3991 al.
796 3940 872 3992 add:
898 3952 923 3990 et
941 3959 955 3991 o
976 3945 1031 4002 ri).
1050 3970 1085 3980 -
1118 3945 1168 3998 188·

142 4005 282 4076 Quando,·
306 4005 457 4077 siquidem,
480 4015 510 4061 et
533 4007 656 4058 nimium
681 4025 743 4060 vere
766 4024 832 4061 cum
855 4006 963 4080 ingenti
981 4011 1051 4064 dixit
1069 4013 1168 4066 affectu:

743 4246 754 4277 ἱ
