2454 4500
93 268 155 333 un
225 274 230 293 ι
350 262 492 327 sauvu
517 261 877 329 conuuuraums
912 253 918 259 ’
952 254 971 315 ³.
1035 259 1061 301 ··

93 442 288 513 ulau-arnna]
305 474 336 483 —
376 456 403 507 ll
416 451 570 569 Agilaam
592 452 714 511 ducunr3
733 457 761 502 et
778 447 965 501 necessarium
983 440 1088 512 posuit,
1105 445 1133 495 et

95 512 263 579 irritasunt]
287 542 320 553 -
359 522 415 575 tlh.
470 524 552 573 »sosia
581 538 681 587 rogita,
699 520 841 582 uratum,
863 535 882 566 a
905 515 1002 565 Gnoso
1026 511 1133 563 civitate

94 580 171 639 sium
189 582 229 649 [ot
247 590 287 641 rrst
303 593 499 649 alpranaaturu
517 607 533 642 a
551 586 739 660 possibili.]-
770 591 833 651 116·
851 583 909 634 Νῐσ
925 585 1011 650 longo
1028 583 1134 631 ‘lislam

97 664 199 707 cursu,
224 650 328 705 aDato
345 653 463 713 scilirelt
487 659 539 723 [cst
556 663 752 726 argumentum
770 672 787 705 a
802 650 897 716 facili]
931 650 1021 703 Modo
1040 650 1134 714 Iuppi·

98 728 137 767 ter
156 717 250 781 eurisis,¹
277 728 323 773 aut
342 736 402 773 aar:
426 738 458 773 uc
481 725 504 777 si
522 726 641 779 diceret:
667 722 859 775 tantummodo
883 720 919 770 sit
934 733 1081 771 serenum:
1106 722 1146 775 ut,

96 784 228 837 Horatius
253 790 367 857 (Carnu
384 794 410 849 l,
432 795 479 849 tl:
504 793 602 845 Manet
627 794 677 843 sui
698 792 762 843 Ioue
784 790 894 859 frigido
913 801 1033 839 venator
1052 785 1136 836 Tene·

100 868 145 901 rue
171 857 304 927 coniugis
331 860 476 911 irnrrternor
517 861 536 913 i.
556 882 579 915 e.
608 857 660 914 sinti
678 856 757 921 Aris,
782 859 832 909 sub
850 855 933 920 divo]
950 860 1135 907 *Antretera
1178 882 1180 919 ξ

100 918 234 987 luppiter,
252 926 299 991 qui
317 935 425 995 praeut
442 863 546 983 insciae
564 931 666 982 Cretae
683 930 766 996 quam
782 933 907 997 petemus
925 925 968 991 (al.
987 921 1136 994 petebant),
1178 928 1180 979 ;

98 988 157 1111 bam
175 989 240 1057 quia
257 1001 350 1045 veritas
367 1012 511 1067 prosperos
524 999 646 1069 luppiter
659 1004 788 1064 praestat.
799 1022 834 1043 -r
868 998 929 1051 117.
951 992 1050 1044 Tertio
1070 993 1134 1056 lns;

119 1070 152 1105 oo
177 1058 290 1125 quidam
322 1063 394 1113 iuxta
417 1066 539 1132 speciem
569 1067 732 1133 arrguralem
760 1063 880 1134 positum
903 1062 1034 1127 tradunt,
1065 1076 1136 1129 qrnc

99 1124 254 1205 appellatur
274 1132 429 1197 condictio,
446 1135 464 1187 i.
483 1154 507 1187 e.
524 1135 710 1198 densurtiatio,
726 1149 791 1184 cum
808 1130 1004 1193 denuntiatur,
1027 1135 1138 1187 utente

100 1193 176 1247 diem
199 1197 314 1249 tertium
332 1200 392 1269 quis
416 1202 451 1253 ad
477 1204 701 1270 inaugurandum
725 1202 807 1252 adsit:
829 1198 903 1267 quod
919 1199 1054 1249 Anchises
1078 1203 1139 1264 post

101 1265 329 1331 impetrationem
346 1270 469 1337 augurii,
494 1281 521 1324 et
537 1272 669 1340 Apollinis
685 1283 861 1340 responsum,
883 1267 1001 1318 suadens
1022 1266 1053 1317 in
1070 1268 1137 1316 Cre-

100 1340 160 1385 tam
191 1335 328 1401 eundum,
358 1339 478 1391 ostendit
508 1339 712 1393 condictionem
741 1339 771 1389 in
800 1335 916 1388 tertium
940 1336 1032 1399 diem,
1063 1334 1138 1386 addit

101 1399 194 1454 enim:
219 1401 305 1457 Modo
330 1406 455 1474 Iuppiter
479 1411 571 1473 adsit,
592 1409 645 1460 hoc
663 1416 691 1459 et
711 1421 764 1474 pro
786 1404 894 1456 civitate
917 1401 1041 1467 dicitur]
1076 1400 1139 1454 Ore·

105 1470 194 1535 tatis,-
218 1472 284 1539 q'uia
300 1470 404 1545 κρῆτηι
421 1476 484 1530 ideo
504 1478 646 1540 Cretaeis,
667 1483 698 1525 ut
715 1475 850 1525 Aetnaeis.
870 1497 905 1511 ·-
926 1464 1002 1529 ¹118.
1018 1469 1138 1523 Marias

104 1538 240 1605 honorem
260 1543 353 1594 unicui
374 1561 407 1597 ue
424 1556 519 1616 aptos·
545 1546 686 1614 [Taurum
703 1544 819 1612 figsuate
834 1541 914 1593 dixit:
932 1540 1050 1611 venetas
1064 1539 1139 1592 enim

105 1610 165 1681 ipsa
186 1607 262 1661 idem
285 1561 427 1680 siguiiicat.
474 1613 557 1667 Ratio
581 1613 659 1666 enim
680 1613 857 1663 victimarsun
883 1611 937 1661 fuit
959 1610 1005 1675 (al.
1021 1608 1063 1670 fit)
1088 1622 1140 1676 pro

106 1676 238 1748 qualitate
254 1681 408 1736 numinum.
443 1683 516 1734 Nam
534 1690 581 1734 aut
601 1682 655 1732 hae
679 1680 768 1746 (codd
784 1686 896 1748 praeter
913 1677 1005 1730 Gueli.
1022 1677 1042 1728 1.
1060 1675 1140 1740 haec)

106 1747 302 1815 immolantur,
326 1752 397 1819 quae
421 1751 521 1803 obnuit
543 1766 642 1803 eorum
666 1748 841 1812 muneribus,
862 1754 895 1796 ut
917 1761 1017 1816 porcius
1028 1745 1142 1816 Cereri,

108 1816 174 1887 quia
191 1815 269 1868 obest
285 1818 425 1888 frugibus:
441 1820 534 1871 hircus
551 1818 662 1884 Libero,
679 1817 743 1885 quia
760 1814 858 1878 vitibus
874 1822 964 1867 nocet.
998 1815 1054 1867 Aut
1065 1821 1141 1867 certe

109 1887 144 1940 ad
162 1886 387 1953 similitudinem,
404 1897 435 1938 ut
449 1888 547 1941 inferis
563 1887 657 1953 nigras
674 1886 807 1952 pecudes,
823 1883 929 1953 superis
946 1882 1023 1934 albas
1039 1883 1141 1935 immo·

106 1958 179 2010 lent:
195 1955 268 2006 item
284 1957 442 2026 tempestati
459 1965 546 2021 atras,
564 1955 693 2006 candidas
710 1953 835 2005 seruituti
851 1955 893 2020 [ut
909 1952 999 2012 inira:
1016 1951 1141 2020 Nigrum

108 2032 160 2079 etc.
197 2022 267 2081 Saue
284 2025 330 2076 hio
348 2026 469 2077 ostendit
484 2023 602 2077 dicendo
621 2025 744 2089 meritos,
758 2021 813 2073 rite
830 2021 960 2090 Neptuno
973 2029 1007 2074 et
1022 2018 1141 2102 Apollini

108 2089 222 2156 tauros]
239 2118 274 2130 -
310 2097 368 2150 119.
388 2093 516 2145 Taurum
535 2091 681 2160 Neptuno,-
704 2099 820 2160 propter
843 2090 968 2141 futuram
991 2090 1144 2158 navigatio·

109 2178 183 2216 nem.
220 2159 337 2212 Pulcher
354 2161 466 2228 Apollo3
484 2167 597 2230 propter
614 2160 758 2212 oraculum
775 2160 878 2210 datum.
912 2157 995 2225 [Sane
1011 2159 1066 2210 boc
1083 2160 1143 2210 loco

110 2228 240 2297 Virgilius
258 2237 364 2280 secutus
382 2239 506 2282 veterum
530 2228 688 2295 opinionem
705 2229 867 2297 Neptunum
884 2233 995 2278 tantum
1019 2235 1047 2280 et
1064 2227 1144 2297 Apol·

112 2298 200 2350 linem
215 2298 380 2362 nominarim
397 2299 526 2350 dicuntur
542 2298 618 2348 enim
635 2299 665 2350 hi
676 2296 714 2349 dii
732 2304 844 2364 penates
860 2295 952 2360 fuisse,
969 2310 1037 2364 quos
1050 2312 1144 2348 secum

111 2367 219 2425 advenit
241 2367 359 2432 Aeneas,
386 2367 508 2435 quamvis
532 2366 643 2417 diversis
671 2367 737 2417 locis
767 2366 832 2415 alias
856 2364 1000 2433 opiniones
1024 2364 1144 2415 aliorum

113 2442 220 2487 secutus
251 2439 332 2503 poeta
366 2436 400 2487 de
430 2436 481 2486 diis
514 2435 658 2501 perietibus
682 2434 787 2486 diversa
809 2432 913 2483 dixerit.
963 2433 1000 2482 Et
1029 2434 1142 2500 quidmn

112 2501 227 2571 pulcher
245 2503 342 2570 Apollo
362 2504 504 2573 epitheton
522 2504 618 2553 datum
635 2503 753 2572 Apollini
769 2500 992 2571 reprehendunt;
1008 2501 1143 2568 pulchros

114 2572 189 2626 enim
207 2589 223 2622 a
240 2572 376 2622 veteribus
394 2573 525 2624 exsoletos
542 2572 642 2636 dictos,
665 2589 731 2622 nam
757 2580 785 2623 et
802 2571 875 2640 apud
892 2569 1030 2619 Lucilium
1047 2570 1143 2640 Apollo

112 2639 229 2710 pulcher
252 2639 306 2690 dici
329 2655 384 2691 non
408 2639 489 2704 vult]
513 2667 548 2676 -
590 2647 649 2697 120.
675 2639 796 2707 Nigrum
823 2647 891 2699 etc.;
916 2637 991 2689 bono
1015 2655 1079 2689 usus
1104 2644 1146 2690 est

113 2709 225 2773 ordine,
243 2716 273 2758 ut
289 2709 365 2774 prius
383 2716 519 2760 averteret
535 2710 622 2771 mala,
639 2708 677 2758 sic
695 2709 861 2771 conciliaret
871 2707 998 2774 optanda.
1032 2708 1146 2758 Frustra

114 2778 190 2831 cuim
208 2778 353 2844 profutura
369 2784 519 2844 poscuntur
532 2777 649 2829 adversis
666 2778 850 2844 sequentibus.
885 2776 969 2842 [Nam
983 2783 1011 2829 et
1022 2774 1146 2827 Romani

114 2854 219 2898 veteres
248 2844 307 2895 Diis
329 2844 514 2916 asperioribus
538 2845 744 2910 sacrificabant,
768 2864 804 2896 ne
827 2844 981 2909 nocerent]
1005 2869 1040 2881 ·-
1084 2850 1145 2902 121.

118 2914 234 2964 Pulsum
260 2916 355 2980 regnis
380 2916 496 2965 cessisse
520 2917 662 2980 paternis,-
693 2931 750 2964 non
781 2914 849 2964 dicit
872 2929 965 2979 quare.
1008 2912 1061 2966 sad
1084 2913 1146 2964 tulis

116 2982 232 3034 historia
255 2989 308 3034 est:
333 2982 498 3033 Idomeneus
522 2984 566 3050 [de
584 2982 688 3034 semine
705 2982 880 3033 Deucalionis
896 2980 1008 3047 natus,]
1032 2982 1147 3039 Creten·

116 3051 188 3104 sium
204 3067 266 3117 reu,
283 3067 347 3101 cum
366 3060 427 3118 post
443 3067 567 3104 eversam
584 3051 700 3102 'Iroiam
717 3059 919 3114 reverteretur,
935 3051 964 3100 in
981 3054 1147 3118 tempestate

117 3120 225 3172 devovit
241 3120 292 3171 diis
309 3120 528 3170 sacrificaturum
546 3137 575 3171 se
592 3121 626 3170 de
643 3137 684 3184 re,
701 3136 773 3187 qliae
791 3119 816 3172 ei
834 3119 958 3187 primum
975 3124 1147 3172 occurrisset.

115 3189 250 3256 Contigit,
269 3196 298 3239 ut
314 3186 385 3239 filius
401 3190 458 3241 cius
475 3190 579 3256 primus
596 3197 768 3239 occurreret:
792 3205 876 3256 quem
893 3204 973 3253 cum,
997 3196 1027 3237 ut
1043 3190 1091 3240 alii
1108 3188 1148 3240 di-

116 3266 190 3322 cunt,
205 3257 391 3308 immolasset:
407 3264 439 3307 ut
455 3258 501 3308 alii
518 3256 617 3325 [vero],
634 3257 780 3310 immolare
796 3258 935 3313 voluisset:
952 3259 991 3323 [el
1006 3266 1070 3324 post
1087 3265 1146 3309 orta

117 3334 187 3378 esset
203 3325 379 3396 pistilentia,]
398 3343 414 3375 a
431 3326 533 3376 civibus
550 3327 641 3396 pulsus
658 3324 720 3392 [est]
737 3341 839 3392 regno,
856 3326 1036 3377 Sallentinum
1054 3325 1146 3391 (nimo)

117 3394 263 3447 Calabriae
288 3395 511 3462 promontorium
531 3395 634 3457 tenuit,
662 3397 736 3445 iuxta
759 3396 831 3462 quod
858 3394 982 3445 condidit
1008 3394 1146 3447 civitatem

120 3462 254 3526 ut(300.):
271 3463 306 3511 Et
313 3463 485 3513 Sallentinos
500 3465 607 3513 obsedit
622 3465 709 3513 milite
726 3463 1147 3530 camposLyetiusIdomenens.

119 3528 227 3580 Relatio
250 3546 316 3596 ergo
338 3531 470 3582 historiae
494 3533 528 3583 ad
550 3531 731 3582 iniiciendum
755 3533 882 3584 Troianis
906 3532 1042 3600 [Cretam]
1064 3532 1147 3586 eundi

118 3596 285 3648 desiderium
299 3601 432 3664 pertinet:
451 3609 479 3651 et
490 3610 598 3651 revera
614 3600 693 3650 aliter
706 3602 741 3652 ad
753 3602 839 3651 hostis
852 3601 1023 3672 provinciam
1035 3602 1077 3655 ire
1091 3617 1147 3653 non

118 3672 253 3735 poterant.
271 3692 305 3704 ·-
342 3674 400 3724 122.
420 3669 583 3730 Idomenea,
607 3669 703 3734 [liuius
728 3671 847 3723 uonnnis
891 3671 1024 3722 enultima
1045 3671 1148 3739 syllaba

119 3740 218 3784 natura
235 3732 337 3798 brevis,
361 3745 458 3787 contra
481 3736 608 3801 regulam
631 3738 763 3804 producta
781 3749 829 3791 est.
864 3688 917 3801 iad
935 3738 1011 3806 quia]
1028 3741 1149 3808 quinquo

118 3799 244 3853 Graecae
261 3810 322 3852 sunt
337 3804 462 3872 linguae,
484 3804 608 3867 Aeolica,
632 3803 740 3871 ionica,
763 3808 879 3872 Dorica,
895 3808 1001 3873 Attica,
1018 3809 1150 3859 Commu-

119 3868 175 3920 nis:
200 3869 264 3919 hino
281 3869 325 3933 lit,
349 3879 379 3920 nt
401 3874 428 3923 in
449 3888 503 3923 uno
520 3873 632 3922 nomine
650 3875 764 3927 varietus
787 3879 954 3928 inveniatur:
979 3883 1010 3925 ut
1032 3894 1097 3929 ecce
1119 3877 1150 3927 in

118 3935 185 3988 hoc:
218 3937 382 3990 Idomeneus
413 3940 574 3991 Communis
603 3940 696 4008 lingua
727 3946 793 3995 fucit
816 3945 966 4013 genitivum
989 3938 1150 4013 Ἰδομενέω,

118 4002 219 4058 Dorica
251 4000 414 4077 'loicaneria²
440 4009 529 4062 Attica
553 4002 724 4078 dioninsiae,
748 4014 840 4067 Ionica
860 4008 1034 4083 Ἰδομενῆος.
1072 4012 1152 4068 Unde
