2454 4500
106 264 147 335 ru,
165 243 321 309 wuolt.
343 244 514 310 annam.
536 246 617 313 LIB.
638 247 694 326 IV,
715 253 906 321 261-2db
965 196 1035 321 did

62 437 162 497 autent,
183 428 319 552 {stieng¹
332 445 383 513 pro
408 432 500 486 viridi:
530 439 562 484 ut
590 434 642 499 (5,
665 432 751 495 309.);
781 431 927 517 Fuleapne
950 451 1035 504 caput

63 512 149 552 entur
165 516 181 552 o
201 501 250 552 ba.
312 499 359 552 'ost
381 501 466 552 etiam
482 500 584 553 Plinisu
599 502 630 552 ln
646 500 771 552 Naturali
787 503 907 556 Historia
930 508 992 573 (37,
1007 511 1036 573 9,

63 569 179 635 ,multa
195 564 255 621 esse
271 568 311 621 ias
330 568 407 622 idum
423 586 538 638 genera:
563 571 592 620 in
611 570 709 637 quibus
726 570 812 622 etiam
822 571 939 640 fulvum
958 590 1034 629 com·

62 630 150 688 norat.
183 637 253 706 [Hoc
270 644 298 688 et
311 586 446 705 Lidymsa
463 645 491 690 et
506 636 644 690 Nicander
661 636 808 690 affirmant
841 639 894 692 Alii
911 641 1012 695 ardun

62 704 145 757 sidem
162 704 193 757 itt
210 707 393 774 zmaragdam
409 704 547 770 transire]
564 731 600 743 -
633 712 695 764 262.
711 706 799 758 Ensis
816 719 891 772 erat,-
913 651 1034 779 [antemi]

69 790 102 826 va
126 774 132 786 '
152 791 170 824 a
186 773 283 842 posuit
318 775 354 825 Et
376 774 456 825 muni
479 774 614 845 iaspidem
638 775 731 826 volunt
753 776 788 827 ad
805 776 925 844 gratiam
948 781 1034 849 perti·

62 863 75 894 i.
103 790 177 911 iiiiii
194 840 230 895 ad
245 842 339 895 salun's
356 843 509 894 custodiam
525 843 678 913 plurimun
700 858 794 913 posse:
818 859 885 913 ergo
908 863 1035 902 neeessa-

62 912 170 965 Aeneae
185 911 216 963 in
232 910 315 963 rebus
332 909 460 981 trepidis,
497 910 525 962 ui
541 910 614 963 inter
630 910 739 979 ignotas
757 920 785 964 et
800 911 935 983 bilingues
951 915 1034 971 deve·

62 972 199 1048 tger'st‘es.
234 977 365 1032 Traditio
383 979 468 1031 etiam
511 993 563 1030 anc
580 992 723 1048 gemmam
739 980 960 1035 contionantibus
982 1000 1032 1039 ne-
1089 1038 1091 1043 ,

62 1049 163 1107 triam3
183 1061 251 1100 nam
267 1047 389 1099 Graecus
407 1046 572 1110 (Gracchus)
589 1064 622 1099 ea
639 1046 739 1099 dicitur
755 1048 785 1100 in
802 1050 931 1104 contione
948 1068 994 1105 sae
1079 1098 1082 1105 .

65 1155 76 1196 t
98 1123 130 1169 et
151 1114 197 1168 bic
220 1117 325 1169 Aeneas
348 1115 427 1184 quasi
451 1115 532 1184 regni
575 1115 693 1182 articeps
716 1116 747 1168 in
767 1117 879 1197 publico
903 1119 977 1172 velut
999 1140 1030 1175 ιιι

62 1200 146 1250 rone,
167 1202 184 1236 a
199 1182 341 1236 Mercurio
363 1183 519 1253 corripitur.
538 1204 542 1217 ·
593 1201 629 1236 ne
651 1198 721 1252 ergo
744 1183 789 1236 bro
808 1185 835 1239 ei
857 1186 967 1240 babitus
982 1190 1032 1245 da·

80 1270 119 1306 ne
142 1266 207 1304 eum
222 1250 301 1320 Tyrii
317 1258 365 1303 ant
380 1259 412 1302 ιιι
428 1252 579 1319 profugum
597 1260 826 1322 aspernarentur,
848 1261 897 1306 aut
909 1255 1032 1328 obedire,

62 1321 169 1374 dvenae
183 1319 297 1372 nollent.
332 1317 403 1371 Sane
420 1319 490 1371 bene
502 1319 634 1373 describit
648 1319 808 1373 lusiniantis
824 1335 934 1378 ensem:
949 1326 1032 1381 aliter

64 1387 155 1450 621.):
183 1384 394 1457 Fanfferumque
416 1401 525 1455 ensem,
553 1395 583 1440 et
612 1392 678 1455 (12,
701 1388 774 1452 90.):
802 1389 919 1458 Ensom,
940 1392 1031 1461 Quem

63 1475 106 1510 ,no
123 1457 291 1525 ignipotens.
326 1457 377 1508 Hic
394 1456 525 1524 capulum
541 1463 590 1507 aut
601 1457 738 1525 saginam,
754 1463 783 1510 et
798 1456 829 1511 in
844 1456 897 1511 illis
912 1461 1029 1518 lenum.

66 1524 175 1597 peritus
190 1526 272 1592 po'e'ta
283 1539 349 1575 cum
362 1522 493 1576 amatoris
509 1523 668 1576 luxuriantis
679 1525 808 1592 ragirsam
821 1526 953 1583 describit
963 1531 1032 1587 alias

63 1611 86 1646 ιι
108 1593 226 1646 inseruit
247 1592 370 1645 rationes
392 1609 443 1645 cur
466 1591 605 1659 iaspidem
629 1591 753 1659 dixerit]
799 1591 914 1662 Laena,¹
963 1608 1032 1653 enne

63 1680 84 1715 s.
120 1661 171 1715 Est
184 1669 279 1713 autem
294 1659 410 1732 proprie
427 1668 492 1728 toga
509 1660 615 1729 duplex,
630 1663 747 1711 amictus
764 1663 910 1731 auguralis.
942 1614 1033 1735 filice·

63 1730 140 1783 oret
153 1726 222 1792 14):
238 1726 420 1798 Sacrificium
437 1728 583 1796 publicum
598 1744 661 1779 sum
674 1728 887 1848 laenepaceret
922 1733 1032 1791 Graeoe

63 1818 105 1854 ue.
147 1796 200 1857 Alii
224 1797 358 1851 aruinum
380 1798 544 1862 rotundum,
574 1796 621 1849 alii
643 1805 739 1865 togam
781 1798 900 1869 uplicem
922 1797 953 1854 in
976 1821 1032 1874 que

63 1869 138 1920 aines
154 1865 310 1919 unificant
331 1865 477 1918 infibulati.
511 1862 631 1934 Quidam
647 1866 760 1917 tradtmt
776 1864 850 1919 bene
866 1866 924 1919 filio
942 1871 1032 1927 Vene-

63 1934 183 1990 sabitum
200 1935 299 1987 laenas
315 1933 420 1999 datum,
435 1933 501 2002 quia
516 1931 591 1986 hunc
603 1932 655 1984 sibi
670 1935 803 1985 amictum
852 1952 902 1988 nus
916 1938 1030 1994 Veneris

63 2004 152 2058 icavit.
184 2003 263 2056 Unde
280 2002 385 2070 Popilii
402 2001 541 2053 Laenates
557 2008 672 2082 propter
687 2001 761 2055 bunc
777 2001 814 2055 ba
834 2004 921 2072 itum,
937 2009 985 2076 qui
1001 2028 1033 2064 ω

63 2071 165 2126 leuatis
187 2086 291 2140 genere
312 2079 387 2123 ortos
410 2071 545 2123 volebant
580 2070 634 2122 Abi
656 2070 828 2123 inventorem
851 2071 933 2126 buius
949 2079 1032 2130 vestis

63 2158 104 2195 sao
120 2140 181 2211 ipsa
195 2147 269 2193 veste
286 2137 437 2191 Laenatem
454 2139 623 2209 appellatum
638 2140 759 2192 tradunt
793 2139 913 2208 Quidam
934 2145 1032 2200 mulie·

63 2228 81 2262 a
96 2216 202 2263 vestem
218 2208 297 2279 pusi
320 2208 441 2261 amatori
458 2215 552 2278 aptam
569 2207 669 2258 volunt.
705 2203 825 2274 Quidam
841 2209 1031 2268 pontificalem

63 2294 84 2330 n
99 2278 155 2331 hoc
171 2275 232 2328 loco
249 2277 403 2347 expositum
419 2283 523 2346 putant.
557 2272 650 2327 Veteri
673 2275 748 2327 enim
769 2275 904 2346 religione
920 2279 1031 2335 Pontifi-

85 2345 308 2416 praeoipiebatur
331 2346 495 2413 inaugurato
512 2342 644 2409 Flamini,
667 2351 771 2396 vestem
788 2361 859 2412 quiae
875 2345 973 2399 Laena
991 2352 1032 2404 di.

63 2425 129 2481 ‚tsss,
151 2432 169 2467 a
194 2414 344 2467 Flaminica
367 2415 422 2466 texi
445 2420 590 2483 oportere:
618 2429 704 2480 quam
727 2419 830 2464 vestem
852 2426 918 2466 oum
940 2419 1031 2472 cultro

63 2486 219 2550 ›secespita
236 2482 425 2555 appellabatur
447 2482 488 2532 uti
505 2481 588 2550 (geri)
610 2481 750 2533 debere*
773 2480 911 2548 Secespita
934 2495 1031 2541 autem

63 2553 145 2606 tulter
160 2551 242 2604 oblon
265 2569 294 2603 us
310 2553 432 2614 ferreus,
457 2550 605 2601 manubrio
622 2546 763 2613 eburneo,
784 2550 916 2617 rotundo,
932 2549 1030 2621 solido,

63 2632 87 2674 to
114 2621 151 2673 ad
179 2636 231 2688 cap
262 2637 311 2671 um
338 2625 453 2688 argento
485 2627 621 2686 astroque,
650 2617 702 2668 fixo
734 2617 815 2671 clavis
839 2621 945 2689 aeneis,
973 2640 1030 2692 quo

63 2693 150 2756 aines,
172 2689 340 2742 Flaminicae
356 2689 475 2756 virgines
492 2687 690 2754 Pontificesque
707 2686 742 2737 ad
757 2685 892 2740 saorificia
908 2698 1031 2758 uniatur,

63 2776 85 2813 ie
108 2758 167 2812 iam
190 2773 269 2812 sacra
292 2765 342 2810 est.
389 2755 549 2827 Appellatus
579 2763 673 2806 autem
697 2757 831 2824 setespita
855 2769 873 2808 a
897 2761 1027 2813 secando.

76 2843 147 2897 ergo
170 2826 300 2896 Virgilius
327 2824 358 2876 in
380 2826 472 2876 Aenea
501 2836 586 2891 quem
614 2831 753 2874 sacratum
781 2822 937 2893 intelligere
965 2829 1031 2893 vult,

63 2895 92 2950 ia
121 2895 278 2964 supradiota
306 2893 426 2947 latenter
456 2891 597 2959 amplexus
621 2898 667 2942 est.
708 2891 781 2943 Nam
810 2892 1030 2961 inaugurationie

64 2965 128 3018 linit
142 2980 208 3016 cum
224 2963 303 3016 dicit:
321 2961 443 3014 Paribus
462 2963 556 3011 nitens
571 2958 716 3026 Cyllenius
734 2962 800 3025 alis,
818 2968 859 3012 et:
877 2962 930 3014 Aoi
947 2967 1029 3016 simi·

66 3042 110 3088 et:
138 3032 220 3085 Volat
237 3048 360 3100 aequom
379 3033 477 3096 iustn;
495 3027 615 3079 ostendit
632 3027 721 3090 enim,
738 3031 861 3081 Aeneam
878 3034 1030 3103 auspicato,

72 3100 245 3170 Carthagine
267 3101 373 3152 iussum
396 3098 483 3151 abire.
518 3097 628 3165 Togam
651 3103 745 3147 autem
768 3098 922 3167 duplicem,
943 3118 1029 3169 quam
1076 3106 1079 3111 '

64 3187 166 3224 iuream
189 3166 294 3222 debere
317 3186 374 3221 esse
398 3182 455 3219 non
478 3166 593 3218 dubium
617 3172 671 3229 est,
701 3164 754 3215 hoo
784 3182 864 3218 versu
894 3161 1031 3224 declarati

64 3242 139 3309 'aque
157 3238 272 3290 ardebat
290 3240 395 3288 muriae
412 3237 505 3286 laena.
538 3235 676 3299 Serespita
694 3240 802 3300 autem,
818 3237 952 3314 qtroniam
965 3253 1029 3306 gra·

76 3326 135 3361 non
159 3314 220 3360 erat
242 3305 325 3378 ipsius
349 3305 469 3357 nominis
492 3305 585 3356 facere
608 3302 796 3369 mentionem,
825 3311 864 3355 sta
888 3308 1030 3362 meminit:

64 3390 126 3429 atus
142 3377 252 3444 iaspide
263 3376 351 3444 solva
366 3374 452 3423 Ensis
470 3385 537 3424 erat.
572 3371 673 3422 Ensem
692 3387 759 3439 ergo
781 3386 833 3453 pro
856 3374 946 3424 cultra
968 3372 1028 3427 lon·

64 3447 220 3499 edebamus
232 3445 367 3515 accipere,
385 3443 527 3493 stellatum
540 3449 635 3492 autem
648 3455 699 3509 pro
717 3448 801 3492 aeuus
819 3441 894 3492 aneis
912 3442 1029 3510 (aeneis)

64 3530 124 3567 nm.
159 3515 300 3581 iaspidem
324 3520 418 3564 autem
441 3511 504 3562 ideo
526 3505 633 3575 intulit,
656 3527 692 3560 ne
715 3515 787 3559 totus
810 3527 827 3562 a
851 3525 917 3578 rego
942 3511 1028 3565 disoe-

83 3584 241 3647 rideretur‚
264 3582 309 3633 oui
333 3581 504 3651 propositum
522 3587 578 3640 est,
601 3585 726 3629 veterum
747 3581 973 3631 ceremoniarum
988 3580 1027 3633 ri-

64 3653 164 3714 ‚aliud
181 3666 265 3717 agens
282 3650 452 3717 contingere.
469 3672 504 3684 -·
539 3653 600 3704 263.
618 3646 750 3697 Demissa
774 3665 806 3696 en·
830 3647 970 3712 humeris,
996 3663 1029 3702 ex

64 3730 125 3775 ‚tate
149 3720 266 3772 amictus
291 3726 420 3770 ornatum
443 3716 574 3768 asnatoris
598 3715 737 3782 expressit.
772 3714 860 3766 Dives
879 3733 950 3780 quae
969 3732 1030 3768 rnu-

77 3792 175 3853 Dido,-
203 3804 261 3840 uon
284 3787 389 3840 addidit
411 3786 487 3837 cuius
511 3784 553 3836 rei
571 3784 658 3849 dives,
684 3791 714 3835 ιιι
738 3783 805 3834 alibi
828 3786 872 3854 (G.
890 3794 924 3851 2,
938 3786 1031 3851 4683:

65 3880 79 3913 s
101 3876 186 3928 opum
206 3859 367 3920 uariarum,
391 3863 418 3906 et
442 3849 486 3918 (9,
504 3853 571 3914 263:
596 3852 685 3903 Diues
703 3861 821 3919 equum,
845 3854 923 3904 dives
941 3856 1034 3924 pictai

64 3941 122 3982 set
140 3930 216 3978 auri.
254 3925 325 3976 Sane
348 3924 400 3976 hoc
424 3923 485 3974 loco
504 3921 597 3972 docuit
614 3921 731 3972 Flamini
756 3919 944 3975 aFlaminica
968 3924 1033 3977 fieri

64 4016 94 4053 m
120 4004 251 4071 oportere
258 4032 266 4061 ,
298 3995 375 4051 ouius
396 3993 491 4047 lanam
516 3990 650 4062 ipseper
674 4007 703 4043 se
733 3994 762 4042 et
785 4007 854 4045 nere
878 3988 981 4046 debeat
1006 4000 1034 4044 et

772 4111 827 4169 ta*
