2454 4500
51 364 55 371 .
98 307 118 327 ⁴·
149 272 215 337 220
267 296 271 305 ·
370 314 372 317 -
406 264 546 331 stnvn
569 260 919 346 contremuimus

70 516 72 522 Ι
148 450 370 525 tuitexplannio
387 469 439 521 per
457 453 597 506 Creusam.
633 456 725 526 [Ergo
742 455 937 524 maioraiunt,
954 455 1055 533 quibus
1071 459 1185 526 praeter

142 524 300 596 ,tripudium
317 522 451 592 auspicari
468 522 510 574 ius
533 525 581 589 sit,
604 541 694 592 neque
717 527 841 597 precatio
859 526 1021 588 adhibetur3
1043 527 1115 577 sicut
1130 527 1184 579 hoc

145 593 209 645 ioco
232 592 339 645 nullum
362 593 446 644 deum
468 600 597 662 precatur
620 593 751 661 Aeneas,
769 601 801 646 ut
821 592 866 647 his
888 593 1024 647 versibus:
1056 594 1133 647 Nam
1156 603 1185 646 te

148 662 300 715 maioribus
329 661 371 714 ire
393 677 444 731 per
469 660 557 711 altinn
579 661 714 728 Auspiciis
744 663 890 716 manifesta
913 662 995 716 fides:
1027 664 1186 730 Auspiciis,

148 732 214 800 quia
231 731 361 797 auspicia
380 731 499 794 maiora,
516 739 564 781 aut
581 731 748 797 maioribus,
764 732 901 798 dicuntur,
918 732 1017 802 quibus
1034 734 1186 800 augurisun

148 802 240 854 nvitun
263 799 434 865 aliarumque
459 806 555 850 rerum
572 799 704 869 eripinn,
728 808 856 872 utputa,
881 801 1020 872 siparra,
1045 802 1089 852 vel
1106 802 1185 870 picus

135 869 317 941 auspicium,
334 875 362 919 et
377 866 478 919 deinde
495 869 665 919 contrarium
683 869 774 939 aquila
791 868 913 934 dederit,
931 868 1087 936 auspicium
1105 869 1184 939 arpii-

146 940 192 992 lae
209 937 354 1008 praevalet.
388 935 464 1003 usgo
482 936 546 1004 quia
562 944 659 988 notum
676 934 731 1002 est,
747 954 805 990 esse
822 938 895 1009 apud
912 953 1029 1004 augmes
1047 930 1185 1010 auspieio·

148 1025 213 1067 rum
231 1003 462 1076 gradus'plures,
485 1012 513 1070 et
536 1021 624 1074 augur
647 1005 774 1074 loquitur
792 1007 974 1075 auguriorum
1009 1007 1097 1072 erite,
1119 1005 1184 1058 ideo

84 1113 91 1123 ,
149 1077 308 1129 maioribus
326 1075 467 1139 auspiciis
484 1073 557 1125 dixit.
593 1075 762 1143 Auspicium
788 1083 883 1128 autem
905 1083 946 1128 est
962 1090 994 1125 vo
1021 1083 1064 1127 tus
1082 1075 1186 1139 atium,

70 1162 72 1164 ’
169 1149 196 1198 ui
213 1144 316 1197 indicat
331 1143 485 1211 agendum,
509 1143 551 1194 vel
567 1143 752 1195 omittendum
776 1161 849 1210 esse,
910 1144 945 1198 od
968 1144 1028 1212 quis
1044 1142 1185 1215 coeperit,

132 1165 253 1268 'dictum
271 1213 306 1264 als
325 1229 374 1263 oue
399 1212 446 1261 ins
467 1212 576 1261 iciend'o
596 1213 674 1280 qltasi
693 1159 909 1282 avispicium?
920 1209 971 1265 Pe‘r
989 1214 1097 1278 ultum,·
1123 1217 1185 1281 (per

73 1312 74 1315 ¹
147 1285 235 1337 altum
253 1280 343 1345 dixit),
368 1277 419 1348 p'er
442 1229 561 1332 imitem
578 1281 704 1333 fortunae
721 1282 877 1351 superioris.
895 1307 929 1317 -
963 1287 1025 1339 376:
1041 1282 1167 1335 Sortitur
1174 1304 1185 1344 ,·

147 1350 281 1422 disponit,
298 1349 414 1401 ordinat.
450 1350 489 1416 [Ii
508 1367 532 1400 e.
549 1358 623 1400 sorte
640 1350 781 1414 decernit,
803 1350 846 1402 vel
862 1346 1006 1401 sortitione
1023 1348 1187 1415 distribuit]

51 1456 54 1461 -
104 1464 105 1468 ,
146 1421 186 1476 Et
203 1422 273 1472 bene
291 1417 381 1470 allusit
398 1417 475 1485 quasi
492 1416 621 1488 Apollinis
637 1420 779 1471 sacerdos:
804 1418 880 1470 cuius
896 1419 1027 1488 propriae
1044 1427 1109 1470 sunt
1125 1433 1186 1474 sor-

108 1510 125 1549 7
148 1499 204 1555 tes,
228 1488 304 1558 [ie.
329 1501 461 1553 responsa
484 1484 594 1550 divine]
620 1480 777 1555 ‘Voluitque
802 1489 893 1552 vices,-
918 1486 1041 1538 definitio
1055 1487 1117 1540 <fati
1143 1502 1186 1538 se-

147 1559 271 1612 cundum
288 1554 425 1618 Tullium,
441 1557 488 1622 qui
505 1554 557 1606 ait:
583 1555 685 1606 Fatum
704 1569 745 1607 est
762 1559 899 1610 connexio
919 1573 1011 1608 rerum
1028 1570 1078 1625 per
1090 1568 1185 1607 oeter-

148 1632 279 1691 nitotem,
297 1642 326 1676 su
344 1625 465 1675 inuicem
483 1634 592 1686 tenens,
610 1642 680 1691 quoe
697 1643 749 1678 suo
769 1627 868 1678 ordine
885 1637 910 1676 et
927 1627 985 1693 iege
1003 1623 1068 1693 [sic]
1086 1625 1186 1679 vorin·

129 1700 211 1761 tur,
236 1699 275 1746 ito
303 1688 411 1759 tomen',
437 1704 466 1743 ut
491 1691 554 1758 ipsa
573 1697 695 1745 varietas
712 1693 813 1746 habeor
831 1697 1031 1747 aeternitatem.
1057 1693 1121 1762 ¹[Et
1137 1693 1185 1744 hic

147 1773 240 1831 vices,
256 1761 465 1828 vicissitudines,
483 1760 548 1814 alibi
565 1763 703 1830 pericula,
726 1771 757 1814 ut
774 1769 816 1830 (2,
832 1762 921 1828 433.);
949 1763 1090 1814 Vitouisse
1107 1764 1185 1814 uices

147 1830 307 1896 Danaum]
319 1859 354 1868 -
389 1838 449 1888 377.
469 1828 563 1879 Pauca
581 1832 635 1882 sibi
652 1850 665 1882 e
684 1833 800 1896 multis,·
817 1832 871 1884 duo
889 1848 918 1884 se
935 1832 1002 1884 dicit
1019 1847 1078 1885 esso
1096 1831 1185 1883 dictu-

147 1920 228 1969 rum,
250 1899 486 1971 quemadmodum
508 1899 594 1970 possit
616 1908 674 1952 tute
699 1900 744 1969 (al.
768 1901 839 1963 tuto)
862 1901 1008 1970 navigare,
1031 1907 1059 1952 et
1082 1899 1185 1972 quibus

131 1971 233 2042 xsignis
250 1970 346 2023 Italiae
371 1983 457 2034 regna
476 1977 632 2036 cognoscat.
670 1966 791 2037 Hospita
817 1986 956 2038 oequoro3
985 1969 1089 2032 vioina3
1112 1967 1185 2021 nihil

148 2044 225 2095 enim
249 2038 330 2101 nobis¹
357 2036 476 2104 hospitio
492 2038 560 2089 ¹'esse
585 2036 697 2089 vicinius
714 2045 841 2105 ,constat
866 2061 900 2074 ·-
948 2043 1010 2099 378.
1034 2037 1184 2105 [Ausonio

148 2122 247 2180 portu3
264 2106 341 2158 utin
357 2104 485 2170 Ausonia,
502 2105 579 2173 quasi
596 2106 626 2158 in
642 2115 725 2176 portu
743 2115 771 2160 et
786 2107 814 2159 in
832 2106 921 2173 litore,
936 2104 1135 2175 conquiescat]
1150 2132 1185 2145 -·

148 2186 211 2238 379.
236 2175 384 2228 Prohibent
408 2191 474 2223 nam
501 2186 588 2225 cetero
614 2178 702 2244 scire;
734 2176 779 2228 hic
801 2175 1033 2243 distinguendum.
1083 2177 1120 2227 Et
1144 2183 1185 2226 est

148 2250 256 2300 sensus:
288 2246 388 2297 Cetera
418 2249 446 2293 te
470 2243 539 2294 scire
563 2259 620 2294 non
644 2245 737 2295 sinunt
759 2245 832 2307 iata3
862 2244 999 2296 Helenum
1024 2260 1089 2297 vero
1113 2245 1184 2296 Iuno

148 2316 279 2389 prohibet
295 2313 403 2376 dicere,
425 2311 511 2362 etiem
536 2329 583 2376 ea,
605 2328 675 2380 quae
700 2314 796 2366 audire
819 2320 937 2381 poteras.
972 2314 1008 2365 Et
1024 2322 1104 2365 vacat
1122 2330 1184 2379 que,

149 2393 181 2436 ut
203 2383 272 2435 solet
293 2383 461 2448 frequenter.
496 2380 570 2432 Male
589 2388 682 2435 autem
699 2384 834 2447 sentiunt,
851 2382 897 2448 qui
914 2381 1086 2449 distinguunt
1110 2383 1183 2432 scire

150 2452 304 2504 Helenum:
329 2463 393 2499 cum
409 2447 559 2515 legerimus
585 2450 614 2500 in
631 2451 744 2502 Lucano
769 2448 915 2516 (5,177.):
944 2450 1025 2501 Venit
1048 2463 1129 2501 aetas
1156 2469 1184 2502 o·

151 2525 227 2574 mnis
258 2523 290 2572 in
316 2534 401 2568 unum
428 2516 605 2584 congeriem:
639 2522 824 2586 miserumque
855 2531 1055 2586 premuntltot
1089 2520 1182 2570 seculo

150 2603 253 2660 pectus.
287 2588 357 2638 ltem
382 2586 448 2636 alibi
472 2586 618 2650 (5,176.):
642 2587 700 2638 Nec
725 2600 833 2639 tantum
851 2590 966 2653 prodere
982 2590 1058 2653 uati,
1083 2586 1181 2654 Quon-

150 2675 210 2713 tum
229 2660 301 2708 scire
321 2657 391 2706 licet.
427 2655 463 2704 Et
480 2655 549 2706 adeo
566 2655 686 2723 repletus
707 2657 821 2709 numine
844 2657 920 2708 novit
937 2657 1030 2709 omnia
1047 2658 1184 2720 sacerdos,

150 2738 182 2781 ut
198 2729 354 2779 refrenetur
372 2723 406 2775 ad
424 2731 499 2776 certa
517 2726 632 2789 (cetera)
650 2726 772 2778 dicenda.
807 2725 880 2776 Nam
896 2725 1024 2778 dicendo:
1041 2724 1183 2778 Helenum

145 2799 265 2870 forique
289 2805 362 2846 vetat
378 2792 514 2844 Saturnio
533 2794 620 2855 Iuno,
644 2795 775 2858 ostendit,
799 2795 983 2868 preemissum
1007 2795 1043 2847 ad
1058 2795 1183 2848 Aeneam

149 2866 305 2942 pertinere3
327 2862 407 2923 aliter
430 2878 510 2916 suum
534 2878 590 2913 non
611 2862 800 2934 interponeret
823 2880 933 2915 nomen.
958 2863 1058 2930 (Gueli.
1075 2864 1096 2916 1.
1122 2863 1183 2916 add

151 2934 297 3003 Quomodo
322 2938 394 2984 vetat
421 2932 489 2981 luno
519 2931 627 2996 dicere,
658 2931 681 2982 si
705 2934 763 2985 fata
788 2933 856 2984 scire
876 2931 1047 3003 ‘proffibentt
1089 2933 1184 2987 Nullus

151 3006 228 3056 enirn
244 3008 350 3054 vetatur
367 2999 457 3067 loqui,
480 3000 552 3068 quod
569 2999 673 3053 nescit?
687 2999 823 3059 ,Solvitur
846 3000 898 3053 sic:
924 3018 991 3052 nam
1007 3009 1103 3054 cetera
1119 3003 1183 3055 Par·

150 3091 199 3124 coe
224 3081 251 3123 te
275 3071 345 3121 scire
370 3068 478 3136 farique
503 3076 576 3122 vetat
600 3066 654 3118 Sat.
678 3069 753 3120 luno.
795 3069 890 3120 Noluit
913 3069 960 3121 ille
985 3070 1094 3138 dicore,
1119 3071 1183 3138 quia

67 3178 71 3182 -
151 3140 302 3196 moriturus
327 3144 387 3189 erat
409 3137 555 3198 Anchisem
586 3136 665 3188 alibi:
697 3154 749 3189 nec
773 3151 845 3190 vates
867 3138 985 3190 Helenus
1008 3154 1074 3190 cum
1098 3139 1184 3190 multa

149 3209 290 3263 horrenda
313 3206 465 3269 moneret.)
514 3206 646 3257 Prohibet
676 3215 770 3257 autem
801 3207 871 3258 scire
894 3215 1016 3261 mortem
1039 3210 1126 3277 patris
1150 3207 1184 3260 ad

151 3278 310 3347 augendum
333 3276 380 3329 iuo
401 3275 508 3335 inatpm
534 3275 674 3327 dolorem:
696 3283 889 3344 tempestatem
912 3275 947 3327 ab
972 3276 1056 3328 Aeolo
1080 3277 1183 3328 immis-

150 3366 224 3401 sam:
241 3360 367 3399 amorem
412 3343 514 3407 idonis,
530 3344 559 3394 iu
577 3360 631 3412 quo
649 3351 677 3397 et
692 3345 823 3410 gaudium
842 3344 955 3411 quidem
972 3351 1029 3410 est,
1045 3346 1094 3398 sed
1110 3344 1184 3414 quod

151 3415 368 3486 [irnlprovisum,
391 3413 442 3464 vile
465 3413 594 3465 creditur.
629 3413 665 3464 Et
687 3414 709 3464 si
733 3414 815 3465 sciret
839 3415 959 3478 Aeneas,
980 3429 1009 3464 se
1033 3414 1069 3466 do
1093 3414 1183 3468 Africa

152 3486 305 3546 exiturum,
335 3499 390 3534 non
421 3480 501 3532 facile
526 3481 643 3533 Didonis
672 3483 840 3534 consentiret
863 3481 1011 3534 amoribus.
1052 3483 1183 3535 Novimus

153 3561 261 3615 autem,
284 3550 337 3602 hoc
360 3552 496 3601 lunonem
520 3565 618 3616 agere,
641 3558 685 3616 ut,
708 3552 730 3601 si
748 3552 832 3621 possit
853 3549 930 3617 fieri,
952 3565 1073 3617 regnum
1089 3552 1183 3604 ltaliae

152 3622 269 3687 Libycas
286 3625 422 3674 averteret
439 3618 484 3684 (al.
498 3618 572 3680 odo.)
590 3635 659 3670 oras.
693 3621 869 3691 inopinatum
881 3636 944 3672 vero
958 3619 1087 3672 dolorem
1101 3621 1184 3673 etiam

152 3692 256 3742 Aeneas
281 3687 474 3755 conqueritur,
497 3697 528 3737 ut
545 3687 640 3753 (712.):
659 3687 723 3749 lNec
749 3703 826 3740 vetes
843 3688 983 3753 Helenus,
1007 3704 1068 3738 cum
1096 3691 1183 3742 mutto

153 3757 293 3809 horrendo
313 3768 448 3820 moneret,
475 3755 535 3807 Hos
550 3755 626 3806 mihi
642 3760 783 3822 praedixit
801 3760 948 3809 luctus-
984 3762 1046 3815 382.
1065 3759 1184 3826 Ignem,-

153 3842 205 3897 pro
224 3828 358 3892 ignarus,
376 3840 452 3874 casus
470 3841 520 3895 pro
538 3842 616 3876 casu:
634 3825 701 3879 dicit
717 3836 810 3879 autem
828 3829 956 3894 ignarum
973 3827 1031 3879 fati.
1066 3829 1185 3897 [Persius

153 3902 203 3962 (3,
227 3891 301 3951 20.):
333 3892 512 3944 censoremve
542 3906 634 3958 tuum,
665 3897 708 3945 uei
732 3898 806 3962 quod
831 3897 965 3948 Troieote
989 3895 1128 3962 solutos]
1152 3925 1183 3934 -

154 3970 216 4020 383.
235 3960 334 4028 Longo
352 3963 465 4028 procui;
491 3979 546 4014 non
564 3963 630 4025 situ,
648 3979 731 4030 quam
750 3981 836 4035 paene
853 3966 941 4017 videt:
958 3963 1006 4015 sed
1022 3968 1185 4017 necessitate

154 4032 246 4096 fatali,
262 4030 302 4099 [et
317 4045 398 4081 cursu
415 4032 596 4103 navigationis
613 4031 742 4086 tardiore.
777 4032 917 4106 Significat
933 4040 1026 4086 autem
1044 4032 1186 4089 difficilem
