2454 4500
55 239 61 267 ,
101 246 104 253 ,

192 237 234 337 ea
320 245 332 268 ’·
446 251 585 319 servu
607 245 966 315 conuentionis
1087 238 1093 244 ’

128 397 154 453 ’ἃ
194 463 261 500 cum
283 440 532 512 magnulfi-orum
554 438 736 493 multitudine.
781 436 818 488 Et
840 434 895 487 hoo
919 441 987 500 est,·
1003 432 1085 504 quod
1103 433 1129 485 fo

192 515 445 579 ‘Aeneas„incertus
461 528 517 579 qua
532 526 578 560 eos
595 517 689 561 mente
708 507 882 558 couritentur.
896 529 947 581 -.
967 509 1031 561 512.
1050 503 1129 569 Dirpt

198 589 397 652 segregaverat.
430 580 466 628 Et
489 595 592 645 magna
616 584 656 629 est
678 577 752 627 inter
770 571 803 624 de
820 580 849 624 et
866 573 897 622 eli
920 572 1098 645 differentia,
1118 588 1129 621 r

198 668 262 707 mus
286 666 369 720 supra
387 647 478 713 (224).
515 646 652 709 Penitus,·.
669 645 751 712 longe
777 661 793 694 a
810 641 907 709 regina
924 648 1069 713 remotos:
1093 656 1129 709 qu

200 721 288 775 etiam
310 719 457 775 insolentes
480 716 603 767 custodes
625 714 740 766 litorum
763 706 838 763 facit.
854 737 891 749 -
926 715 988 767 513.
1009 708 1129 774 Obstupo

186 786 237 845 ‘ad
253 787 481 848 admirationem,
499 792 526 834 et
543 785 578 835 ad
591 783 725 832 timorem
743 781 788 831 hic
804 778 926 846 pertinet
942 793 1052 841 sermo,
1069 794 1120 847 quo

161 863 163 867 ’
197 859 237 917 λἀει
254 861 439 924 praeoccupat
455 852 539 919 (Fuld.
557 851 631 920 quod
650 848 766 901 dicendo
783 852 976 918 praeoccupat
1012 843 1129 897 Perculsi

203 934 352 994 utriunque
382 919 528 1000 pertinet.)
558 943 593 956 ·-
643 920 704 976 514.
735 916 912 993 Laetitioque
944 926 1089 982 metuque5
1115 914 1129 965 i·

201 1001 318 1062 propter
335 1006 421 1042 socios
438 985 612 1061 [liberatos]:
635 993 726 1052 metu,
750 993 865 1054 propter
882 998 1065 1051 concursum
1089 988 1129 1049 (ve

189 1061 303 1121 ,incerti
328 1066 408 1117 erant
423 1058 457 1108 de
480 1057 618 1108 voluntate
635 1055 757 1105 Didonis.
791 1053 877 1103 Avidi
900 1053 1073 1118 coniungere
1080 1075 1089 1115 ,·
1110 1066 1129 1100 u*

139 1145 141 1149 ’
201 1130 364 1198 iimgerent,
387 1126 480 1177 velud
504 1123 728 1191 comungendum
746 1122 837 1184 avidi.)
854 1148 890 1158 -
925 1125 987 1177 515.
1004 1121 1128 1171 Ardelon

201 1198 335 1266 piabant:
365 1202 396 1247 ut
420 1194 466 1261 (E.
491 1201 524 1257 2,
547 1192 603 1254 1.):
634 1191 800 1243 Formosum
832 1200 930 1258 partor
954 1188 1087 1255 Corydon
1114 1205 1129 1236 o

203 1266 312 1318 Alexin.
347 1263 436 1315 Ardeo
460 1268 552 1312 autem
577 1268 605 1313 et
627 1260 812 1311 accusativum
834 1257 907 1326 regit
932 1263 960 1308 et
983 1254 1129 1310 ablatiuun

202 1335 269 1389 ineo
292 1334 368 1397 nito,-
391 1331 410 1382 i.
426 1349 450 1382 e.
467 1345 521 1397 qua
538 1329 683 1381 affectione
701 1328 859 1379 Poenorum
883 1325 1000 1395 populas
1017 1325 1129 1377 convenit

203 1408 265 1461 516,
314 1399 493 1461 issimulnnt5
520 1399 735 1448 dissimulamus
755 1408 836 1446 noto.-
866 1393 1041 1444 simulamus
1068 1396 1127 1460 igno

142 1484 157 1527 ,“
203 1466 343 1523 Sallustius
365 1467 455 1532 (Catil.
475 1464 523 1527 ὁ.);
547 1465 725 1534 [cuiuslibet
734 1463 786 1529 rei]
810 1463 961 1514 simulator
978 1479 1012 1512 oc
1030 1463 1129 1513 dissim‘

203 1563 239 1576 ι·-
274 1543 334 1597 517.
359 1535 438 1605 Quae
456 1534 595 1602 fortuno,·
624 1540 719 1586 utrum
741 1534 875 1603 prospera
905 1548 942 1581 an
965 1528 1095 1583 adversa?
1122 1534 1129 1595 (

204 1605 366 1669 ostenditur,
383 1604 456 1656 unde
470 1607 505 1653 sit
522 1604 630 1666 metus.)
642 1628 678 1640 -
712 1607 773 1660 518.
792 1601 909 1651 Cunctis
927 1617 995 1649 nom
1014 1602 1078 1652 lecti
1095 1616 1128 1649 no

204 1673 278 1727 bene
300 1673 405 1724 addidit
427 1673 505 1736 lecti,
526 1690 562 1726 ne
585 1666 694 1738 penitus
711 1685 807 1720 omnes
822 1668 1000 1735 intelligeres.
1034 1667 1120 1733 (Sane

204 1758 262 1795 non
276 1741 353 1794 idem
369 1740 503 1809 siguificat
519 1740 593 1809 quod
610 1755 728 1790 omnes.¹
749 1738 847 1789 Cicero
863 1753 946 1803 saepe
963 1738 1018 1790 ait:
1036 1737 1129 1787 Cuncti

206 1828 318 1875 omnes,·
343 1810 408 1878 quia
438 1827 533 1860 omnes
558 1814 614 1860 'non
640 1808 734 1858 statim
752 1814 814 1856 sunt
833 1808 942 1869 cuncti,
966 1806 1021 1857 nisi
1043 1805 1127 1859 iidem

204 1880 261 1930 lint
280 1877 399 1942 iuncti.)
421 1877 553 1931 Nonnulli
576 1870 670 1927 tam'en
696 1876 775 1926 lectis
794 1876 917 1925 novibus
933 1874 1038 1941 legunt.
1072 1873 1128 1942 Quo

205 1947 255 2012 eit,
270 1945 415 2019 hypallage
433 1953 486 1997 est:
504 1953 532 1996 et
547 1945 611 1996 illuc
628 1960 722 1995 sensus
735 1943 864 1995 recurrit.
897 1943 934 1995 Et
949 1943 1129 2063 sciendum,p

207 2031 276 2083 qnia,
293 2022 324 2064 ut
339 2013 484 2078 hocloco,
500 2013 565 2064 addi
580 2012 685 2079 aliquid
702 2010 885 2079 generalitati,
902 2019 930 2062 et
944 2010 1008 2062 fieri
1025 2012 1129 2080 specie*

207 2090 240 2133 ut
256 2090 297 2134 est
314 2082 402 2150 (codd.
418 2072 500 2143 iteml
512 2081 534 2132 si
551 2081 641 2133 dicas:
669 2080 774 2131 Omnes
798 2079 963 2131 scholastici
987 2080 1129 2146 loborans,

207 2150 301 2202 ralims
325 2157 373 2202 est.
407 2148 434 2199 Si
459 2149 540 2201 addas
566 2151 632 2214 isti,
655 2147 686 2198 fit
709 2148 876 2217 specialitas:
900 2155 931 2198 ut
952 2146 1106 2202 Sallustius:

230 2235 320 2270 ressos
345 2234 441 2268 omnes
464 2221 564 2283 recepit
588 2236 668 2269 mons
693 2216 797 2269 Belleia
817 2216 895 2282 (cod.
914 2215 946 2279 Is.
966 2223 995 2267 et
1011 2216 1129 2268 Guelf.1

208 2236 283 2351 leia‚·
302 2286 334 2339 al
352 2286 477 2350 Balleia,
495 2286 608 2351 Toleto,
626 2287 739 2338 Belono.
776 2285 917 2336 Guelf.1.:
936 2295 992 2335 tres
1009 2303 1123 2351 gressus

209 2358 308 2421 recipit
339 2357 511 2406 mensulem.
563 2353 716 2406 Prudenter
748 2355 858 2405 addidit
896 2352 1040 2419 gressus.)
1087 2355 1129 2407 Pri

209 2423 315 2474 addidit
336 2431 526 2490 transgressos.
549 2449 584 2461 -
626 2428 685 2480 519.
714 2423 835 2475 Orontes
859 2423 988 2486 veniom,·
1013 2424 1129 2490 [veniat

204 2490 262 2570 'pro
280 2491 361 2559 culpa
378 2491 495 2558 petitur,
511 2492 559 2543 sed
575 2508 649 2545 nuuc
666 2489 725 2554 aut]
741 2508 840 2560 pacem
857 2492 915 2557 [aut
932 2489 1129 2561 beneficium]

208 2560 368 2612 incendium
390 2559 515 2611 navium:
537 2560 633 2627 [aliqui
656 2567 752 2611 tamen
777 2559 897 2626 venium⁶
908 2574 959 2627 pro
982 2559 1129 2625 impunitat

208 2626 304 2695 piunt,
326 2643 393 2678 nam
411 2643 474 2678 mox
491 2628 580 2693 addit,
603 2626 723 2679 Prohibe
745 2626 873 2678 infandos
897 2644 914 2678 a
936 2627 1051 2678 naribus
1075 2629 1129 2694 igni

208 2696 321 2765 proprie
345 2695 460 2748 verbum
482 2695 639 2766 pontificale
664 2703 718 2755 est3
745 2697 816 2746 unde
841 2702 882 2746 est
905 2697 956 2760 (4,
981 2693 1059 2756 50.):
1090 2698 1129 2747 Tu'

209 2780 291 2831 posce
309 2764 374 2814 deos
391 2767 511 2815 veniam.
547 2765 584 2815 Et
600 2763 681 2836 paulo
699 2770 773 2846 post:
800 2762 951 2830 Pacemque
967 2781 1016 2830 per
1035 2782 1117 2831 oros,

212 2844 287 2883 runt.
321 2832 401 2883 Dicta
415 2839 508 2883 autem
524 2835 606 2884 venio
620 2829 655 2883 ad
670 2830 834 2884 eliciendam
853 2831 1081 2885 misericordiam.
1115 2833 1129 2884 i

209 2900 285 2952 enim
302 2899 524 2952 benevolentiam
540 2901 704 2966 numinum,
728 2899 790 2966 qui,
812 2899 880 2952 licet
902 2900 1035 2959 innocens
1059 2903 1107 2966 sit,

209 2975 305 3021 tamen
334 2976 466 3035 tanquam
496 2970 652 3036 peccaverit
681 2968 757 3038 petit.
802 2967 882 3019 Unde
913 2975 954 3020 est
977 2969 1112 3020 confessio

209 3035 343 3087 Terentio
359 3036 450 3103 (Andr.
470 3045 501 3102 3,
519 3044 547 3102 5,
566 3037 634 3099 15.):
654 3034 731 3101 Quid
750 3039 865 3087 meritus
883 3033 1092 3102 [es]?„crucem.
1110 3064 1129 3074 -

210 3103 359 3158 Maximus
376 3104 502 3156 Ilioneus
510 3129 519 3168 ,·
543 3106 626 3156 rebus
651 3104 779 3158 omnibus
802 3104 951 3163 marimum
974 3122 1028 3156 nec
1046 3107 1122 3159 enim

210 3172 329 3234 addidit;
354 3176 431 3240 (ergo
456 3181 484 3225 et
506 3181 598 3226 aetate
623 3181 650 3224 et
672 3189 775 3241 genere
799 3182 827 3224 et
849 3172 979 3227 facundia
1004 3182 1032 3226 et
1048 3175 1125 3227 omni

210 3242 378 3303 maximum)
403 3250 431 3294 et
448 3258 504 3293 non
528 3243 586 3296 sine
604 3258 685 3293 causa
707 3242 797 3311 ipsum
821 3243 925 3310 ubique
948 3233 1127 3309 inducit'loqi

210 3309 249 3361 Ut
264 3309 340 3360 enirn
356 3311 492 3360 Homerus
510 3310 591 3376 dicit,
617 3309 740 3363 Phorbas
757 3317 836 3377 poter
852 3311 958 3360 Ilionei
975 3308 1129 3376 semper'M

212 3379 262 3427 eleo
281 3378 453 3443 eloquentiae
471 3378 588 3446 favente
612 3382 765 3446 pugnauit:
790 3387 820 3430 ut
836 3380 966 3430 Horatius
991 3380 1129 3444 (carmi

212 3443 341 3499 Mercuri
358 3445 486 3513 jocunde
512 3463 596 3513 nepos
614 3447 743 3498 Atlantis.
779 3446 882 3498 Merito
906 3461 973 3515 ergo
997 3447 1064 3499 huic
1082 3451 1128 3502 dat

211 3513 333 3580 quentia.
367 3512 480 3565 Placido
506 3517 549 3564 sio
565 3526 672 3580 pectore
698 3518 801 3583 eoepit,
825 3515 914 3582 [bene
940 3514 1064 3581 placido.
1086 3536 1121 3570 ne

211 3588 402 3632 consternatus
418 3582 572 3644 videretur,
596 3583 631 3633 ad
646 3582 811 3652 placandtun
834 3591 898 3653 apta
921 3583 1042 3636 definitio
1060 3592 1127 3659 est]

212 3664 262 3699 suo
286 3664 341 3700 unc
364 3656 491 3703 sermone
515 3649 643 3702 habitum
665 3652 774 3704 futurae
803 3653 936 3706 orationis
962 3656 1101 3720 expressit.

212 3729 282 3782 ergo
305 3717 449 3784 placidus,
480 3735 516 3772 ue
539 3717 639 3770 timore
663 3728 851 3772 consternatus
875 3721 1034 3785 videretur,
1064 3738 1129 3791 quer

212 3790 304 3837 aetate
327 3784 478 3841 marimum
504 3793 532 3837 et
553 3784 706 3856 patientem
731 3788 863 3853 ostendit,
888 3795 919 3840 ut
943 3789 968 3840 ei
991 3791 1128 3844 auctorita

62 3827 70 3847 ’
135 3874 138 3879 ·
212 3856 305 3903 aetate
333 3859 364 3904 et
389 3852 423 3903 de
444 3853 579 3931 ¹moribus
601 3860 714 3907 crescat.
754 3857 829 3924 Ergo
854 3857 980 3922 placido,
1010 3858 1046 3907 ed
1077 3860 1129 3931 pler

169 3940 177 3949 ·
212 3924 294 3989 apto3
317 3926 347 3971 et
368 3918 490 3972 definitio
514 3929 555 3973 est
578 3922 709 3985 oratoris,
733 3923 781 3990 qui
804 3924 889 3977 telem
912 3923 1042 3977 redebet
1065 3943 1129 3978 corn

213 3984 326 4057 qmlem
349 3995 428 4040 curet
450 3988 572 4043 iudicem
595 3988 738 4055 reddere.)
755 4015 790 4033 -υ
825 3997 887 4055 522.
905 3992 931 4045 0
952 3996 1068 4060 regine,-
1092 4012 1129 4049 ee«

119 4202 126 4211 .
222 4174 303 4213 'x''
