2454 4500
89 216 99 255 ⁸
155 218 257 375 esto!¹
309 296 315 305 -
416 261 553 325 suasu
575 261 926 355 oouuuuruums
973 316 978 321 .

160 443 246 509 mela)
261 443 408 511 dicturtur,¹
420 452 448 505 et
463 443 613 517 uniordpot
629 447 717 514 (codd.
734 446 829 499 Burm.
845 445 1038 507 meteremus,
1055 425 1176 493 Gnelss.

161 514 350 578 melanomos)
379 513 477 566 diciusr
506 525 598 586 pastor
621 516 720 566 ovium.
762 515 893 583 [Propter
920 512 1057 564 ruborem
1086 517 1176 562 auten

159 580 242 634 tanae
259 598 328 660 uuae
344 581 440 633 similis
464 599 531 634 astro
548 592 605 650 est,
628 583 790 635 existimasse
813 599 859 633 eos
875 581 922 649 qui
938 579 1086 642 audierant
1106 574 1176 628 nuh

160 664 246 703 aurea
270 666 300 702 ιιι
315 652 407 703 Africa
429 653 511 703 nasci.
545 652 594 702 Est
617 659 645 703 et
661 651 714 702 alia
729 649 836 716 fanda,
857 664 922 700 cum
938 649 1053 715 nuptiae
1068 648 1176 698 lunonis

87 733 91 740 ·
161 717 374 784 celebrarentur,
389 730 538 787 omnesque
554 719 600 770 Dii
615 719 646 770 in
661 718 796 770 bonorem
813 717 869 770 eius
881 717 1041 767 consonent
1054 724 1176 774 munero,

91 808 96 815 ·
161 783 253 838 Terra
268 786 299 837 in
314 788 443 838 extremis
459 787 616 855 regionibus
632 786 718 837 edidit
733 786 863 837 arborem
885 799 970 852 poma
986 783 1072 835 aurea
1088 783 1175 833 uren-

56 834 59 839 *
87 868 95 881 ··
162 858 237 918 term
263 852 333 906 baec
355 870 420 905 cum
443 855 621 925 decerperent
641 854 803 921 Hesperides
825 852 954 917 Atlantis,
983 853 1038 903 sire
1066 843 1178 917 Hesperi

156 919 249 988 ¹liliae,
271 922 393 973 custodes
409 923 530 975 eiusdem
546 921 667 985 arboris,
684 924 751 973 Iuno
767 937 847 973 sensa
862 920 984 988 (offensa)
1002 921 1101 970 m'unut
1117 928 1176 993 spo:

71 1040 74 1047 ,
162 988 226 1042 liari
248 1005 343 1054 suum,
371 990 401 1042 in
425 997 531 1042 metum
555 1006 652 1043 eastun
673 991 750 1040 misit
770 990 926 1040 Draconem
948 988 1104 1039 insomnem
1131 995 1178 1050 qus

164 1057 291 1109 omnibus
312 1058 439 1130 noctibus
460 1058 608 1127 diebusque
629 1058 777 1110 custodiret
797 1072 905 1122 ramos,
930 1055 984 1107 boc
1008 1042 1179 1122 postmodum

162 1125 201 1177 ab
216 1125 333 1177 Hercule
348 1125 529 1194 interempto,
551 1127 599 1194 qui
615 1124 651 1177 ab
668 1126 819 1194 Etuystheo
842 1125 877 1176 ad
893 1124 946 1175 hoc
968 1124 1070 1174 ruissus
1082 1120 1180 1182 tuerat,

95 1243 99 1257 ,
163 1194 238 1244 mala
253 1193 358 1244 sublate
374 1202 443 1245 sunt.
458 1206 461 1211 ·
476 1195 607 1246 Hesiodus
623 1194 672 1245 has
687 1193 848 1263 Hesperidas
864 1191 988 1260 Aeglem,
1010 1189 1181 1250 Arethusam,

164 1269 193 1313 et
209 1262 404 1330 Hesperusam‚
420 1263 512 1313 Noctis
528 1261 605 1326 lilios,
620 1261 692 1312 ultra
708 1261 851 1313 Oceanum
867 1261 939 1313 mala
956 1275 1039 1311 usuca
1054 1255 1181 1309 hermae

164 1328 242 1382 dicit.
269 1329 348 1381 Bene
373 1345 441 1397 ergo
458 1324 601 1398 Virgilius,
622 1328 672 1380 has
692 1328 726 1380 ad
750 1331 891 1381 Oceanum
913 1335 945 1379 et
966 1326 1033 1377 Solis
1048 1336 1182 1379 ,occasion

153 1412 225 1471 esse
240 1395 313 1446 dicit.
347 1397 504 1466 Eputusque
520 1399 652 1462 draconi,·
669 1398 805 1464 Hesperus
820 1413 868 1447 rex
884 1394 1001 1461 traditur
1018 1388 1181 1466 preciosissi-

166 1480 228 1516 mus
244 1479 305 1515 oves
319 1463 462 1529 habuisse,
485 1482 602 1533 quarum
624 1473 715 1534 pastor
732 1465 878 1517 vocabatur
895 1465 1019 1526 Dracon,
1042 1460 1087 1511 cui
1103 1474 1183 1529 proe-

165 1531 273 1584 bebant
288 1533 381 1598 epulas
396 1535 484 1600 regias
501 1533 586 1599 filiae,
609 1533 657 1587 sed
678 1533 743 1600 quia
759 1533 865 1584 Graece
881 1547 944 1584 oves
959 1527 1033 1597 μῆλα
1049 1527 1184 1590 dicuntur,

100 1611 113 1655 .“
166 1616 200 1654 ex
216 1598 299 1652 dubio
322 1600 433 1653 nomine
455 1601 547 1654 sabula
569 1603 720 1670 composita
743 1609 789 1650 est.
808 1625 842 1637 ·-
874 1604 935 1656 485,
953 1599 1055 1650 Sacros
1071 1600 1183 1656 ramos,-

166 1667 210 1720 vel
226 1667 330 1729 veneri,
341 1669 383 1720 rel
397 1669 495 1735 lunoni
509 1662 631 1734 dicatos]
643 1694 677 1706 -
709 1672 770 1726 486.
786 1667 1031 1735 soporiferumque
1046 1678 1183 1733 poponem

167 1736 319 1804 incongrue
342 1738 447 1789 videtur
469 1737 610 1811 positum„
624 1743 654 1786 ut
676 1737 826 1806 soporifera
842 1737 944 1803 species
962 1731 1088 1802 pervigili
1105 1730 1184 1782 detm

167 1802 288 1869 draconi.
323 1803 376 1857 Sed
384 1804 504 1856 dicimus
515 1807 618 1856 variam
630 1805 685 1854 vim
699 1805 832 1873 praebere
845 1805 965 1854 victuum
977 1803 1085 1854 diversa
1097 1795 1185 1863 (codd.

116 1917 119 1925 .
168 1877 290 1923 tantum:
313 1872 434 1934 uictum)
462 1872 572 1924 diversis
593 1873 763 1924 animalibus.
810 1871 883 1922 Nam
912 1871 1007 1922 salices
1028 1865 1185 1920 hominibus

170 1956 283 1992 murrae
298 1953 374 2005 suist,
397 1939 488 1992 dulces
505 1940 629 2009 capellis:
651 1948 683 1991 ut
699 1941 738 2006 (E.
756 1945 787 2004 1,
804 1939 874 2003 19.):
896 1938 931 1989 Et
948 1940 1048 1990 salices
1067 1936 1185 2000 carpetis

170 2025 300 2071 emerus,
316 2009 419 2061 scilicet
434 2009 598 2061 hominibus.
631 2008 701 2060 Item
717 2008 837 2071 cicutae,
852 2007 1002 2059 secundum
1017 2004 1187 2065 Lucretium,

168 2074 328 2127 hominibus
344 2092 494 2128 venenosae
510 2083 585 2140 sunt,
608 2092 671 2127 cum
692 2076 805 2146 pingues
822 2074 937 2126 reddant
952 2073 1078 2143 capellus.
1112 2071 1185 2137 Ergo

171 2150 200 2195 et
215 2160 347 2209 papauer,
369 2145 434 2195 licet
448 2144 494 2194 det
516 2143 671 2194 hominibus
688 2160 829 2207 somnum,
852 2143 964 2193 draconi
987 2139 1088 2192 adimit
1110 2137 1186 2214 forsif

171 2218 233 2272 tan3
257 2218 286 2262 et
302 2218 342 2262 est
358 2228 423 2276 ergo
446 2214 588 2264 excusatio.
623 2213 713 2262 Potest
734 2219 830 2262 tamen
848 2211 945 2261 melior
963 2226 1020 2261 esse
1037 2221 1142 2268 sensus,
1162 2220 1183 2254 n

171 2278 304 2328 Servabor
322 2282 352 2328 in
371 2283 467 2330 arbore
486 2298 578 2331 rainos
595 2279 675 2348 plena
691 2281 725 2329 sit
740 2279 887 2340 sementim
910 2278 1051 2345 sequentia
1069 2273 1183 2326 verusio

171 2347 343 2414 accipiamus.
377 2350 450 2399 Haec
474 2365 503 2400 se
526 2349 662 2417 promittit
686 2347 852 2397 carminibus
868 2363 947 2397 etuas
965 2346 1081 2395 soluere:
1105 2341 1181 2407 Spor-

170 2431 240 2480 gens
258 2414 373 2464 bumicln
393 2417 487 2480 mella,
511 2416 749 2483 soporiferumque
766 2431 901 2481 papanem
926 2414 944 2464 i.
961 2431 984 2464 e.
1002 2414 1136 2462 miscens:
1157 2414 1182 2456 ut

170 2483 264 2550 [supra
288 2486 338 2548 (2,
356 2484 412 2545 98.)
436 2484 604 2534 dictumest
626 2482 668 2546 er]
692 2480 860 2550 Cicero[ne]:
885 2482 920 2530 Et
937 2497 1066 2547 spargere
1085 2491 1180 2527 uenena

172 2551 338 2600 didicerunt.
372 2552 430 2602 Nec
452 2551 602 2619 incongrue
625 2551 661 2602 ud
682 2551 892 2602 aurarituilinem
914 2550 1017 2601 amoris
1041 2546 1099 2597 mel
1113 2543 1179 2595 adhi-

170 2615 233 2668 bet:
256 2618 291 2669 ad
313 2617 492 2684 oblivionem,
515 2636 640 2689 papaver.
662 2646 697 2656 -
729 2624 790 2674 487.
812 2618 930 2684 [Solvere
937 2640 953 2679 ,·.
971 2633 1038 2667 esua
1056 2615 1179 2665 liberare.
1220 2668 1223 2673 ,

172 2683 272 2735 Duras
290 2703 389 2750 euros,-
412 2688 484 2740 bene
507 2690 588 2739 duras
611 2689 710 2739 affectu
727 2701 780 2753 quo
803 2687 861 2755 ipsa
884 2702 962 2754 passa
985 2683 1045 2748 est]
1062 2708 1096 2718 —
1128 2682 1177 2736 489·

65 2814 74 2825 ,
167 2753 273 2821 ¹Sister'e
290 2763 355 2829 ερας
379 2764 480 2822 quanto
498 2757 584 2824 magis
600 2755 701 2826 poterit
716 2756 826 2805 Aenean
843 2754 878 2805 ab
895 2755 1004 2821 incepto
1022 2759 1178 2816 retorquere,
1221 2788 1223 2795 .

171 2821 225 2888 [vel
247 2823 276 2873 in
299 2839 424 2874 amorem
446 2824 609 2888 immittere,
633 2830 680 2875 aut
706 2822 775 2872 mihi
797 2820 926 2873 auferre?
966 2821 1072 2870 Vertere
1097 2817 1176 2867 sidero

173 2902 261 2953 retro,¹
285 2899 393 2956 utrum,
415 2899 445 2941 ut
461 2893 581 2956 videtur,
603 2892 686 2943 etiam
702 2890 731 2949 in
748 2891 823 2941 coelo
841 2896 1003 2958 potestatem
1019 2888 1138 2948 habere,
1151 2896 1177 2932 sn

172 2957 258 3009 ctiam
274 2959 330 3010 fata
347 2974 425 3025 posse
441 2968 562 3024 mutare,
579 2976 649 3026 quae
665 2958 812 3010 secundum
828 2957 1040 3009 Mathematicos
1056 2952 1176 3005 sideribus
1221 3010 1223 3015 Ι

172 3026 380 3094 gubernantur?
396 3036 424 3078 et
440 3029 519 3079 multi
536 3029 628 3078 sidera
645 3027 690 3078 hic
708 3026 826 3094 planetas
844 3025 989 3092 accipiunt,
1005 3024 1070 3091 quia
1086 3020 1177 3088 reliqu
1221 3020 1223 3027 '

172 3093 251 3164 coelo
267 3094 353 3144 adtira
369 3103 438 3145 sint
455 3122 489 3132 -
521 3100 583 3152 490.
600 3094 828 3162 Nocturnosque,·
855 3101 948 3143 utrum
971 3094 1037 3159 quia
1048 3092 1089 3141 oin
1112 3093 1178 3140 nocte

172 3168 251 3226 sunt,
271 3178 307 3213 au
324 3163 387 3228 quin
403 3181 452 3231 per
468 3172 580 3215 noctem
597 3170 756 3226 evocantur,
780 3180 815 3213 an
839 3160 939 3214 noctu?
962 3167 992 3209 ut
1010 3159 1110 3211 Cicero
1132 3161 1179 3222 (pr0

171 3226 231 3279 Mil.
250 3231 315 3291 13.):
338 3229 493 3281 Nocturnis
510 3233 629 3282 canibus
645 3230 858 3280 dilaniandum:
876 3227 911 3280 Et
927 3227 1046 3291 Mones,
1069 3224 1142 3293 quod
1154 3218 1181 3272 ad

91 3296 99 3303 ”
171 3293 418 3360 inferosmonint,
441 3301 458 3350 i.
477 3316 501 3350 e.
524 3300 684 3352 abeant-
722 3303 783 3353 491.
800 3299 855 3348 sot
873 3298 989 3364 pedibus
1007 3307 1111 3345 terrum
1129 3299 1182 3347 etot

171 3363 244 3418 liaeo
266 3384 322 3419 non
344 3368 382 3417 sic
405 3365 547 3432 adtirmat,
577 3367 653 3435 quasi
681 3367 716 3418 ad
739 3360 864 3418 amorem
893 3363 1108 3430 extinguendum
1130 3369 1182 3429 opto

174 3434 244 3500 sint,
266 3437 313 3486 sed
329 3434 481 3489 difficiliora
497 3436 636 3504 adsignat,
658 3443 690 3485 ut
710 3435 816 3487 facilius
838 3435 873 3486 de
898 3430 1079 3503 opprimendo
1104 3440 1183 3481 amors

172 3501 296 3567 credat]
344 3504 459 3570 Mugira
488 3506 617 3568 uidebis,⁸
648 3503 667 3552 i.
697 3520 742 3567 e.,
770 3503 871 3554 videbit
901 3501 981 3569 quis:
1030 3505 1061 3548 ut
1090 3492 1184 3563 (401-)ῖ

173 3569 332 3637 Migrantes
350 3589 455 3623 cernas.
472 3600 505 3610 -—
539 3578 601 3629 493.
618 3569 748 3637 Magicas
767 3574 902 3632 invitam,
925 3571 986 3635 [pro
1011 3567 1047 3619 ud
1064 3565 1184 3636 magistu

176 3645 225 3688 aut
249 3642 374 3707 magicos
396 3641 510 3708 adgredi
531 3639 675 3703 invitam,]
700 3639 765 3706 quia
787 3655 851 3688 cum
874 3636 961 3689 multa
983 3651 1061 3685 sacra
1078 3634 1185 3683 Romam

173 3706 356 3774 susciperent,
386 3725 497 3775 semper
525 3711 634 3774 magica
666 3707 840 3758 damnarunt.
879 3705 1032 3774 [Probrosa
1055 3703 1131 3754 enim
1152 3709 1186 3749 art

175 3773 272 3826 habita
302 3783 355 3839 est,
385 3777 448 3827 ideo
471 3773 605 3838 excusat]
645 3775 808 3840 Accingier,·
837 3772 1004 3843 praeparari.
1050 3768 1187 3840 Accingief

174 3848 283 3906 sutem,
306 3849 336 3911 ut
352 3843 388 3895 ad
402 3844 541 3895 inlinitum
559 3841 693 3911 [modum]
711 3860 739 3892 er
757 3842 887 3905 addatur,
910 3841 980 3890 ratio
1005 3837 1093 3891 efficit
1109 3843 1188 3887 metra

174 3908 248 3960 Nam
264 3909 375 3961 cumin
392 3927 424 3962 eo
441 3912 539 3964 ultinm
554 3911 590 3961 sit
605 3910 701 3977 longa,
718 3910 809 3961 addita
826 3926 856 3959 er
872 3909 973 3975 syllaba
990 3907 1081 3959 brevis
1097 3905 1142 3955 fit:
1164 3906 1188 3948 ut

177 3978 292 4043 audiri,
308 3978 444 4032 audirier.
462 4006 495 4019 -·
529 3983 592 4036 494.
610 3977 652 4028 Τιι
670 3990 787 4043 secreta,
805 3978 863 4031 sine
879 3977 1008 4040 arbitria,
1024 3983 1053 4027 et
1069 3981 1113 4026 est
1129 3973 1189 4024 bom
