2454 4500
163 359 169 368 ἱ
207 251 247 337 a«
269 267 619 353 mersimus.
641 270 721 339 uu
742 273 776 347 t,
797 275 994 350 sos-su.
1078 278 1120 344 st

91 472 150 513 suu
172 457 241 511 solis
265 471 365 509 occasu
386 455 455 522 (cod.
472 455 614 520 stastum)
636 453 711 509 nudo
728 454 819 527 capite
836 457 854 511 i.
871 475 894 510 e.
911 458 971 513 sine
987 461 1065 531 apice
1082 463 1123 515 in-

96 528 231 582 venirem
249 527 323 594 (cod.
341 528 486 577 inueniret.
504 527 599 579 uum.
616 527 687 576 coni.
705 527 732 575 si
750 544 812 576 eum
831 528 874 578 toi
892 531 923 593 (s.
943 531 1026 594 solis)
1045 550 1124 583 otca-

99 588 140 649 ω’
155 627 172 640 -
191 627 208 638 -
229 594 393 658 inueniret),
414 596 454 647 iu
470 594 630 663 loquentem
645 595 713 646 fecit
730 596 826 658 (372)ss
849 595 884 645 Et
908 612 985 648 vrttes
1003 603 1123 652 annales

99 677 254 717 ssttroruns
273 665 373 725 sitdirs
391 665 538 732 laborum,
558 664 627 714 Ante
645 665 717 713 diem
736 665 833 715 clauso
859 669 1124 736 componet,Vesper

100 734 223 803 Olympo.
266 732 421 785 Verebatur
445 726 520 785 eniin
543 734 607 784 solis
630 747 765 783 occasum.
809 733 889 785 Nudo
915 738 1016 788 autem'
1033 741 1123 809 capite
1175 762 1182 775 ¹

99 800 131 855 tii
144 804 230 855 fuisse
247 801 413 864 ostenditur,
430 802 478 853 ubi
497 802 536 853 ait
552 800 648 866 (588i:
667 801 781 852 Restitit
799 802 921 868 Aeneas,
939 806 1071 873 claraque
1090 812 1123 859 in

84 866 151 922 ¹iuss
176 869 309 940 refulsit5
336 871 377 923 Os
395 869 578 938 humerosque
596 871 787 932 decalvatus,
814 887 932 937 namque
952 876 1020 941 ipsa
1046 877 1123 928 deto-

68 957 153 1031 pram
176 940 340 991 Caesarium
365 946 416 991 etc.
457 939 554 1008 Neque
578 939 653 990 enim
680 938 837 991 (laetariem
861 940 954 994 diuers
978 943 1123 1011 debuisset,

69 1044 75 1075 :
95 1009 157 1075 nisi,
180 1002 248 1077 quii
269 1009 345 1060 nudo
368 1006 458 1077 capite
475 1007 622 1059 incedebat
637 1009 749 1060 Aeneas.
785 1007 838 1059 Sed
855 1006 924 1060 haec
940 1010 1070 1079 Virgilio,
1095 1020 1124 1066 et

78 1075 131 1130 .his
146 1077 252 1129 similia
267 1076 413 1137 sufficiunt,
429 1075 463 1126 ad
480 1076 657 1128 indicandum
675 1075 800 1126 omnium
816 1076 1021 1147 disciplinarum
1036 1081 1123 1135 scieu-

92 1147 157 1199 uam
189 1152 355 1197 narrantem
377 1143 453 1196 aliud
481 1161 600 1216 ponere,
628 1161 718 1212 neque
742 1145 913 1215 propositum
943 1148 1028 1201 habet
1057 1151 1123 1205 talis

76 1215 195 1285 'plenius
220 1212 349 1282 exsequi.)
391 1212 441 1263 Per
466 1227 588 1276 noctem5
612 1212 691 1265 decet
714 1213 804 1276 enim,
830 1229 881 1283 pro
905 1218 1009 1268 crunctis
1026 1236 1056 1272 re
1077 1236 1123 1272 tm

88 1301 146 1336 esse
161 1280 327 1366 sollicitsunj
344 1284 386 1350 (ut
402 1282 474 1367 apud
491 1284 643 1333 Homerum
662 1281 699 1349 (ll.
718 1287 746 1351 β,
764 1280 830 1343 243:
849 1274 889 1335 Oi
907 1280 958 1354 χρή
976 1304 1124 1350 nussim

87 1348 180 1421 tideus
203 1348 376 1420 βουληφορον
408 1347 509 1421 usdpo,
532 1341 581 1403 'ils
605 1347 668 1403 λαοί
681 1345 706 1403 τ’
725 1345 953 1420 ἐπιτετράφαται,
980 1355 1125 1412 stultiora
1166 1348 1169 1359 ’

84 1419 232 1492 pquim]
267 1421 322 1488 (Et
338 1421 410 1472 bene
426 1438 474 1489 per
493 1434 613 1484 noctem,
637 1437 673 1474 ne
690 1438 706 1470 a
724 1419 818 1486 sociis,
842 1437 908 1490 quos
926 1426 983 1494 ipse
1000 1429 1123 1480 consola·

83 1499 128 1544 tus
179 1496 266 1554 erat,
304 1489 442 1542 videretur
484 1506 535 1559 per
579 1488 654 1541 diem
696 1488 850 1551 maerens.)
904 1489 955 1543 Per
1000 1510 1123 1562 noctem,-

84 1561 172 1614 decet
187 1559 267 1612 enim
306 1574 357 1628 pro
381 1561 485 1610 cunctis
508 1573 605 1626 regem
628 1574 686 1609 esse
703 1556 856 1608 sollicitum.
876 1584 909 1598 -
944 1568 1004 1621 306.
1022 1565 1123 1630 Almo,-

81 1630 161 1683 alma
180 1628 243 1678 Lux
259 1625 347 1692 dicta,
370 1628 444 1695 quod
462 1627 517 1679 alat
533 1626 672 1678 universa:
697 1624 769 1677 unde
789 1632 816 1677 et
834 1627 909 1677 alma
928 1628 1024 1697 Ceres,
1067 1636 1124 1687 uod

78 1706 135 1752 nos
153 1697 222 1750 alat.
257 1696 329 1746 Nam
354 1694 457 1764 physici
474 1696 569 1749 dicum
593 1694 687 1746 omnia
711 1711 761 1761 per
783 1692 860 1745 diem
883 1712 1014 1753 crescere.
1049 1651 1125 1769 ilus·

80 1767 173 1819 modo
199 1779 270 1834 ergo
293 1763 421 1831 Virgilius
445 1765 484 1816 ait
508 1764 553 1829 (G.
570 1772 603 1827 2,
626 1762 712 1825 iiiii:
738 1757 851 1829 Exigua
877 1776 986 1817 tantum
1011 1771 1123 1837 gelidus

81 1853 132 1889 rot
153 1847 238 1886 nocte
256 1831 388 1899 reponet?
411 1834 459 1885 sed
476 1831 529 1884 hoc
545 1847 596 1901 pro
613 1830 747 1882 miraculo
765 1833 885 1901 positum
908 1842 960 1887 est:
985 1844 1016 1887 ut
1036 1839 1123 1892 etiam

79 1904 193 1956 Plinius
210 1903 301 1954 sentit
336 1899 442 1968 Locot;
468 1910 496 1954 et
513 1903 589 1952 locos
608 1909 636 1953 et
653 1902 713 1951 loca
731 1898 860 1966 dicimus,
877 1918 941 1953 cum
958 1904 987 1956 in
1005 1923 1123 1960 numero

79 1972 225 2042 singulari
250 1973 329 2023 iocus
353 1978 461 2021 tantum
484 1970 615 2021 dicamus.
649 1968 743 2020 Simile
768 1975 808 2021 est
832 1976 860 2021 et
884 1972 980 2039 iosus,
1004 1992 1070 2027 nam
1096 1984 1125 2030 et

74 2045 150 2107 ¹ioca
178 2040 249 2092 facit
275 2048 303 2091 et
328 2041 391 2090 ioci.
429 2039 465 2089 Ut
487 2037 637 2106 (Sallustius
661 2039 690 2089 in
714 2036 837 2105 lugtuth.
862 2039 916 2104 96.]
951 2042 1016 2095 iota
1042 2059 1124 2114 atquc

79 2112 162 2161 teria
182 2126 248 2159 sum
266 2107 436 2158 humillimis
454 2124 584 2157 exercere.
620 2105 655 2155 Et
672 2107 738 2173 (Cic.
758 2106 881 2177 (Philipp.
899 2118 929 2171 2,
946 2110 1006 2176 4.):]
1031 2112 1124 2182 Quam

81 2180 177 2230 multa
206 2180 270 2229 ioca
296 2179 386 2228 solent
409 2193 466 2227 rste
493 2179 523 2226 in
547 2175 681 2240 epistolis.
722 2175 758 2224 Et
780 2174 886 2226 Persius
911 2181 952 2244 (6,
969 2181 1018 2242 5.):
1051 2182 1124 2233 Tum

83 2251 208 2298 iuuenes
226 2248 336 2313 agitare
355 2248 481 2296 iocos-
510 2250 570 2301 307.
590 2241 669 2308 Quas
688 2255 767 2294 uento
786 2249 934 2296 accesserit
953 2267 1035 2315 sras3
1054 2252 1122 2318 (sine

83 2315 311 2388 praepositione,
329 2313 479 2377 Sallustius:
506 2312 605 2363 Genua
623 2326 734 2378 potrum
754 2312 962 2375 advolvuntur.)
998 2318 1124 2371 Diximus

85 2384 233 2451 ruperitu,
256 2383 376 2451 figuram
391 2382 468 2447 fieri,
491 2397 555 2431 cum
571 2381 737 2450 praepositio
755 2381 877 2434 detracta
894 2385 1016 2452 nomini,
1038 2389 1124 2440 verbo

86 2453 250 2523 copulatur,
266 2461 295 2504 et
329 2453 472 2520 lerumque
490 2467 552 2502 eam
569 2465 647 2500 suam
663 2450 784 2501 retinere
801 2458 943 2513 nattusnr;
960 2453 1125 2526 plerumque

87 2529 261 2573 convertere.
294 2471 354 2570 rios
371 2521 454 2588 igitur
470 2519 612 2570 sciendum
629 2526 684 2582 est,
701 2519 773 2586 quia,
790 2534 854 2569 cum
871 2537 966 2571 cusum
983 2539 1063 2573 suum
1080 2544 1124 2578 re·

91 2590 174 2654 tinet,
196 2587 389 2656 Hysterologia
406 2596 460 2653 est,
477 2595 508 2636 ut
524 2588 577 2638 hoc
593 2588 668 2637 loco:
692 2604 777 2654 quum
795 2595 887 2640 autem
905 2598 1010 2655 mutat,
1032 2593 1124 2662 figura

93 2664 145 2723 est,
169 2666 201 2707 ut
218 2661 261 2724 (6,
280 2656 329 2718 2.):
360 2658 512 2708 Cumarum
538 2657 681 2707 uidebitur
705 2658 771 2706 orit.
808 2658 876 2709 Oris
895 2675 970 2709 erum
988 2675 1039 2729 pro
1058 2681 1125 2714 oras

94 2725 187 2795 posuit.
224 2725 390 2792 Plerumque
415 2735 509 2777 tamen
533 2725 618 2775 etiam
639 2724 792 2790 superfluas
815 2733 929 2804 ponunt.
944 2731 1125 2799 praepositio-

96 2809 199 2845 neex-
234 2799 296 2850 308.
316 2792 374 2859 Qui
397 2806 522 2857 teneant,
547 2794 607 2844 iure
623 2792 743 2853 dubitat,
766 2808 830 2844 rum
855 2809 948 2847 onmrn
970 2807 1067 2850 cernat
1082 2799 1125 2851 in·
1206 2818 1210 2825 ‘

97 2862 173 2913 culta.
208 2862 259 2912 Est
281 2871 374 2915 autem
392 2864 474 2913 ordo:
510 2861 564 2930 Qui
580 2869 709 2924 teneant,
731 2860 892 2914 hominesne
909 2866 1031 2918 seraone.
1064 2867 1126 2920 Me·

99 2930 139 2981 dia
156 2949 207 3001 per
223 2931 402 2999 parenthesin
420 2932 491 2982 dicta
515 2937 585 2981 stult.
620 2928 742 2991 Exacta,
769 2931 906 2997 exquisita.
943 2933 990 3000 (Et
1007 2936 1126 2987 osterulit

100 3001 240 3065 prondam
256 3016 355 3067 regem
378 3018 427 3069 per
444 3017 472 3051 se
489 3006 633 3049 curantem
658 2999 800 3049 commoda
819 2999 974 3052 sociorum.)
993 3030 1027 3040 -
1062 3011 1123 3061 310.

101 3067 131 3116 ln
154 3084 277 3120 consero
304 3085 463 3133 nemorum;
488 3066 701 3137 prcoeconomia
726 3071 767 3116 est
790 3063 824 3117 ad
842 3083 952 3120 cuttsam
976 3070 1124 3140 pertinens.
1154 3098 1157 3109 ·

100 3133 157 3189 Non
180 3137 256 3190 enim
280 3137 419 3188 tenebitur
444 3137 479 3188 ab
503 3136 590 3199 Afris,
616 3142 646 3183 ut
663 3135 774 3198 Ilionei,
799 3132 901 3203 [etqui
918 3151 983 3193 cum
1005 3137 1064 3209 ipso
1082 3157 1126 3192 su.

100 3204 295 3272 pervenerant]
330 3204 457 3257 Convexo
476 3212 584 3268 autem,
608 3218 704 3254 curvo:
728 3200 799 3253 unde
817 3211 844 3255 et
860 3218 1009 3256 convexum
1026 3205 1127 3262 dicitur

99 3274 212 3326 coelum.
247 3274 320 3325 Sane
344 3274 519 3326 subaudimus
536 3271 626 3334 Loco,
651 3278 682 3318 ut
698 3267 778 3320 alibi:
803 3272 964 3324 Castrorum
988 3279 1016 3326 et
1033 3277 1126 3348 campi
1147 3270 1150 3277 ’

101 3342 201 3407 medio,
215 3343 241 3403 i.¹
254 3361 278 3394 e.
296 3342 390 3410 spatio.
424 3345 588 3411 [Nemorum
605 3348 713 3401 autem,
736 3338 818 3389 motio
835 3339 908 3392 silva.
938 3342 1056 3395 Interest
1078 3362 1126 3397 au·

98 3415 153 3460 tem
175 3412 249 3462 inter
273 3427 370 3462 nemus
395 3419 422 3462 et
444 3411 540 3462 silvam
563 3417 591 3460 et
612 3406 721 3472 lucum,
741 3406 817 3457 lucus
842 3410 917 3461 enim
935 3418 975 3462 est
992 3412 1126 3466 arborum

99 3479 240 3531 multitudo
257 3495 325 3529 cum
341 3479 490 3548 religione,
513 3494 610 3529 nemus
627 3493 691 3547 vero
710 3478 861 3545 composita
878 3475 1025 3532 mtdtitutlo
1043 3481 1126 3533 arbo·

99 3562 173 3597 rum.
196 3548 263 3598 silva
280 3548 378 3598 diffusa
398 3556 425 3598 et
442 3546 564 3610 inculta]
598 3546 653 3595 Sub
673 3561 740 3610 rupe
759 3558 875 3610 cavata5
898 3547 1065 3616 periphrasis
1083 3559 1125 3603 est

97 3617 247 3684 speluncae.
264 3641 297 3652 -
332 3621 393 3672 311.
408 3617 563 3666 Arboribus
581 3627 661 3680 atque
679 3612 858 3665 horrentibus
878 3617 999 3679 umbris3
1018 3619 1125 3671 umbris

98 3685 245 3749 orborum,
268 3700 323 3753 quo
342 3684 423 3735 modo
441 3684 519 3750 (61.);
543 3684 700 3749 Moiemquc
719 3695 743 3730 et
762 3696 875 3733 montes.
910 3684 964 3736 Aut
987 3695 1062 3738 certe
1080 3705 1124 3739 ar.

98 3751 207 3806 boribus
226 3761 261 3804 ct
284 3753 390 3804 umbris
413 3753 565 3824 speluncae.
607 3753 659 3816 (Et
681 3751 752 3802 bene
777 3749 894 3804 ostendit
919 3753 1011 3806 omnia
1036 3757 1125 3807 cursis

97 3822 185 3875 adlata
202 3821 317 3874 nasibus
341 3838 397 3873 non
415 3857 523 3877 .....
539 3837 608 3888 quae
634 3827 764 3871 venerant
787 3836 852 3869 rum
868 3823 967 3872 Aenea.
1003 3822 1125 3876 Classem

96 3901 186 3944 autern
214 3891 314 3942 occulit
330 3898 357 3943 et
381 3890 493 3951 clausit.)
527 3890 666 3958 [Οεουῑὶτς
689 3904 739 3957 pro
758 3888 888 3954 occuluit,
904 3887 922 3940 i.
941 3906 963 3942 e.
981 3892 1125 3945 abscondit

95 3968 122 4011 st
144 3958 262 4024 claruit]
285 3985 320 3997 -
362 3967 422 4016 312.
447 3960 531 4026 (Bene
557 3959 686 4022 ostendit,
711 3958 830 4008 Aeneam
854 3973 910 4010 esse
934 3959 1123 4025 fortissimum,

93 4045 143 4082 neo
160 4029 315 4101 quidqtntn
332 4028 442 4095 timere,
460 4028 589 4091 dicendo.-
608 4044 663 4079 uno
682 4026 814 4094 graditur
831 4029 982 4080 comitatur
999 4029 1122 4094 Achate.)
