2454 4500
134 258 199 328 408
246 268 248 275 ’
282 194 284 199 ⁴
400 249 540 324 stava
560 241 922 318 COMMENTARIUS

139 436 253 492 occidite
276 443 309 492 et
327 424 460 508 [secunda
484 418 547 506 post
563 424 728 504 nomadum]
752 435 846 519 opima
868 434 957 509 spolia
980 429 1115 498 revocarit
1128 428 1164 515 (al

50 508 54 522 ’
137 505 299 637 113111
332 507 395 633 a}
413 495 1166 643 attaminatalaniamenta

13 644 16 662 ¹
47 645 50 651 ’
127 652 195 711 Ὶ1111
210 642 302 709 luisse,
318 643 425 696 nobiles
441 652 537 699 tamen
555 659 668 712 genere.
701 643 830 711 Namque
846 639 1082 710 per‘Gorneliam
1097 652 1168 705 nepo

71 724 73 731 ⁴
140 720 183 771 tes
200 710 332 778 Scipionis
348 711 470 764 Africani
487 713 608 765 fuerunt.
643 710 721 764 Unde
738 711 871 762 luvenalis
889 709 925 762 ad
942 724 1012 762 eam
1029 712 1059 776 (6
1069 703 1170 777 »17013

54 784 59 793 ’
100 792 104 807 ²
141 779 222 837 Tolle
246 790 326 832 tuum
349 797 447 848 precor
469 778 663 832 Hannibalem
688 781 858 848 [victumque
883 775 1063 846 Syphacem}
1106 775 1170 843 Ergo

50 899 53 915 ,
141 848 284 932 Scipiones
306 848 373 905 dicit
414 866 445 901 er
463 849 587 902 Gracchi
602 866 701 921 genus.
736 848 800 899 Duo
811 855 913 901 autem
936 848 1070 898 fuertmt:
1094 842 1172 894 maior

142 918 301 982 Africanus,
316 867 483 989 Aemihanus
500 916 673 986 minor,=qiri
691 915 832 970 obsidione
851 914 1033 984 Carthaginis
1051 910 1173 990 abitalia

142 984 460 1041 revocavicannibalem
483 991 516 1054 (v.
533 986 647 1048 Burm).
665 1011 701 1022 -
741 989 803 1044 844.
828 984 998 1052 Sci'piadas‚·
1024 981 1057 1034 hi
1080 994 1175 1050 gemtus

143 1055 245 1108 iratres
262 1054 390 1120 fuerunt,
414 1054 463 1123 qui
479 1071 544 1106 cum
560 1054 710 1107 fortissime
728 1054 895 1107 dimicarent
910 1054 939 1106 iu
958 1050 1097 1122 Hispania
1111 1045 1175 1120 apud

60 1129 65 1136 “
144 1121 345 1190 Carthaginem
368 1140 483 1189 novam,
506 1140 578 1192 quae
598 1121 741 1191 Spartaria
764 1123 867 1190 (Guelf.
884 1123 905 1174 Ι.
930 1120 1113 1189 Spar-tarium
1136 1113 1176 1176 ut)

144 1190 261 1255 dicitur,
289 1189 395 1255 insidiis
423 1191 587 1261 interempti
608 1197 688 1254 snnt;
710 1193 847 1260 [quorum
869 1191 959 1254 alter,
983 1196 1084 1258 patera
1107 1185 1176 1248 alter,

118 1278 128 1297 s
166 1266 260 1311 atrum
285 1255 327 1312 Sci
348 1259 418 1312 ionis
440 1260 566 1323 Africani
594 1257 708 1314 maioris
737 1257 875 1324 luerunt]
919 1257 1037 1312 Gladim
1062 1245 1177 1324 Libyan
1218 1286 1225 1307 ι.

144 1274 292 1394 ἒιίρὶοηεε.
327 1277 480 1396 fAfricanos
497 1329 580 1391 duos,
596 1328 735 1381 maiorem
753 1336 781 1379 et
796 1329 954 1394 minorem,
973 1341 1098 1395 quorum
1115 1323 1176 1377 alter
1223 1390 1225 1395 .

145 1395 211 1451 vicit
226 1392 441 1463 Carthaginem
459 1396 529 1453 alter
545 1395 663 1461 delevit]
676 1424 710 1434 -
745 1401 806 1456 845.
820 1395 986 1447 Fabricium
993 1417 1004 1461 ,-
1021 1397 1178 1466 paripertate

111 1464 307 1534 “gloriosum
340 1464 392 1515 Hic
409 1472 450 1516 ert
465 1465 513 1533 qui
528 1465 671 1535 respondit
686 1465 782 1532 legatis
808 1464 983 1530 Samnitum,
1006 1476 1112 1516 aurinn
1133 1456 1178 1512 ribi

145 1530 343 1598 offerentibus,
364 1531 507 1586 Romanos
528 1549 587 1584 non
603 1549 704 1585 aurum
721 1533 826 1587 habere
844 1533 925 1598 velle,
951 1533 1123 1585 sedentum
1138 1528 1179 1582 he

132 1658 135 1663 ,
168 1598 281 1653 entibus
298 1599 446 1671 imperare.
480 1601 599 1653 Serrana
616 1614 766 1666 screntcm3
790 1601 897 1653 Attilius
916 1601 1002 1672 (Llps.
1021 1600 1078 1663 Ait.
1095 1596 1178 1650 Guelf.

161 1668 217 1723 „tt
235 1667 305 1730 atil.)
328 1667 443 1737 quidam
458 1677 570 1724 senator
585 1669 655 1734 tuit,
679 1671 727 1738 qui
751 1685 815 1724 oum
832 1685 932 1738 agrum
951 1667 1059 1738 [suum]
1074 1667 1181 1729 coleret,

147 1743 275 1792 evocatus
291 1744 406 1806 propter
421 1739 552 1792 virtutem
568 1737 672 1790 meruit
688 1739 861 1792 dictaturam.
896 1737 1041 1789 Serranus
1061 1743 1181 1791 austerae

148 1805 265 1862 serendo
282 1805 370 1858 dictus
387 1813 435 1859 est.
452 1833 485 1848 -·
520 1810 581 1864 846.
605 1804 668 1872 Quo
680 1806 793 1875 fessum
813 1808 914 1875 rapitis
931 1805 1044 1857 Fabii?
1070 1821 1121 1858 cur
1141 1817 1182 1854 me

149 1891 167 1927 o
184 1872 273 1926 Fabii¹
284 1874 387 1926 fessum
403 1875 439 1927 ad
456 1882 574 1927 vestram
597 1875 707 1926 trahitis
723 1874 931 1947 narrationem?
966 1877 1022 1927 Aut
1039 1881 1117 1928 certe
1128 1871 1182 1944 jes·

89 1950 91 1956 ’
150 1959 215 1999 sum
230 1941 354 1995 tristem:
370 1950 402 1993 ut
419 1947 462 2009 (8,
479 1942 567 2005 232·):
591 1943 645 1994 Ter
655 1942 757 2012 fessus
775 1946 847 1997 valle
867 1944 986 2008 resedit,
1003 1943 1113 1995 scilicet
1127 1954 1183 2012 pro·

150 2018 213 2083 pter
232 2022 332 2065 eorum
348 2019 476 2064 mortem.
510 2011 583 2062 Nam
608 2013 726 2063 trecenti
743 2029 787 2064 sex
810 2015 923 2065 fuerunt
939 2012 976 2063 de
994 2029 1053 2063 una
1070 2010 1184 2063 familia:

150 2079 199 2149 qui
215 2094 280 2131 cum
297 2079 434 2131 coniurati
451 2079 551 2147 (Guelf.
567 2081 588 2132 Ι.
607 2080 713 2142 iurati)
740 2097 805 2132 cum
822 2080 905 2135 servis
923 2088 951 2132 et
968 2079 1122 2132 clientibus
1137 2077 1185 2128 suis

150 2153 248 2199 contra
265 2147 392 2200 Veientes
409 2149 590 2213 dimicarent,
610 2147 715 2198 insidiis
732 2151 804 2216 apud
823 2151 988 2207 Cremeram
1011 2149 1134 2199 fluvium
1149 2146 1186 2197 in-

150 2213 282 2284 terempti
305 2223 375 2269 sunt.
417 2217 491 2267 Unus
515 2223 624 2266 tantum
648 2218 784 2282 superfuit
805 2217 894 2286 [scil]
919 2218 1021 2267 Fabius
1048 2216 1187 2276 Maximus,

151 2284 200 2352 qui
224 2290 339 2356 propter
362 2290 489 2336 teneram
513 2279 603 2336 adbuc
627 2285 776 2354 pueritiam
798 2286 828 2338 in
845 2286 953 2336 civitate
971 2291 1149 2339 remanserat
1163 2283 1187 2349 [a

151 2366 206 2421 qno
231 2367 281 2423 per
310 2352 444 2420 temporis
472 2353 674 2404 successionem
696 2353 829 2421 longioris
853 2354 952 2404 Fabius
978 2354 1026 2404 ille
1055 2353 1186 2404 Maximus

150 2425 259 2475 creatus
277 2417 337 2482 est]
367 2419 418 2470 Hic
436 2428 532 2489 postea
548 2437 614 2472 cum
630 2421 791 2473 Hannibalis
807 2422 942 2491 impetum
961 2423 1040 2472 ferre
1059 2438 1117 2472 non
1134 2435 1187 2491 pos·

151 2494 209 2552 set,
225 2500 306 2537 mora
323 2503 388 2539 eum
406 2487 501 2554 elusit,
518 2497 546 2541 et
564 2491 598 2541 ad
616 2490 799 2560 Campaniam
817 2492 886 2556 (Vos.
906 2491 1081 2555 Gabiniam,
1099 2487 1184 2539 Gneli

150 2557 171 2612 Ι.
198 2554 360 2622 Compsam,
387 2555 553 2623 Capuam?)
582 2557 677 2621 traxit,
708 2559 757 2610 uhi
782 2558 885 2610 deliciis
915 2556 1186 2625 Carthaginiensium

153 2622 247 2691 (codd.
278 2624 330 2675 del.
360 2625 439 2685 eius)
469 2625 554 2678 virtus
582 2626 662 2676 obtor
682 2625 730 2677 uit.
786 2627 964 2694 [Notandum
1000 2635 1045 2678 est
1083 2628 1117 2677 de
1151 2640 1186 2674 se·

152 2692 243 2744 cunda
266 2706 385 2758 persona
407 2691 541 2757 dictum]
584 2694 632 2745 Ille
656 2644 783 2760 [pentem]
807 2703 847 2745 est
870 2695 903 2745 de
928 2710 983 2763 quo
1008 2695 1052 2745 ait
1075 2692 1185 2744 Ennius:

154 2761 236 2809 Unus
254 2761 306 2826 qui
329 2762 413 2811 notis
430 2762 587 2813 cunctando
608 2763 730 2814 restituit
754 2780 818 2814 rem.
851 2763 946 2814 Sciens
964 2763 1046 2814 enim
1064 2758 1186 2830 virgiliu

152 2828 231 2899 quasi
247 2844 299 2894 pro
324 2829 449 2899 exemplo
468 2831 543 2882 hunc
561 2847 668 2883 versum
691 2831 791 2899 posuit.
808 2858 842 2869 -
877 2836 937 2888 846.
955 2831 1124 2893 Excudent,-
1147 2825 1185 2877 alii

43 2953 55 2962 ⁵
152 2898 279 2949 cudendo
304 2896 439 2950 efficient:
463 2906 493 2951 et
516 2907 558 2950 est
579 2899 733 2950 rhetoricus
750 2899 833 2951 locus.
867 2900 1036 2971 Spirantia5
1062 2899 1184 2952 animata.

97 2967 101 2983 ¹
152 2964 282 3021 Horatius
307 2967 381 3030 (Art.
398 2966 428 3016 P.
454 2968 530 3029 33.):
553 2967 588 3017 Et
614 2969 711 3030 tuellas
734 2970 893 3020 imitabitur
920 2986 984 3020 aere
1009 2970 1140 3037 capillos.
1156 2989 1184 3001 -

49 3048 72 3076 ·.
153 3037 216 3093 849.
238 3031 325 3086 Viros
343 3034 456 3103 vuitusp
480 3035 536 3090 boo
563 3043 604 3088 est
626 3035 700 3105 qued
724 3037 790 3093 dixit
814 3039 967 3110 spirantia.
1006 3039 1047 3089 Et
1072 3054 1122 3108 per
1145 3048 1184 3085 aar

154 3157 313 3212 Corinthios
330 3157 451 3211 indicati
474 3177 525 3230 per
542 3177 681 3226 marmor,
702 3161 797 3213 Parios
820 3161 923 3226 (Guelf.
940 3161 961 3213 l.
978 3136 1119 3244 pertbrisb
1141 3174 1182 3229 per

153 3243 293 3317 actionem
309 3259 469 3311 carnarum,
487 3246 679 3301 Athenienses:
695 3266 746 3321 per
763 3250 984 3316 Astronomiam,
999 3253 1147 3322 Aegyptios
1161 3257 1183 3301 et

154 3313 369 3364 Chaldaeos-
403 3319 465 3371 853.
483 3314 566 3365 Pacis
585 3333 704 3378 morem,·
729 3317 803 3384 leges
819 3320 901 3387 pacis·
918 3345 953 3355 --
989 3325 1053 3378 856.
1073 3319 1181 3373 Marcei

155 3381 220 3444 ius,
243 3382 288 3432 hic
307 3381 400 3434 Gallos
418 3390 446 3434 et
465 3383 571 3436 Poenos
588 3384 710 3450 equestri
733 3386 885 3438 certamine
901 3389 1053 3455 superavit.
1088 3387 1181 3440 Virido-

55 3480 58 3487 ι
154 3463 268 3499 marum
285 3450 334 3515 (R.
353 3450 444 3505 Guelf.
456 3451 493 3508 ΙΙ.
511 3451 688 3514 Viridomor.)
713 3454 799 3505 etiam
817 3455 963 3509 Gallorum
987 3457 1090 3509 ducem
1108 3471 1181 3508 mauu

154 3517 271 3633 propria
286 3519 444 3583 interemit,
460 3526 488 3570 et
506 3521 609 3601 optima
627 3521 732 3571 rettulit
749 3523 852 3595 spolia,
874 3541 944 3590 quae
963 3525 1017 3576 dux
1035 3527 1182 3578 detraxerat

175 3599 235 3634 ucis
250 3591 320 3634 sicut
338 3586 435 3637 Cossus
452 3586 531 3645 Lern
548 3588 703 3638 Tolumnio.
723 3617 756 3626 -
791 3598 851 3648 857.
869 3592 1064 3659 supereminet
1082 3611 1180 3655 omnen

101 3689 113 3717 ·.
154 3649 261 3701 virtutis
285 3652 387 3704 scilicet
409 3670 519 3722 genere,
554 3656 623 3707 Rem
642 3655 816 3723 Raraunum,
840 3667 943 3712 statum
959 3664 1139 3729 reipublicae.
1154 3685 1181 3698 -

154 3723 217 3775 858.
237 3719 379 3770 Turbunte
397 3723 534 3786 tumultu3
557 3725 619 3776 ideo
637 3728 774 3792 turnultu,
799 3728 863 3796 quia
879 3747 923 3783 res
941 3730 971 3783 in
988 3731 1071 3783 ltalia
1087 3732 1182 3799 [adver-

153 3800 199 3839 eus
217 3786 324 3852 Gallos]
338 3789 451 3856 geritur.
470 3818 505 3833 -ν
539 3798 600 3850 859.
618 3792 716 3857 saun·
734 3789 917 3862 confirmabit,
933 3800 1138 3853 corroborabit
1154 3825 1181 3837 ·-

156 3859 218 3933 860,
237 3855 385 3922 Tertiaque
404 3867 471 3919 ete.;
493 3867 521 3911 et
537 3861 619 3912 tertia
637 3865 731 3930 opima
748 3865 833 3932 spolia
850 3868 996 3936 suspendet
1014 3870 1105 3938 patri,
1130 3869 1147 3919 i.
1162 3885 1181 3919 e.

154 3920 221 3978 lovi.
256 3923 342 3990 Capta
362 3923 506 3990 Quiri-nm·
528 3928 620 3996 qualia
637 3938 665 3980 et
682 3931 812 3997 Quirinus
828 3943 955 4001 ceperat,
978 3934 997 3988 i.
1014 3955 1042 3990 e.
1059 3936 1183 3988 Romulus

156 3990 191 4042 da
207 3993 314 4047 acrone
333 4009 400 4062 rege
419 3994 631 4048 ceninensium:
654 4006 683 4051 et
699 4017 733 4055 ea
749 4001 805 4057 lori
821 4005 1009 4079 suspenderat.
1038 4007 1184 4068 rossana.
