2454 4500
161 279 227 350 tto
244 221 255 272 ⁷
422 272 561 343 ssavn
584 256 936 371 couuomnnvus

157 446 278 591 quatior,
304 415 491 534 ttttotqavu
505 456 554 529 (tt
577 457 724 533 ditarem]
742 488 776 502 -
810 464 854 520 10.
872 438 952 532 Ollr‘g
976 471 1027 517 aut
1043 471 1128 516 mne:
1151 467 1196 518 aut

64 557 72 573 κ
151 524 222 597 ιΙΒ·.”
240 533 330 603 Supra
348 545 447 603 caput,-
465 529 662 603 (periculosum,
677 530 853 598 inevitabilis,
867 534 1006 587 mortifer.
1041 531 1105 586 Neo
1121 534 1194 587 euim

32 614 34 621 ’
69 644 72 660 .
157 599 320 670 simpliciter
341 599 445 665 dictum
468 606 522 669 est,
551 615 616 652 oum
646 601 735 652 omnis
764 600 857 653 imber
881 600 964 673 supra
987 609 1074 672 caput
1098 602 1140 655 sit
1162 628 1193 640 ···

59 746 65 768 ⁸
157 748 294 810 guttura,
317 745 348 802 et,
360 753 417 790 non
434 738 522 790 solum
539 738 605 789 anni
621 745 744 807 tempus,
767 755 796 791 se

158 676 204 731 11.
227 668 375 755 (Notum,
403 670 545 735 tenebras,
576 669 714 735 hiemem,
743 677 950 791 tempestatem
980 669 1089 792 (irtpeci
1107 687 1192 810 'ffin

833 759 848 792 e
890 757 934 793 em
955 757 983 792 es
997 755 1014 790 a
1042 756 1074 790 m
1092 755 1115 791 si

158 808 243 877 cant]
276 807 421 860 lubarruit
439 808 521 875 undu
534 800 670 869 t'enrbris,·
688 808 742 859 hoo
759 815 800 860 est
816 817 845 860 et
861 757 958 874 noctii),
973 812 1004 864 et
1019 807 1149 861 nubium.
1159 834 1189 846 -

157 884 204 941 12.
221 877 282 949 Ipse
297 870 493 946 gubernator}¹
509 873 676 945 [inportunis
699 877 752 928 hoo
771 875 843 942 est,]
867 876 916 949 qui
932 876 1031 930 debuit
1048 893 1109 931 esse
1125 878 1190 930 sols·

157 946 206 1001 tto.
241 944 297 1014 Pup
318 947 380 997 lob
399 946 473 1007 alta,
498 945 639 1002 subaudis:
664 944 741 996 Hnea
766 948 815 997 nit.
832 955 883 986 -'
903 953 945 1005 13.
966 944 1046 1015 Quia
1067 963 1150 1012 nam,
1170 946 1186 997 i.

157 1032 183 1069 e.
200 1030 258 1068 our.
290 965 326 1066 tit
342 1023 382 1068 est
397 1015 593 1080 interrogantis
611 1013 788 1080 adverbium,
812 1030 867 1084 quo
884 1031 948 1066 nsus
965 1023 1009 1068 est
1025 1014 1069 1067 bis
1085 1012 1147 1081 bic,
1162 1021 1186 1068 et

156 1083 188 1141 in
203 1083 319 1137 decimo*
330 1083 389 1149 (6.):
407 1082 562 1146 Caelicolae
580 1086 678 1151 magni
695 1087 832 1152 quianam
851 1088 988 1141 sententia
1006 1086 1090 1137 voltis
1108 1082 1185 1137 Versa

91 1167 94 1174 “
156 1151 253 1207 t'ttro?
285 1151 410 1224 (Nimis,
432 1168 484 1223 pro
501 1150 608 1216 nubes]
626 1178 658 1188 —
694 1159 736 1211 15.
756 1152 893 1223 Colligere
911 1172 992 1205 arma
1018 1154 1111 1217 iubet,;
1132 1150 1190 1206 velt'

85 1254 97 1263 ν
155 1222 330 1288 contrahere,
345 1236 402 1277 nou
413 1222 522 1290 penitus
537 1221 682 1290 deponere.
717 1221 791 1273 Nam
804 1222 883 1274 dicit:
900 1223 1095 1292 obliquatque
1108 1225 1183 1277 sinus

68 1346 72 1355 ,
157 1293 190 1346 t'n
207 1292 324 1344 ventum.
342 1316 376 1328 —
411 1295 454 1347 16.
471 1289 674 1357 [Obliquatque
698 1290 781 1342 sinu's
806 1294 838 1343 in
855 1304 985 1358 ventum,
1011 1300 1111 1344 contre
1127 1307 1181 1344 eam

155 1368 265 1433 partem
281 1375 335 1428 quo
351 1358 424 1411 venti
441 1359 562 1423 flabant,
580 1367 608 1410 et
624 1358 764 1427 eleganter
781 1378 831 1430 per
848 1367 953 1426 totum,
970 1361 1181 1430 gubernatorem

156 1427 360 1482 ostendita'nte‘
372 1426 465 1480 omnia
482 1435 599 1493 tentare,
616 1445 700 1496 quarn
717 1427 752 1480 ad
769 1429 969 1481 confessionem
987 1429 1179 1482 descendat-

155 1504 200 1557 17.
222 1496 407 1566 Magnanimo
428 1496 519 1547 Aenea
526 1519 536 1561 ,-
567 1497 733 1561 fortissime,
764 1505 794 1549 et
817 1506 858 1550 est
880 1498 1025 1569 epitheton
1047 1506 1180 1572 sumptum

154 1580 189 1624 ex
210 1575 348 1641 tempore,
369 1566 430 1624 hou
449 1573 489 1617 est
511 1566 559 1633 qui
581 1581 637 1617 non
662 1567 857 1620 consternatis·
900 1566 944 1617 Sic
966 1567 996 1619 in
1016 1576 1116 1635 quarto
1139 1564 1179 1617 ati

154 1636 264 1704 tiuptias
288 1637 411 1689 facturus
433 1641 488 1698 est,
510 1634 550 1684 uit
572 1636 669 1700 (itt-t·
700 1634 762 1704 Ipqe
787 1647 851 1685 ante
876 1636 952 1687 alios
973 1634 1178 1703 pulcherrimos

156 1703 271 1771 omnen]
305 1703 429 1773 luppiter
454 1704 568 1766 auctor5
600 1710 647 1753 aut
670 1711 781 1756 nostrae
803 1705 998 1773 navigationis3
1022 1717 1072 1756 aut
1094 1720 1179 1759 teum·

33 1812 38 1825 .
66 1822 72 1837 ,
153 1770 222 1825 dum
243 1790 324 1826 usum
345 1773 450 1824 locutus
474 1778 527 1825 est:
549 1787 600 1823 nee
624 1770 647 1821 si
669 1771 751 1837 huius
774 1773 816 1824 rei
841 1781 987 1825 auctorem
1010 1791 1040 1829 se
1064 1773 1179 1845 Iuppiter

153 1836 243 1895 iaciat.
271 1842 314 1894 ‘Et
329 1841 411 1897 multi
427 1847 576 1909 quaerunt,
593 1840 732 1908 quomodo
751 1853 850 1893 auctor
868 1838 1094 1908 luppiter,'cum
1110 1841 1180 1911 Apot-

152 1908 204 1967 liui
226 1911 299 1963 dicat
321 1916 369 1978 (6,
388 1910 456 1971 59.):
488 1907 541 1959 Tot
565 1910 657 1961 maria
682 1911 791 1963 intravi
815 1913 884 1961 duce
910 1923 943 1962 te.
963 1912 973 1927 ⁸
991 1911 1046 1965 Sed
1070 1911 1180 1980 legimns

154 1983 199 2051 (3,
217 1981 300 2041 251.):
325 1978 404 2046 Quae
424 1975 528 2030 Phoebo
547 1989 625 2044 pater
644 1980 834 2046 0mniponns2·
860 1987 888 2032 et
904 1979 1059 2097 sppcialiter
1076 1980 1179 2048 naviga·

151 2048 234 2103 tionis
258 2065 290 2101 er
312 2048 406 2101 Africa
430 2054 526 2114 auctor
550 2053 591 2098 est
613 2046 745 2115 Iuppiter.
770 2074 803 2085 -
844 2054 886 2106 18.
945 2065 977 2100 aa
1002 2049 1098 2114 coele;
1122 2048 1180 2118 [hoo

153 2115 205 2182 est]
228 2121 300 2169 atre.
336 2114 370 2166 ln
394 2115 446 2168 boo
470 2115 544 2166 coela
570 2116 621 2181 qul
644 2117 750 2167 dicitur
775 2122 840 2181 atr5
864 2117 956 2184 sic[nt]
976 2116 1126 2181 Lucretius
1148 2119 1181 2181 (4,

152 2185 232 2245 133.)
256 2185 353 2254 posuit.
377 2211 411 2221 -
452 2190 494 2241 19.
519 2182 626 2234 Mutati
650 2197 811 2236 transverso
830 2186 977 2255 fremunt;
1005 2187 1028 2252 i.
1052 2204 1093 2252 e.,
1122 2186 1181 2237 hinc

152 2261 235 2321 atquo
259 2255 340 2317 hino,
364 2253 448 2321 [quod
473 2261 513 2304 est
536 2270 566 2303 ex
590 2261 757 2316 transvers03
784 2257 868 2307 Varro
894 2256 928 2306 dc
953 2271 1003 2306 ora
1027 2255 1180 2307 maritima:

152 2321 236 2377 Nihil
263 2325 336 2373 enim
363 2323 452 2387 venti,
477 2333 507 2370 ut
531 2322 606 2372 docti
630 2323 778 2388 dixerunt,
802 2326 862 2374 nisi
886 2328 935 2374 a'e'r
960 2325 1069 2374 multus
1085 2325 1180 2393 fluens

154 2389 353 2454 transversus]
387 2391 436 2440 Est
461 2398 554 2440 autem
579 2390 740 2441 adverbium
764 2394 870 2443 sactum
895 2393 1077 2444 denomines
1101 2404 1131 2442 ut
1147 2396 1180 2459 (9,

152 2464 240 2524 illd:
268 2460 423 2511 Cunctatur
447 2471 471 2513 et
497 2461 589 2509 amnis
608 2459 707 2508 Rauca
733 2479 847 2512 sorvans.
890 2462 961 2512 item
987 2460 1032 2526 (G.
1050 2470 1083 2527 3,
1099 2461 1181 2520 499.);

152 2528 187 2581 Et
210 2531 275 2594 pede
300 2542 401 2579 terram
427 2529 521 2577 crebra
540 2528 621 2596 ferit.
655 2528 764 2580 Nomen
788 2538 815 2581 ot
833 2527 995 2582 adverbium
1019 2529 1180 2598 plerumque

151 2597 227 2652 inse
251 2605 408 2650 transeunt:
434 2605 464 2646 ut
488 2599 530 2662 (7,
549 2596 632 2656 3993:
659 2596 834 2665 Turnumque
855 2611 961 2665 repente
980 2599 1101 2663 clamat,
1123 2600 1140 2650 i.
1157 2615 1178 2649 e.

150 2672 235 2727 torve.
270 2669 339 2719 Item
358 2665 518 2717 adverbitun
534 2665 563 2714 in
580 2680 698 2716 nomen:
722 2675 753 2716 ut
777 2667 822 2730 (G.
841 2676 872 2732 3,
890 2667 976 2730 325.):
1003 2666 1085 2717 Dum
1104 2682 1180 2717 marn

151 2753 271 2787 novum:
297 2735 347 2804 [et]
363 2742 476 2803 accepta
493 2733 675 2785 declinatione
691 2736 795 2786 factum
813 2743 853 2786 est
868 2751 978 2786 nomen.
1015 2734 1060 2786 Sic
1078 2735 1180 2788 Persius

151 2809 194 2873 (5,
210 2804 278 2867 ssd:
302 2805 362 2856 Iam
387 2820 450 2854 cras
472 2802 630 2853 hesternum
657 2801 733 2869 [beu]
756 2806 998 2879 opnsumpsimus,
1021 2821 1083 2855 ecce
1102 2803 1179 2855 aliud

151 2890 224 2928 oras.
263 2873 317 2926 Sed
337 2888 440 2924 nomen
464 2887 528 2921 cum
552 2871 714 2922 adverbium
736 2889 794 2925 esse
817 2873 955 2942 coeperit,
977 2872 1010 2922 fit
1031 2874 1179 2926 indeclina-

149 2941 220 2995 bile:
244 2941 418 3005 adverbinm,
440 2956 505 2992 cum
529 2956 632 2991 nomen
658 2956 714 2993 esse
738 2941 873 3011 coeperit,
897 2941 1057 2992 declinatur.
1105 2942 1178 2995 Unde

150 3015 190 3064 ait
204 3012 313 3064 Plautus
331 3011 423 3077 (Most.
440 3016 465 3071 3,
483 3020 508 3073 2,
525 3008 591 3071 Sed:
610 3009 631 3055 A
650 3013 730 3060 mani
748 3009 848 3075 (mane)
868 3027 953 3075 usque
972 3012 1009 3060 ad
1026 3027 1178 3077 vesperum.

149 3082 172 3133 A
192 3083 271 3131 mani
293 3077 484 3146 (Guelf.1.11.
511 3096 527 3125 o
554 3078 649 3138 mnne)
674 3088 766 3130 autem
790 3086 903 3148 propter
926 3084 1101 3151 tetraptoton
1125 3095 1179 3130 non

149 3151 225 3202 dixit.
259 3151 330 3201 Cum
348 3148 424 3198 enim
441 3146 470 3196 in
488 3146 608 3197 alionum
625 3147 667 3199 ius
683 3155 825 3199 transeunt
841 3149 894 3198 hue
911 3156 1018 3218 partes,
1042 3163 1103 3199 uon
1119 3149 1178 3212 suis,

149 3218 198 3270 sed
214 3234 312 3271 earum
329 3216 364 3268 ad
382 3231 448 3284 quas
464 3215 638 3280 transierint,
661 3223 775 3267 utuntur
798 3218 990 3286 potestatibus,
1015 3215 1045 3266 in
1063 3217 1178 3269 declina·

148 3288 224 3340 tione
247 3282 398 3337 dumtaxat.
429 3284 503 3335 Nam
526 3293 685 3352 temporum
709 3285 848 3336 rationem
871 3302 950 3336 suam
970 3293 1128 3337 reservant:
1151 3291 1179 3335 ut

148 3355 279 3407 hocloco
298 3355 488 3417 Transversn‚
513 3369 577 3403 cum
594 3353 756 3405 adverbium
773 3354 821 3417 sit,
847 3372 863 3402 a
888 3362 981 3406 tomen
1007 3353 1100 3405 brevis
1124 3362 1177 3407 est:

149 3423 215 3497 quia
236 3424 311 3477 venit
334 3439 366 3475 ex
389 3408 517 3486 numida,
539 3421 604 3473 licet
628 3422 698 3474 dirae
722 3430 901 3474 consonantes
924 3430 1092 3490 sequantur:
1115 3439 1176 3474 cum

148 3495 267 3544 sciamus
274 3529 282 3556 ,
311 3510 329 3542 o
352 3491 502 3543 terminata
526 3491 654 3542 adverbia
676 3490 759 3559 longa
782 3508 854 3554 esse,
883 3499 914 3542 ut
936 3491 1019 3558 paulo
1042 3498 1116 3573 post:
1145 3491 1178 3541 Et

143 3560 258 3632 frustra
276 3577 358 3611 cerno
383 3573 408 3610 te
426 3560 534 3610 tendere
553 3572 659 3613 contra.
695 3560 731 3609 Et
755 3578 862 3625 vespere
887 3563 922 3611 alr
941 3568 1019 3624 otro,-
1046 3579 1066 3613 1.
1084 3579 1106 3613 e.
1132 3561 1177 3628 [ab

150 3629 291 3681 occidente
307 3629 427 3681 nubibus
443 3629 566 3692 confuso,
582 3628 635 3679 hoc
654 3627 705 3692 est]
721 3645 775 3696 quo
793 3630 944 3681 tendimns:
961 3645 1012 3680 nec
1030 3629 1107 3684 enim
1120 3631 1177 3682 tine

148 3697 256 3749 ratione
272 3704 334 3771 post
350 3697 561 3766 generalitatem
578 3697 682 3748 addidit
697 3698 824 3771 speciem.
860 3699 991 3767 [Quidam
1005 3706 1101 3751 autem
1116 3698 1177 3751 ideo

149 3779 211 3817 ntro
229 3765 337 3830 dicunt,
361 3766 426 3834 quia
443 3765 492 3816 ubi
508 3766 565 3818 dies
583 3766 722 3831 occidens,
747 3775 808 3820 atra
826 3768 920 3819 omnia
939 3767 1024 3833 lacit,
1047 3768 1066 3818 i.
1084 3786 1109 3820 e.
1131 3782 1177 3818 uo·

147 3834 241 3899 rtem]
258 3861 293 3872 -
327 3839 371 3890 20.
388 3834 423 3884 In
449 3836 548 3885 nubem
568 3837 678 3901 cogitur
701 3840 767 3900 a'e'r5
791 3835 877 3888 nubes
900 3837 976 3888 enim
999 3836 1072 3887 airis
1094 3836 1179 3888 densi·

147 3910 189 3954 tas
205 3902 284 3954 facit:
300 3910 332 3952 ut
348 3902 392 3967 (G.
410 3903 544 3968 1,4(9,);
563 3903 670 3955 Densat
688 3906 776 3969 (codd.
795 3905 908 3970 denset),
925 3917 1005 3956 erant
1043 3921 1096 3956 uae
1115 3923 1178 3959 rara

149 3972 246 4038 modo,
269 3982 295 4021 et
316 3988 387 4038 quae
405 3971 492 4023 densa
518 3973 643 4024 relaxat.-
668 3974 827 4041 [Contraria
851 3982 891 4042 (1,
908 3973 993 4034 587.):
1017 3921 1129 4025 icindrt
1151 3991 1178 4024 se

134 4042 252 4107 'nulrr,
276 4050 303 4093 et
325 4041 357 4091 in
381 4040 492 4094 aethera
516 4054 620 4110 purgat
644 4055 778 4112 apertum.
796 4070 830 4081 -·-
864 4050 907 4101 21.
925 4040 985 4094 Neo
1010 4059 1063 4095 nos
1089 4044 1181 4096 obniti
