2454 4500
99 309 142 370 m
195 241 198 245 ⁸
354 294 494 359 suum
517 293 872 360 counuumums
929 280 934 285 ’
992 342 1000 353 .

100 485 248 549 limemque
267 479 344 550 ser'es
368 479 405 531 ud
437 479 529 532 sidera
557 481 644 544 coeii,¹
676 486 790 550 propter
813 477 895 531 illud:
911 479 1012 543 ‚Coeli
1034 478 1124 551 quibu

97 554 209 607 annuis
228 567 326 600 arcem.
361 552 466 602 Aeneas
490 550 565 602 enim
589 552 739 603 secundum
763 547 898 617 quosdam
920 550 952 600 in
975 552 1124 605 Numiciud

98 622 146 689 (el.
167 617 334 680 Numicum)
351 617 451 668 cecidit
467 618 596 680 fluvium;
622 618 771 672 seeundum
789 615 919 667 Ovidium
938 617 1092 683 (Metarmt

96 693 126 742 iu
152 689 261 740 coelum
284 694 377 756 raptus
402 693 457 750 est,
480 687 629 755 uppellatus
651 684 754 737 tamen'
775 693 829 748 est,
860 686 990 752 Iuppiter
1014 688 1093 758 indi(

97 761 216 827 [Aeneas
240 755 315 821 enim
338 762 399 824 port
422 770 531 806 errores
549 756 603 809 VII.
620 770 757 805 annorum
780 768 844 802 cum
861 755 896 805 ed
912 756 1023 808 Italiam
1039 775 1073 827 pe

99 827 199 892 nisset,
230 827 286 890 (et,
308 823 377 874 sicut
400 823 514 874 historia
537 820 634 887 habet,
664 822 791 890 cognito,
821 822 894 889 quod
919 824 1034 877 Veneris
1083 826 1089 837 '

99 893 187 946 Troia
209 894 357 963 profugus,
382 891 444 942 satis
461 889 615 942 iuvantibus
639 893 674 942 ud
690 891 798 942 ltaliam
822 891 953 956 venisset,
977 902 1010 949 et
1028 893 1064 947 ab
1113 952 1117 957 ,

97 964 157 1013 tino
181 969 319 1029 susceptus
343 966 429 1029 esset,
457 960 545 1011 filiam
570 959 627 1012 eius
650 958 795 1012 Leviiuam
818 958 895 1010 dieii
917 975 1049 1028 uxorem,
1115 946 1123 1027 ⁴1·

97 1028 206 1093 dolore)
237 1029 346 1083 Turnus
377 1041 425 1078 rex
448 1027 630 1092 Rutulorum,
660 1028 707 1094 qui
737 1035 801 1079 aute
827 1025 972 1080 Lauiniam
1005 1048 1100 1102 iperi¹

99 1113 229 1161 uxorem,
255 1103 282 1148 et
299 1095 398 1146 Latino
416 1103 444 1146 et
459 1099 567 1148 Aeneae
591 1095 695 1146 bellurn
718 1095 829 1158 indixit,
851 1097 900 1148 sed
917 1098 1010 1167 primo
1027 1116 1090 1170 prae

99 1167 215 1218 Latinus
240 1172 281 1216 est
302 1163 501 1232 interemptus,
516 1154 642 1214 'ieeundo
667 1179 732 1218 vero
750 1166 854 1214 Aeneas
872 1165 1001 1219 Turnum
1024 1167 1079 1219 ooi'

98 1238 160 1303 Ipse
183 1248 248 1284 vero
273 1240 303 1281 ut
326 1232 439 1299 quidam
462 1233 557 1283 dicunt
586 1248 651 1282 cum
667 1231 853 1295 Mezentium,
876 1241 907 1283 ut
930 1236 1045 1303 quidam
1065 1252 1080 1285 r

99 1304 248 1371 Mesapum
264 1301 388 1368 fugeret,
411 1299 441 1350 iu
458 1299 618 1350 Numicium
640 1300 755 1351 fluvium
771 1301 885 1365 cecidit,
909 1311 940 1352 ut
959 1321 1024 1357 vero
1040 1304 1073 1355 Li
1087 1304 1093 1315 '
1111 1300 1114 1305 ’

99 1372 181 1438 (Dan.
206 1368 286 1420 Fabr.
313 1367 449 1429 Ovidius)
471 1369 559 1419 refert
582 1368 613 1419 in
636 1368 743 1419 coelum
766 1376 860 1437 raptus
885 1377 940 1436 est,
970 1374 1047 1424 cuius

119 1456 150 1490 us
167 1453 232 1488 cum
252 1436 339 1504 (victis
363 1453 380 1486 a
397 1453 424 1487 so
442 1434 541 1486 Rutilis
559 1444 589 1487 et
603 1436 754 1499 Mezentio)
773 1437 854 1502 (Dan.
870 1439 951 1490 Fabr.
968 1450 1031 1511 poet
1063 1442 1069 1453 '
1111 1444 1114 1451 '

99 1457 234 1570 Rutulos)
257 1505 385 1557 Ascanius
408 1503 570 1572 requisitum
592 1519 648 1554 nou
671 1505 833 1571 invenisset,
854 1506 885 1557 in
902 1507 1021 1560 deorum
1035 1526 1056 1562 u

100 1591 165 1629 rum
190 1574 307 1625 eredidit
328 1571 467 1637 relatum]
491 1573 595 1640 'Itaque
622 1573 648 1624 ei
670 1575 805 1642 templum
827 1575 964 1643 condidit,
978 1585 1017 1646 ,et
1037 1578 1117 1631 iem

102 1645 252 1711 indigetem
283 1641 434 1711 appellavit.
482 1640 556 1693 Bene
586 1650 679 1693 autem
711 1643 815 1694 addidit
838 1642 932 1711 feres,
963 1654 996 1696 ut
1025 1640 1116 1717 gra*

101 1720 186 1778 esset,
202 1711 276 1780 quod
293 1727 342 1780 per
359 1710 448 1780 ipsam
464 1707 551 1760 fieret.
567 1736 602 1747 -·
636 1716 696 1767 250.
714 1711 952 1778 Magnanimum,
970 1731 1083 1784 magnus

100 1796 214 1854 parvus,
241 1778 372 1848 quoniam
397 1791 544 1829 mensurae
566 1785 644 1842 sunt,
668 1779 703 1830 ad
726 1781 866 1844 animum,
887 1798 945 1834 non
967 1786 1022 1838 uisi
1042 1804 1073 1839 ee

99 1844 247 1919 χρηστικῶς
263 1847 436 1900 adhibentur.
471 1845 516 1911 (Et
532 1846 604 1897 bene
621 1846 674 1897 hoe
691 1847 809 1913 addidit,
838 1853 915 1916 quasi
932 1849 1022 1919 dicet,
1044 1870 1078 1923 qu
1108 1856 1112 1861 '

98 1928 131 1970 tu
147 1919 281 1970 miserum
297 1915 378 1971 dicis,
395 1928 444 1966 nos
460 1915 684 1981 magnanimum,
707 1933 854 1981 summum.
889 1918 987 1986 Neque
1005 1940 1045 1973 me
1060 1930 1104 1975 ete.

99 1987 135 2039 ud
151 1987 232 2037 illud:
256 1983 334 2050 Quae
352 1996 392 2046 te,
415 1984 541 2048 genitor,
558 1986 695 2034 sententia
714 1984 814 2046 vertit.)
830 1986 867 2027 -'-
901 1994 962 2045 261.
980 1988 1083 2058 Hie,·i.

100 2059 213 2106 Aeneas.
246 2052 283 2103 Et
306 2058 349 2102 est
372 2052 455 2107 ordo:
478 2051 529 2100 Hie
551 2051 656 2103 beilum
678 2054 775 2121 ingens
798 2064 877 2122 geret
899 2055 1032 2113 initalia
1063 2060 1074 2129 [

100 2123 147 2177 hic
165 2136 216 2192 pro
252 2127 294 2170 ost
309 2118 378 2170 haec
396 2134 466 2186 quae
483 2118 537 2170 dixi
553 2119 700 2188 accipiunt,
716 2129 747 2171 ut
763 2124 798 2173 sit
812 2124 867 2174 loci
884 2125 1059 2194 adverbium,
1072 2140 1122 2199 pn,

100 2187 240 2260 temporis.
286 2187 353 2238 Tibi
364 2187 453 2255 fabor
471 2189 562 2252 enim,-
580 2186 632 2238 hoo
648 2188 714 2239 loco'
728 2199 835 2243 exorsae
851 2194 1040 2260 quaestionem
1054 2199 1122 2267 sub}

99 2275 163 2312 ram
200 2256 275 2324 quasi
301 2256 405 2323 (Burm.
428 2255 522 2320 quare)
547 2255 649 2308 Veneri
673 2258 790 2325 dolenti,
821 2276 892 2329 quae
915 2279 981 2316 vera
1004 2260 1122 2319 santii·-

101 2335 161 2390 cat,
183 2325 231 2376 sed
255 2324 301 2391 (et)
324 2323 403 2374 aliter
426 2324 554 2390 loquatur
578 2325 646 2391 (eod.
666 2327 693 2377 F.
718 2327 806 2392 dicut,
829 2337 856 2381 et
878 2332 941 2383 ideo
965 2335 1034 2399 tibi,
1055 2330 1122 2409 qudi

100 2395 169 2449 nulli
187 2392 249 2458 alii,
266 2394 283 2444 i.
294 2409 321 2443 e.
338 2391 388 2441 tibi
406 2391 469 2451 solii
486 2409 553 2442 nam
569 2393 648 2445 aliter
665 2394 785 2462 loquitur
798 2399 866 2459 ete.)
884 2401 990 2451 cunctis
1002 2418 1122 2472 praesen-i

100 2463 173 2515 tibus
196 2461 257 2513 Dn:
280 2459 346 2511 dicit
370 2459 445 2519 euim
469 2459 499 2510 in
525 2461 632 2511 decimo
650 2463 709 2528 (8.):
732 2466 890 2516 Abnueram
916 2470 987 2520 bello
1014 2471 1121 2533 Italiam}

103 2546 267 2582 concurrere
287 2527 412 2578 Teucris.
449 2526 588 2594 Quando,
607 2530 750 2598 siquidem,
767 2534 931 2601 [quonism]
965 2538 1121 2592 nemerim

101 2599 234 2650 sollicitat.
268 2596 412 2648 Terentius
436 2598 521 2662 (Eun.
545 2605 577 2663 3,
602 2604 634 2664 1,
658 2599 723 2661 55.):
749 2600 803 2650 Par
826 2608 892 2671 puri
918 2606 1034 2675 referto,
1055 2626 1070 2678 q

101 2683 162 2717 eam
188 2665 341 2717 remordeat
358 2665 404 2732 (L.
424 2664 629 2727 remordet.)·-
662 2674 723 2725 262.
747 2670 876 2736 Arcana5
899 2684 1013 2728 secreta.
1051 2676 1073 2729 U

101 2743 131 2787 et
155 2751 221 2799 auca
247 2741 275 2785 et
298 2750 351 2782 arx
374 2731 499 2799 dicta[e]‚
528 2737 605 2802 quasi
628 2749 673 2785 res
696 2746 831 2804 secretae,
861 2743 889 2808 [a
912 2743 1013 2810 qrubus
1036 2761 1051 2795 o

101 2798 267 2867 arceantur]
286 2798 319 2839 -’-
353 2806 413 2858 263.
432 2802 534 2866 Italici,¹
558 2802 588 2854 in
605 2803 698 2868 Italia,
722 2813 750 2856 et
765 2808 881 2860 detraxit
897 2814 1078 2882 praeposition
1101 2876 1104 2881 Ι

102 2888 182 2924 more
199 2886 255 2922 suo.
288 2869 332 2921 Sic
350 2877 377 2920 et
392 2869 440 2920 illo
457 2869 517 2920 loco
535 2875 576 2936 (4,
595 2870 660 2933 36);
677 2872 743 2924 Nou
759 2873 882 2944 Libyae,
900 2897 957 2930 non
976 2882 1076 2934 aneeT

102 2941 244 3008 despectus
260 2936 394 2989 Hinrbus.
429 2938 450 2989 Ι.
468 2956 491 2989 e.
516 2938 545 2989 in
564 2941 644 3007 Tyro.
679 2941 752 2993 Nam
777 2945 799 2995 si
823 2947 1018 3004 adverbialiter
1038 2958 1056 3003 i

96 3007 175 3076 ¹Tyri
192 3007 302 3059 diceret.
338 3005 510 3073 Populosque
521 3005 634 3074 seroces
650 3007 821 3078 Contundet;
838 3015 1053 3086 incongruumi

100 3077 130 3130 in
156 3075 340 3129 consolatione
365 3074 487 3140 (dolenti)
512 3074 584 3127 belia
626 3079 782 3133 raedicere:
814 3082 849 3133 ob
873 3084 926 3136 hoc
952 3104 1020 3157 ergo
1042 3090 1076 3142 e'

100 3146 244 3198 victoriam
260 3142 413 3214 pollicetur.
431 3169 466 3178 -
500 3095 726 3213 indutiasque
749 3153 821 3202 viris
845 3165 871 3203 et
894 3159 1006 3208 moenia
1030 3154 1121 3226 μυκαὶί

100 3214 230 3283 hysteron
243 3219 374 3283 proteron
390 3211 524 3264 insensu.
557 3214 628 3266 Ante
644 3215 719 3266 enim
735 3219 836 3288 civitas,
852 3230 913 3303 post
928 3225 992 3278 iura
1008 3170 1121 3285 eund*

101 3290 156 3335 tur.
189 3281 279 3350 Leges
301 3288 395 3331 utitem
419 3281 502 3332 etiam
525 3297 618 3334 mores
642 3284 695 3334 dici
719 3302 775 3337 non
799 3289 915 3341 dubium
932 3301 981 3346 est
997 3322 1032 3334 -
1049 3289 1120 3353 ’Μ’

103 3349 199 3402 Tertia
218 3352 284 3399 dum
302 3346 385 3400 Latio
394 3373 404 3411 ,·
421 3348 574 3414 rhetorice‚
590 3369 626 3404 ne
642 3351 726 3406 breve
743 3365 828 3423 esset,
845 3359 868 3410 si
883 3360 1038 3416 triennium
1052 3350 1120 3431 ἀίω]

102 3425 165 3483 ret,
182 3425 310 3488 tempora
333 3417 422 3468 divisit
443 3418 472 3468 in
495 3418 606 3485 species.
653 3420 729 3473 Ordo
753 3434 846 3478 autem
869 3436 909 3479 est
930 3430 1120 3509 longissimtnij

102 3502 169 3538 nam
183 3485 262 3538 aliter
275 3501 331 3536 non
345 3485 483 3554 procedit:
499 3487 704 3555 sublimemque
714 3491 765 3561 ser
778 3497 814 3545 ud
831 3497 884 3547 sid.
903 3513 924 3548 e.
944 3498 1120 3569 Mcigueuimi

101 3555 230 3607 Aeneam.
249 3551 343 3604 Tertia
362 3554 428 3603 dum
446 3551 529 3606 Latio
549 3570 708 3623 regnantem
728 3564 830 3614 viderit
848 3578 949 3618 aestas.
986 3566 1120 3639 (Erguti-2

103 3623 183 3675 detur
206 3621 245 3672 sic
269 3622 351 3674 terite
368 3629 488 3690 mortem
504 3624 611 3676 Aeneae
633 3626 815 3695 significasse.)
849 3633 938 3700 [Dum
962 3646 1057 3691 eutem
1114 3640 1120 3687 ἒ

103 3691 204 3755 donee,
228 3697 259 3740 ut
274 3689 318 3756 (5.)
343 3690 409 3739 dum
428 3691 554 3742 conderet
573 3695 682 3761 urbem,
704 3697 723 3749 i.
740 3718 763 3752 e.
782 3701 878 3753 donec.
919 3703 1040 3772 Quidem
1060 3646 1120 3759 1ss

102 3759 144 3811 bis
161 3771 247 3810 annot
263 3766 354 3811 ternos
371 3773 537 3812 memorasse
553 3763 672 3828 tradunt,
688 3774 722 3817 ut
735 3776 790 3820 tres
803 3786 887 3822 annos
900 3774 990 3825 solum
1003 3748 1120 3835 Aeneui

101 3834 282 3896 regnaturum
298 3825 319 3876 si
347 3826 476 3892 'ifieeret·,
499 3829 572 3896 quod
595 3848 660 3883 eum
676 3833 775 3888 Latino
799 3839 867 3890 alins
887 3849 945 3894 tres
970 3861 1058 3897 annos
1078 3842 1120 3901 ni

102 3910 199 3963 gnatae
216 3894 322 3946 divinit·
350 3922 385 3934 -
426 3901 486 3952 267.
510 3897 544 3946 At
566 3915 636 3963 puer
658 3902 799 3957 Ascanius
806 3930 816 3971 ,⁴
846 3910 998 3980 prudenter
1021 3914 1120 3981 exitu

101 3965 209 4016 Aeneae
223 3969 252 4014 et
269 3963 399 4028 ostendit,
423 3970 452 4015 et
473 3965 562 4021 acuit
575 3968 689 4022 dicendo
712 3973 800 4026 filium
817 3986 911 4047 postea
930 3976 1120 4113 ,re5naturufi3

101 4033 164 4098 (Aut
184 4032 250 4103 quie
272 4031 362 4086 maior
383 4031 569 4088 mevenni
592 4037 627 4092 de
649 4049 749 4112 nepote
773 4051 804 4098 ut
826 4046 855 4100 in
872 4047 906 4100 Χ.
924 4052 970 4115 (47
994 4088 1003 4103 .
1026 4049 1119 4103 Lim
