<?xml version="1.0" encoding="UTF-8"?>
<!DOCTYPE html PUBLIC "-//W3C//DTD XHTML 1.0 Transitional//EN"
    "http://www.w3.org/TR/xhtml1/DTD/xhtml1-transitional.dtd">
<html xmlns="http://www.w3.org/1999/xhtml" xml:lang="en" lang="en">
 <head>
  <title>
</title>
<meta http-equiv="Content-Type" content="text/html;charset=utf-8" />
  <meta name='ocr-system' content='tesseract 3.04.00' />
  <meta name='ocr-capabilities' content='ocr_page ocr_carea ocr_par ocr_line ocrx_word'/>
</head>
<body>
  <div class='ocr_page' id='page_1' title='image "./commentariiinvi00liongoog_0237.png"; bbox 0 0 2454 4500; ppageno 0'>
   <div class='ocr_carea' id='block_1_1' title="bbox 100 206 1093 343">
    <p class='ocr_par' dir='ltr' id='par_1_1' title="bbox 100 206 1093 343">
     <span class='ocr_line' id='line_1_1' title="bbox 100 206 1093 343; baseline -0.01 -32"><span class='ocrx_word' id='word_1_1' title='bbox 100 206 176 311; x_wconf 69' lang='lat' dir='ltr'><strong>reoa</strong></span> <span class='ocrx_word' id='word_1_2' title='bbox 292 316 294 320; x_wconf 6' lang='grc' dir='ltr'>μ</span> <span class='ocrx_word' id='word_1_3' title='bbox 353 235 517 343; x_wconf 13' lang='grc' dir='ltr'><strong>ἱεΙΕΒνΠ</strong></span> <span class='ocrx_word' id='word_1_4' title='bbox 541 242 897 310; x_wconf 77' lang='lat' dir='ltr'><strong>connsurnnrus</strong></span> <span class='ocrx_word' id='word_1_5' title='bbox 951 336 953 340; x_wconf 14' lang='grc' dir='ltr'>ι</span> <span class='ocrx_word' id='word_1_6' title='bbox 1041 222 1043 227; x_wconf 84' lang='grc'><strong>’</strong></span> <span class='ocrx_word' id='word_1_7' title='bbox 1089 292 1093 301; x_wconf 87' lang='grc'><strong>.</strong></span> 
     </span>
    </p>
   </div>
   <div class='ocr_carea' id='block_1_2' title="bbox 42 420 1184 1182">
    <p class='ocr_par' dir='ltr' id='par_1_2' title="bbox 42 420 1184 1182">
     <span class='ocr_line' id='line_1_2' title="bbox 42 420 1151 494; baseline 0.011 -22"><span class='ocrx_word' id='word_1_8' title='bbox 42 428 51 441; x_wconf 85' lang='grc'><em>·</em></span> <span class='ocrx_word' id='word_1_9' title='bbox 111 420 239 475; x_wconf 76' lang='lat' dir='ltr'><strong>sentiant.</strong></span> <span class='ocrx_word' id='word_1_10' title='bbox 278 421 351 475; x_wconf 87' lang='lat' dir='ltr'><strong>Nam</strong></span> <span class='ocrx_word' id='word_1_11' title='bbox 374 425 414 475; x_wconf 85' lang='lat' dir='ltr'><strong>ait</strong></span> <span class='ocrx_word' id='word_1_12' title='bbox 438 424 478 477; x_wconf 85' lang='lat' dir='ltr'><strong>de&#39;</strong></span> <span class='ocrx_word' id='word_1_13' title='bbox 497 424 648 494; x_wconf 83' lang='lat' dir='ltr'><strong>Tisiphone</strong></span> <span class='ocrx_word' id='word_1_14' title='bbox 673 429 716 490; x_wconf 85' lang='lat'><strong>(6,</strong></span> <span class='ocrx_word' id='word_1_15' title='bbox 733 426 819 490; x_wconf 82' lang='lat'>605.):</span> <span class='ocrx_word' id='word_1_16' title='bbox 842 426 997 481; x_wconf 78' lang='lat' dir='ltr'><em>Furiarum</em></span> <span class='ocrx_word' id='word_1_17' title='bbox 1024 433 1151 485; x_wconf 72' lang='lat' dir='ltr'><strong>monimo</strong></span> 
     </span>
     <span class='ocr_line' id='line_1_3' title="bbox 82 492 1150 570; baseline 0.012 -32"><span class='ocrx_word' id='word_1_18' title='bbox 82 533 85 538; x_wconf 95' lang='lat'>.</span> <span class='ocrx_word' id='word_1_19' title='bbox 112 492 193 544; x_wconf 80' lang='lat' dir='ltr'><strong>iusta</strong></span> <span class='ocrx_word' id='word_1_20' title='bbox 212 492 349 542; x_wconf 83' lang='lat' dir='ltr'><strong>Accubat:</strong></span> <span class='ocrx_word' id='word_1_21' title='bbox 375 506 401 543; x_wconf 85' lang='lat' dir='ltr'><strong>et</strong></span> <span class='ocrx_word' id='word_1_22' title='bbox 425 496 558 545; x_wconf 75' lang='lat' dir='ltr'><strong>inanibus</strong></span> <span class='ocrx_word' id='word_1_23' title='bbox 583 494 709 561; x_wconf 79' lang='lat' dir='ltr'><strong>prohihet</strong></span> <span class='ocrx_word' id='word_1_24' title='bbox 734 499 892 562; x_wconf 78' lang='lat' dir='ltr'><strong>contingere</strong></span> <span class='ocrx_word' id='word_1_25' title='bbox 918 517 1050 564; x_wconf 82' lang='lat' dir='ltr'><strong>mensas,-</strong></span> <span class='ocrx_word' id='word_1_26' title='bbox 1076 504 1150 570; x_wconf 80' lang='lat' dir='ltr'><strong>quod</strong></span> 
     </span>
     <span class='ocr_line' id='line_1_4' title="bbox 68 560 1149 634; baseline 0.009 -22"><span class='ocrx_word' id='word_1_27' title='bbox 68 590 71 595; x_wconf 93' lang='lat'>·</span> <span class='ocrx_word' id='word_1_28' title='bbox 112 560 198 612; x_wconf 85' lang='lat' dir='ltr'><strong>etiam</strong></span> <span class='ocrx_word' id='word_1_29' title='bbox 215 560 268 612; x_wconf 85' lang='lat' dir='ltr'><strong>hae</strong></span> <span class='ocrx_word' id='word_1_30' title='bbox 285 560 405 633; x_wconf 79' lang='lat' dir='ltr'><strong>faciunt,</strong></span> <span class='ocrx_word' id='word_1_31' title='bbox 430 570 457 621; x_wconf 83' lang='lat' dir='ltr'><strong>et</strong></span> <span class='ocrx_word' id='word_1_32' title='bbox 473 561 622 615; x_wconf 83' lang='lat' dir='ltr'><strong>isderentes</strong></span> <span class='ocrx_word' id='word_1_33' title='bbox 639 562 767 613; x_wconf 75' lang='lat' dir='ltr'>Troianis</span> <span class='ocrx_word' id='word_1_34' title='bbox 784 565 934 616; x_wconf 80' lang='lat' dir='ltr'><strong>famem-et</strong></span> <span class='ocrx_word' id='word_1_35' title='bbox 949 571 1149 634; x_wconf 82' lang='lat' dir='ltr'><strong>praenuntian-</strong></span> 
     </span>
     <span class='ocr_line' id='line_1_5' title="bbox 83 628 1148 708; baseline 0.011 -30"><span class='ocrx_word' id='word_1_36' title='bbox 83 662 84 667; x_wconf 53' lang='lat'>=</span> <span class='ocrx_word' id='word_1_37' title='bbox 112 637 160 681; x_wconf 89' lang='lat' dir='ltr'><strong>tes.</strong></span> <span class='ocrx_word' id='word_1_38' title='bbox 196 628 260 697; x_wconf 89' lang='lat' dir='ltr'><strong>[Alii</strong></span> <span class='ocrx_word' id='word_1_39' title='bbox 278 628 387 694; x_wconf 86' lang='lat' dir='ltr'><strong>dicunt,</strong></span> <span class='ocrx_word' id='word_1_40' title='bbox 408 629 471 687; x_wconf 81' lang='lat' dir='ltr'><strong>ideo</strong></span> <span class='ocrx_word' id='word_1_41' title='bbox 490 631 672 702; x_wconf 75' lang='lat' dir='ltr'><strong>adsumpsisse</strong></span> <span class='ocrx_word' id='word_1_42' title='bbox 694 631 747 682; x_wconf 89' lang='lat' dir='ltr'><strong>sibi</strong></span> <span class='ocrx_word' id='word_1_43' title='bbox 764 633 854 691; x_wconf 72' lang='lat' dir='ltr'><strong>iuriae</strong></span> <span class='ocrx_word' id='word_1_44' title='bbox 870 649 975 687; x_wconf 87' lang='lat' dir='ltr'><strong>nomen</strong></span> <span class='ocrx_word' id='word_1_45' title='bbox 992 637 1148 708; x_wconf 80' lang='lat' dir='ltr'><strong>harpyiam,</strong></span> 
     </span>
     <span class='ocr_line' id='line_1_6' title="bbox 70 695 1163 772; baseline 0.011 -25"><span class='ocrx_word' id='word_1_46' title='bbox 70 746 83 763; x_wconf 23' lang='lat' dir='ltr'><strong>,x</strong></span> <span class='ocrx_word' id='word_1_47' title='bbox 113 705 144 748; x_wconf 90' lang='lat' dir='ltr'><strong>ut</strong></span> <span class='ocrx_word' id='word_1_48' title='bbox 159 695 284 761; x_wconf 81' lang='lat' dir='ltr'><strong>terreat]</strong></span> <span class='ocrx_word' id='word_1_49' title='bbox 301 725 335 734; x_wconf 90' lang='lat'>-</span> <span class='ocrx_word' id='word_1_50' title='bbox 369 704 431 757; x_wconf 85' lang='grc'><strong>253.</strong></span> <span class='ocrx_word' id='word_1_51' title='bbox 449 699 564 750; x_wconf 79' lang='lat' dir='ltr'><strong>Italiam</strong></span> <span class='ocrx_word' id='word_1_52' title='bbox 583 702 798 771; x_wconf 66' lang='lat' dir='ltr'><strong>surrepentia,</strong></span> <span class='ocrx_word' id='word_1_53' title='bbox 823 719 855 754; x_wconf 83' lang='lat' dir='ltr'><strong>ex</strong></span> <span class='ocrx_word' id='word_1_54' title='bbox 871 702 928 768; x_wconf 89' lang='lat' dir='ltr'><strong>his,</strong></span> <span class='ocrx_word' id='word_1_55' title='bbox 946 720 1021 772; x_wconf 84' lang='lat' dir='ltr'><strong>quaa</strong></span> <span class='ocrx_word' id='word_1_56' title='bbox 1037 714 1163 771; x_wconf 37' lang='lat' dir='ltr'><strong>nostrat,</strong></span> 
     </span>
     <span class='ocr_line' id='line_1_7' title="bbox 109 765 1146 842; baseline 0.006 -23"><span class='ocrx_word' id='word_1_57' title='bbox 109 765 196 819; x_wconf 80' lang='lat' dir='ltr'><strong>fidem</strong></span> <span class='ocrx_word' id='word_1_58' title='bbox 220 765 341 818; x_wconf 84' lang='lat' dir='ltr'><strong>dicendis</strong></span> <span class='ocrx_word' id='word_1_59' title='bbox 358 769 550 829; x_wconf 74' lang='lat' dir='ltr'><strong>accommodat</strong></span> <span class='ocrx_word' id='word_1_60' title='bbox 566 766 669 835; x_wconf 84' lang='lat' dir='ltr'><strong>(Guelf.</strong></span> <span class='ocrx_word' id='word_1_61' title='bbox 685 769 706 820; x_wconf 91' lang='grc' dir='ltr'><strong>Ι.</strong></span> <span class='ocrx_word' id='word_1_62' title='bbox 724 771 830 821; x_wconf 85' lang='lat' dir='ltr'><strong>dicenti</strong></span> <span class='ocrx_word' id='word_1_63' title='bbox 848 775 1078 842; x_wconf 83' lang='lat' dir='ltr'><strong>accommodant‚·</strong></span> <span class='ocrx_word' id='word_1_64' title='bbox 1102 791 1146 824; x_wconf 90' lang='lat' dir='ltr'><strong>ac·</strong></span> 
     </span>
     <span class='ocr_line' id='line_1_8' title="bbox 112 826 1146 905; baseline 0.005 -17"><span class='ocrx_word' id='word_1_65' title='bbox 112 836 291 888; x_wconf 81' lang='lat' dir='ltr'><strong>&#39;commodant</strong></span> <span class='ocrx_word' id='word_1_66' title='bbox 305 843 333 886; x_wconf 87' lang='lat' dir='ltr'><strong>et</strong></span> <span class='ocrx_word' id='word_1_67' title='bbox 344 835 378 887; x_wconf 84' lang='lat' dir='ltr'><strong>aL</strong></span> <span class='ocrx_word' id='word_1_68' title='bbox 392 835 479 898; x_wconf 84' lang='lat' dir='ltr'><strong>codd.)</strong></span> <span class='ocrx_word' id='word_1_69' title='bbox 513 837 544 905; x_wconf 87' lang='grc' dir='ltr'><strong>[Ι.</strong></span> <span class='ocrx_word' id='word_1_70' title='bbox 559 855 598 902; x_wconf 85' lang='lat' dir='ltr'><strong>e.,</strong></span> <span class='ocrx_word' id='word_1_71' title='bbox 616 855 648 888; x_wconf 86' lang='lat' dir='ltr'><strong>ex</strong></span> <span class='ocrx_word' id='word_1_72' title='bbox 664 836 718 888; x_wconf 89' lang='lat' dir='ltr'><strong>hoc</strong></span> <span class='ocrx_word' id='word_1_73' title='bbox 736 838 807 890; x_wconf 91' lang='lat' dir='ltr'><strong>mihi</strong></span> <span class='ocrx_word' id='word_1_74' title='bbox 823 826 908 891; x_wconf 79' lang='lat' dir='ltr'><strong>tideui</strong></span> <span class='ocrx_word' id='word_1_75' title='bbox 920 840 1061 894; x_wconf 86' lang='lat' dir='ltr'><strong>habebitis</strong></span> <span class='ocrx_word' id='word_1_76' title='bbox 1073 844 1146 895; x_wconf 84' lang='lat' dir='ltr'><strong>futu·</strong></span> 
     </span>
     <span class='ocr_line' id='line_1_9' title="bbox 112 903 1145 974; baseline 0.007 -18"><span class='ocrx_word' id='word_1_77' title='bbox 112 920 234 970; x_wconf 70' lang='lat' dir='ltr'><strong>rorum,</strong></span> <span class='ocrx_word' id='word_1_78' title='bbox 247 903 270 954; x_wconf 88' lang='lat' dir='ltr'><strong>si</strong></span> <span class='ocrx_word' id='word_1_79' title='bbox 292 904 487 971; x_wconf 77' lang='lat' dir='ltr'><strong>praecedentia</strong></span> <span class='ocrx_word' id='word_1_80' title='bbox 511 921 576 958; x_wconf 88' lang='lat' dir='ltr'><strong>vera</strong></span> <span class='ocrx_word' id='word_1_81' title='bbox 599 913 669 958; x_wconf 83' lang='lat' dir='ltr'><strong>sunt.</strong></span> <span class='ocrx_word' id='word_1_82' title='bbox 687 917 726 942; x_wconf 77' lang='lat'><strong>,-·</strong></span> <span class='ocrx_word' id='word_1_83' title='bbox 760 912 821 964; x_wconf 79' lang='grc'><strong>255.</strong></span> <span class='ocrx_word' id='word_1_84' title='bbox 848 907 970 974; x_wconf 81' lang='lat' dir='ltr'><strong>Datum,-</strong></span> <span class='ocrx_word' id='word_1_85' title='bbox 993 913 1059 963; x_wconf 79' lang='lat' dir='ltr'><strong>fatis</strong></span> <span class='ocrx_word' id='word_1_86' title='bbox 1081 927 1145 962; x_wconf 90' lang='lat' dir='ltr'><strong>con·</strong></span> 
     </span>
     <span class='ocr_line' id='line_1_10' title="bbox 110 971 1184 1093; baseline 0.003 -69"><span class='ocrx_word' id='word_1_87' title='bbox 110 971 236 1039; x_wconf 74' lang='lat' dir='ltr'><strong>cessam]</strong></span> <span class='ocrx_word' id='word_1_88' title='bbox 252 998 286 1009; x_wconf 91' lang='lat'><em>-</em></span> <span class='ocrx_word' id='word_1_89' title='bbox 321 971 494 1039; x_wconf 78' lang='lat' dir='ltr'><strong>256.Qnom</strong></span> <span class='ocrx_word' id='word_1_90' title='bbox 520 993 569 1026; x_wconf 85' lang='lat' dir='ltr'><strong>vos</strong></span> <span class='ocrx_word' id='word_1_91' title='bbox 594 976 658 1024; x_wconf 86' lang='lat' dir='ltr'><strong>dira</strong></span> <span class='ocrx_word' id='word_1_92' title='bbox 676 973 794 1093; x_wconf 40' lang='lat' dir='ltr'><strong>{amem</strong></span> <span class='ocrx_word' id='word_1_93' title='bbox 814 984 846 1026; x_wconf 92' lang='lat' dir='ltr'><strong>ut</strong></span> <span class='ocrx_word' id='word_1_94' title='bbox 862 978 950 1029; x_wconf 88' lang='lat' dir='ltr'><strong>Varro</strong></span> <span class='ocrx_word' id='word_1_95' title='bbox 972 978 1004 1030; x_wconf 87' lang='lat' dir='ltr'><strong>in</strong></span> <span class='ocrx_word' id='word_1_96' title='bbox 1026 980 1145 1032; x_wconf 73' lang='lat' dir='ltr'><strong>sectando</strong></span> <span class='ocrx_word' id='word_1_97' title='bbox 1180 978 1184 1027; x_wconf 61' lang='grc' dir='ltr'><em>ζ</em></span> 
     </span>
     <span class='ocr_line' id='line_1_11' title="bbox 109 1041 1145 1119; baseline 0.009 -28"><span class='ocrx_word' id='word_1_98' title='bbox 109 1042 274 1109; x_wconf 77' lang='lat' dir='ltr'><strong>Dirinarum</strong></span> <span class='ocrx_word' id='word_1_99' title='bbox 298 1041 377 1106; x_wconf 78' lang='lat' dir='ltr'><strong>dixit,</strong></span> <span class='ocrx_word' id='word_1_100' title='bbox 401 1042 545 1094; x_wconf 86' lang='lat' dir='ltr'><strong>oraculum</strong></span> <span class='ocrx_word' id='word_1_101' title='bbox 568 1044 622 1095; x_wconf 89' lang='lat' dir='ltr'><strong>hoc</strong></span> <span class='ocrx_word' id='word_1_102' title='bbox 641 1048 662 1094; x_wconf 80' lang='lat' dir='ltr'><strong>&#39;a</strong></span> <span class='ocrx_word' id='word_1_103' title='bbox 705 1044 828 1095; x_wconf 84' lang='lat' dir='ltr'><strong>odonaeo</strong></span> <span class='ocrx_word' id='word_1_104' title='bbox 845 1045 907 1098; x_wconf 80' lang='lat' dir='ltr'><strong>Iove</strong></span> <span class='ocrx_word' id='word_1_105' title='bbox 930 1048 1005 1116; x_wconf 88' lang='lat' dir='ltr'><strong>apud</strong></span> <span class='ocrx_word' id='word_1_106' title='bbox 1028 1047 1145 1119; x_wconf 84' lang='lat' dir='ltr'><strong>Epirum</strong></span> 
     </span>
     <span class='ocr_line' id='line_1_12' title="bbox 111 1110 1143 1182; baseline 0.001 -18"><span class='ocrx_word' id='word_1_107' title='bbox 111 1117 291 1181; x_wconf 81' lang='lat' dir='ltr'><strong>acceperunt:</strong></span> <span class='ocrx_word' id='word_1_108' title='bbox 315 1110 389 1178; x_wconf 87' lang='lat' dir='ltr'><strong>quod</strong></span> <span class='ocrx_word' id='word_1_109' title='bbox 405 1111 489 1167; x_wconf 84' lang='lat' dir='ltr'><strong>modo</strong></span> <span class='ocrx_word' id='word_1_110' title='bbox 507 1112 602 1163; x_wconf 83' lang='lat' dir='ltr'><strong>dixisse</strong></span> <span class='ocrx_word' id='word_1_111' title='bbox 625 1110 706 1179; x_wconf 84' lang='lat' dir='ltr'><strong>tingit</strong></span> <span class='ocrx_word' id='word_1_112' title='bbox 721 1113 870 1180; x_wconf 79' lang='lat' dir='ltr'><strong>Harpyias,</strong></span> <span class='ocrx_word' id='word_1_113' title='bbox 892 1114 940 1170; x_wconf 87' lang='lat' dir='ltr'><strong>sed</strong></span> <span class='ocrx_word' id='word_1_114' title='bbox 956 1115 1059 1182; x_wconf 72' lang='lat' dir='ltr'><strong>(Guelt</strong></span> <span class='ocrx_word' id='word_1_115' title='bbox 1075 1116 1143 1167; x_wconf 85' lang='lat' dir='ltr'><strong>LII.</strong></span> 
     </span>
    </p>
   </div>
   <div class='ocr_carea' id='block_1_3' title="bbox 23 1179 1144 1252">
    <p class='ocr_par' dir='ltr' id='par_1_3' title="bbox 23 1179 1144 1252">
     <span class='ocr_line' id='line_1_13' title="bbox 23 1179 1144 1252; baseline 0.004 -19"><span class='ocrx_word' id='word_1_116' title='bbox 23 1220 29 1234; x_wconf 84' lang='grc'><strong>.</strong></span> <span class='ocrx_word' id='word_1_117' title='bbox 110 1181 150 1246; x_wconf 87' lang='lat' dir='ltr'><strong>et)</strong></span> <span class='ocrx_word' id='word_1_118' title='bbox 174 1189 270 1233; x_wconf 86' lang='lat' dir='ltr'><strong>tamen</strong></span> <span class='ocrx_word' id='word_1_119' title='bbox 285 1180 406 1231; x_wconf 86' lang='lat' dir='ltr'><strong>colorata</strong></span> <span class='ocrx_word' id='word_1_120' title='bbox 421 1179 512 1247; x_wconf 80' lang='lat' dir='ltr'><strong>tangit</strong></span> <span class='ocrx_word' id='word_1_121' title='bbox 528 1179 672 1232; x_wconf 78' lang='lat' dir='ltr'><strong>historiam</strong></span> <span class='ocrx_word' id='word_1_122' title='bbox 689 1179 819 1233; x_wconf 88' lang='lat' dir='ltr'><strong>dicendo:</strong></span> <span class='ocrx_word' id='word_1_123' title='bbox 837 1181 916 1249; x_wconf 82' lang='lat' dir='ltr'><strong>Quae</strong></span> <span class='ocrx_word' id='word_1_124' title='bbox 934 1182 1042 1237; x_wconf 81' lang='lat' dir='ltr'><strong>Phoebo</strong></span> <span class='ocrx_word' id='word_1_125' title='bbox 1066 1198 1144 1252; x_wconf 82' lang='lat' dir='ltr'><strong>poter</strong></span> 
     </span>
    </p>
   </div>
   <div class='ocr_carea' id='block_1_4' title="bbox 32 1247 1173 4073">
    <p class='ocr_par' dir='ltr' id='par_1_4' title="bbox 100 1247 1158 1676">
     <span class='ocr_line' id='line_1_14' title="bbox 110 1247 1142 1324; baseline -0.002 -19"><span class='ocrx_word' id='word_1_126' title='bbox 110 1253 294 1317; x_wconf 83' lang='lat' dir='ltr'><strong>omnipotens.</strong></span> <span class='ocrx_word' id='word_1_127' title='bbox 331 1247 506 1313; x_wconf 78' lang='lat' dir='ltr'><strong>Nostraeque</strong></span> <span class='ocrx_word' id='word_1_128' title='bbox 524 1250 636 1301; x_wconf 83' lang='lat' dir='ltr'><strong>iniuria</strong></span> <span class='ocrx_word' id='word_1_129' title='bbox 656 1249 765 1314; x_wconf 77' lang='lat' dir='ltr'><strong>caedis,-</strong></span> <span class='ocrx_word' id='word_1_130' title='bbox 789 1252 915 1318; x_wconf 80' lang='lat' dir='ltr'><strong>[quidam</strong></span> <span class='ocrx_word' id='word_1_131' title='bbox 933 1254 1077 1304; x_wconf 85' lang='lat' dir='ltr'><strong>iniuriam</strong></span> <span class='ocrx_word' id='word_1_132' title='bbox 1093 1268 1142 1324; x_wconf 84' lang='lat' dir='ltr'><strong>pro</strong></span> 
     </span>
     <span class='ocr_line' id='line_1_15' title="bbox 100 1316 1143 1388; baseline 0.003 -16"><span class='ocrx_word' id='word_1_133' title='bbox 100 1321 266 1372; x_wconf 75' lang='lat' dir='ltr'><strong>uindictam</strong></span> <span class='ocrx_word' id='word_1_134' title='bbox 284 1317 435 1387; x_wconf 74' lang='lat' dir='ltr'><strong>accipiant,</strong></span> <span class='ocrx_word' id='word_1_135' title='bbox 459 1324 488 1369; x_wconf 85' lang='lat' dir='ltr'><strong>et</strong></span> <span class='ocrx_word' id='word_1_136' title='bbox 502 1316 635 1388; x_wconf 76' lang='lat' dir='ltr'><strong>Harpyia]</strong></span> <span class='ocrx_word' id='word_1_137' title='bbox 652 1318 714 1370; x_wconf 80' lang='lat' dir='ltr'><strong>ista</strong></span> <span class='ocrx_word' id='word_1_138' title='bbox 727 1320 869 1377; x_wconf 85' lang='lat' dir='ltr'><strong>mentitur.</strong></span> <span class='ocrx_word' id='word_1_139' title='bbox 900 1321 978 1379; x_wconf 23' lang='lat' dir='ltr'><strong>*Nam</strong></span> <span class='ocrx_word' id='word_1_140' title='bbox 994 1320 1143 1375; x_wconf 75' lang='lat' dir='ltr'><strong>inminen</strong></span> 
     </span>
     <span class='ocr_line' id='line_1_16' title="bbox 109 1385 1142 1458; baseline 0.001 -18"><span class='ocrx_word' id='word_1_141' title='bbox 109 1387 237 1457; x_wconf 83' lang='lat' dir='ltr'><strong>Troianis</strong></span> <span class='ocrx_word' id='word_1_142' title='bbox 253 1385 343 1443; x_wconf 82' lang='lat' dir='ltr'><strong>fatalis</strong></span> <span class='ocrx_word' id='word_1_143' title='bbox 361 1394 402 1437; x_wconf 88' lang='lat' dir='ltr'><strong>est</strong></span> <span class='ocrx_word' id='word_1_144' title='bbox 418 1387 515 1439; x_wconf 83' lang='lat' dir='ltr'><strong>fames.</strong></span> <span class='ocrx_word' id='word_1_145' title='bbox 532 1415 579 1454; x_wconf 54' lang='grc'><strong>-,</strong></span> <span class='ocrx_word' id='word_1_146' title='bbox 601 1392 662 1444; x_wconf 81' lang='grc'><strong>257.</strong></span> <span class='ocrx_word' id='word_1_147' title='bbox 680 1386 829 1450; x_wconf 79' lang='lat' dir='ltr'><strong>Ambesos3</strong></span> <span class='ocrx_word' id='word_1_148' title='bbox 853 1388 918 1441; x_wconf 89' lang='lat' dir='ltr'><strong>undi</strong></span> <span class='ocrx_word' id='word_1_149' title='bbox 940 1407 975 1443; x_wconf 89' lang='lat' dir='ltr'><strong>ue</strong></span> <span class='ocrx_word' id='word_1_150' title='bbox 992 1407 1068 1458; x_wconf 84' lang='lat' dir='ltr'><strong>essa,</strong></span> <span class='ocrx_word' id='word_1_151' title='bbox 1090 1390 1142 1442; x_wconf 87' lang='lat' dir='ltr'><strong>hoc</strong></span> 
     </span>
     <span class='ocr_line' id='line_1_17' title="bbox 109 1406 1142 1525; baseline 0.001 -17"><span class='ocrx_word' id='word_1_152' title='bbox 109 1465 152 1519; x_wconf 86' lang='lat' dir='ltr'><strong>est</strong></span> <span class='ocrx_word' id='word_1_153' title='bbox 173 1452 314 1509; x_wconf 82' lang='lat' dir='ltr'><strong>rotundas.</strong></span> <span class='ocrx_word' id='word_1_154' title='bbox 349 1454 472 1507; x_wconf 79' lang='lat' dir='ltr'><strong>Maiores</strong></span> <span class='ocrx_word' id='word_1_155' title='bbox 496 1456 572 1507; x_wconf 88' lang='lat' dir='ltr'><strong>enim</strong></span> <span class='ocrx_word' id='word_1_156' title='bbox 595 1452 704 1524; x_wconf 87' lang='lat' dir='ltr'><strong>[nostri]</strong></span> <span class='ocrx_word' id='word_1_157' title='bbox 728 1456 778 1508; x_wconf 84' lang='lat' dir='ltr'><strong>has</strong></span> <span class='ocrx_word' id='word_1_158' title='bbox 801 1406 939 1525; x_wconf 49' lang='lat' dir='ltr'><strong>[meristaei</strong></span> <span class='ocrx_word' id='word_1_159' title='bbox 955 1458 1099 1513; x_wconf 83' lang='lat' dir='ltr'><strong>habebant</strong></span> <span class='ocrx_word' id='word_1_160' title='bbox 1113 1460 1142 1511; x_wconf 87' lang='lat' dir='ltr'><strong>in</strong></span> 
     </span>
     <span class='ocr_line' id='line_1_18' title="bbox 108 1523 1158 1597; baseline 0.001 -19"><span class='ocrx_word' id='word_1_161' title='bbox 108 1526 216 1579; x_wconf 88' lang='lat' dir='ltr'><strong>honore</strong></span> <span class='ocrx_word' id='word_1_162' title='bbox 242 1523 402 1593; x_wconf 86' lang='lat' dir='ltr'><strong>(honorem)</strong></span> <span class='ocrx_word' id='word_1_163' title='bbox 426 1523 558 1590; x_wconf 88' lang='lat' dir='ltr'><strong>deorum,</strong></span> <span class='ocrx_word' id='word_1_164' title='bbox 580 1525 707 1593; x_wconf 81' lang='lat' dir='ltr'><strong>puniceas</strong></span> <span class='ocrx_word' id='word_1_165' title='bbox 730 1524 840 1577; x_wconf 86' lang='lat' dir='ltr'><strong>scilicet.</strong></span> <span class='ocrx_word' id='word_1_166' title='bbox 858 1552 894 1563; x_wconf 90' lang='lat'><em>—</em></span> <span class='ocrx_word' id='word_1_167' title='bbox 928 1533 990 1587; x_wconf 81' lang='grc'><strong>258.</strong></span> <span class='ocrx_word' id='word_1_168' title='bbox 1007 1526 1158 1597; x_wconf 56' lang='grc' dir='ltr'><strong>Βψιςίες.</strong></span> 
     </span>
     <span class='ocr_line' id='line_1_19' title="bbox 108 1592 1131 1676; baseline 0 -29"><span class='ocrx_word' id='word_1_169' title='bbox 108 1611 165 1651; x_wconf 88' lang='lat' dir='ltr'><strong>non</strong></span> <span class='ocrx_word' id='word_1_170' title='bbox 182 1601 274 1655; x_wconf 84' lang='lat' dir='ltr'><strong>metu3</strong></span> <span class='ocrx_word' id='word_1_171' title='bbox 290 1609 342 1644; x_wconf 89' lang='lat' dir='ltr'><strong>nec</strong></span> <span class='ocrx_word' id='word_1_172' title='bbox 360 1592 436 1644; x_wconf 89' lang='lat' dir='ltr'><strong>enim</strong></span> <span class='ocrx_word' id='word_1_173' title='bbox 452 1592 622 1645; x_wconf 78' lang='lat' dir='ltr'><strong>minantibus</strong></span> <span class='ocrx_word' id='word_1_174' title='bbox 639 1592 845 1657; x_wconf 64' lang='lat' dir='ltr'><strong>conventurae</strong></span> <span class='ocrx_word' id='word_1_175' title='bbox 861 1613 898 1647; x_wconf 86' lang='lat' dir='ltr'><strong>ne</strong></span> <span class='ocrx_word' id='word_1_176' title='bbox 912 1603 1007 1667; x_wconf 81' lang='lat' dir='ltr'><strong>posset</strong></span> <span class='ocrx_word' id='word_1_177' title='bbox 1022 1598 1131 1676; x_wconf 77' lang='lat' dir='ltr'><strong>[rogatu</strong></span> 
     </span>
    </p>

    <p class='ocr_par' dir='ltr' id='par_1_5' title="bbox 106 1660 1130 1739">
     <span class='ocr_line' id='line_1_20' title="bbox 106 1660 1130 1739; baseline 0 -24"><span class='ocrx_word' id='word_1_178' title='bbox 106 1663 218 1739; x_wconf 81' lang='lat' dir='ltr'><strong>placari.</strong></span> <span class='ocrx_word' id='word_1_179' title='bbox 235 1687 271 1700; x_wconf 91' lang='lat'><strong>-·</strong></span> <span class='ocrx_word' id='word_1_180' title='bbox 304 1665 365 1719; x_wconf 81' lang='lat'><strong>259.</strong></span> <span class='ocrx_word' id='word_1_181' title='bbox 379 1660 516 1729; x_wconf 81' lang='lat' dir='ltr'><strong>(Gelidus</strong></span> <span class='ocrx_word' id='word_1_182' title='bbox 535 1663 672 1729; x_wconf 63' lang='lat' dir='ltr'><strong>dirigam·</strong></span> <span class='ocrx_word' id='word_1_183' title='bbox 689 1661 708 1713; x_wconf 78' lang='lat' dir='ltr'><strong>‘n</strong></span> <span class='ocrx_word' id='word_1_184' title='bbox 726 1680 749 1725; x_wconf 83' lang='lat' dir='ltr'><strong>e.</strong></span> <span class='ocrx_word' id='word_1_185' title='bbox 767 1661 872 1730; x_wconf 78' lang='lat' dir='ltr'><strong>gelidus</strong></span> <span class='ocrx_word' id='word_1_186' title='bbox 888 1664 991 1729; x_wconf 74' lang='lat' dir='ltr'><strong>factrus,</strong></span> <span class='ocrx_word' id='word_1_187' title='bbox 1008 1662 1130 1734; x_wconf 72' lang='lat' dir='ltr'><strong>dirigant</strong></span> 
     </span>
    </p>

    <p class='ocr_par' dir='ltr' id='par_1_6' title="bbox 61 1728 1155 2352">
     <span class='ocr_line' id='line_1_21' title="bbox 108 1728 1140 1805; baseline 0.005 -23"><span class='ocrx_word' id='word_1_188' title='bbox 108 1760 143 1771; x_wconf 90' lang='lat'><em>-</em></span> <span class='ocrx_word' id='word_1_189' title='bbox 177 1738 239 1791; x_wconf 84' lang='grc'><strong>260.</strong></span> <span class='ocrx_word' id='word_1_190' title='bbox 262 1729 321 1782; x_wconf 86' lang='lat' dir='ltr'><strong>Nec</strong></span> <span class='ocrx_word' id='word_1_191' title='bbox 346 1731 470 1797; x_wconf 84' lang='lat' dir='ltr'><strong>amplius</strong></span> <span class='ocrx_word' id='word_1_192' title='bbox 496 1733 601 1796; x_wconf 83' lang='lat' dir='ltr'><strong>armis,·</strong></span> <span class='ocrx_word' id='word_1_193' title='bbox 635 1728 763 1798; x_wconf 83' lang='lat' dir='ltr'><strong>subaudis</strong></span> <span class='ocrx_word' id='word_1_194' title='bbox 789 1731 836 1805; x_wconf 75' lang='lat' dir='ltr'><strong>usi</strong></span> <span class='ocrx_word' id='word_1_195' title='bbox 861 1745 936 1784; x_wconf 83' lang='lat' dir='ltr'><strong>suns.</strong></span> <span class='ocrx_word' id='word_1_196' title='bbox 984 1733 1043 1786; x_wconf 89' lang='lat' dir='ltr'><strong>Nec</strong></span> <span class='ocrx_word' id='word_1_197' title='bbox 1068 1732 1140 1787; x_wconf 80' lang='lat' dir='ltr'><strong>enim</strong></span> 
     </span>
     <span class='ocr_line' id='line_1_22' title="bbox 128 1798 1155 1868; baseline -0.003 -14"><span class='ocrx_word' id='word_1_198' title='bbox 128 1809 198 1855; x_wconf 80' lang='lat' dir='ltr'><strong>otest</strong></span> <span class='ocrx_word' id='word_1_199' title='bbox 220 1817 279 1853; x_wconf 88' lang='lat' dir='ltr'><strong>esse</strong></span> <span class='ocrx_word' id='word_1_200' title='bbox 304 1798 340 1849; x_wconf 86' lang='lat' dir='ltr'><strong>ab</strong></span> <span class='ocrx_word' id='word_1_201' title='bbox 363 1799 543 1853; x_wconf 78' lang='lat' dir='ltr'><strong>inferioribus</strong></span> <span class='ocrx_word' id='word_1_202' title='bbox 559 1814 688 1867; x_wconf 80' lang='lat' dir='ltr'><strong>zeugma:</strong></span> <span class='ocrx_word' id='word_1_203' title='bbox 712 1799 786 1868; x_wconf 88' lang='lat' dir='ltr'><strong>quod</strong></span> <span class='ocrx_word' id='word_1_204' title='bbox 809 1799 973 1868; x_wconf 86' lang='lat' dir='ltr'><strong>plerumque</strong></span> <span class='ocrx_word' id='word_1_205' title='bbox 990 1800 1038 1867; x_wconf 84' lang='lat' dir='ltr'><strong>fit,</strong></span> <span class='ocrx_word' id='word_1_206' title='bbox 1061 1808 1094 1853; x_wconf 89' lang='lat' dir='ltr'><strong>ut</strong></span> <span class='ocrx_word' id='word_1_207' title='bbox 1115 1807 1155 1855; x_wconf 88' lang='lat' dir='ltr'><strong>et.</strong></span> 
     </span>
     <span class='ocr_line' id='line_1_23' title="bbox 106 1823 1140 1941; baseline -0.001 -18"><span class='ocrx_word' id='word_1_208' title='bbox 106 1823 155 1940; x_wconf 56' lang='lat' dir='ltr'><strong>fei)</strong></span> <span class='ocrx_word' id='word_1_209' title='bbox 172 1887 222 1941; x_wconf 85' lang='lat' dir='ltr'><strong>per</strong></span> <span class='ocrx_word' id='word_1_210' title='bbox 242 1868 336 1920; x_wconf 85' lang='lat' dir='ltr'><strong>omnia</strong></span> <span class='ocrx_word' id='word_1_211' title='bbox 352 1870 422 1919; x_wconf 76' lang='lat' dir='ltr'><strong>tinus</strong></span> <span class='ocrx_word' id='word_1_212' title='bbox 439 1885 531 1929; x_wconf 86' lang='lat' dir='ltr'><strong>sermo</strong></span> <span class='ocrx_word' id='word_1_213' title='bbox 548 1867 679 1920; x_wconf 83' lang='lat' dir='ltr'><strong>sufficiat:</strong></span> <span class='ocrx_word' id='word_1_214' title='bbox 703 1875 735 1918; x_wconf 86' lang='lat' dir='ltr'><strong>ut</strong></span> <span class='ocrx_word' id='word_1_215' title='bbox 751 1869 851 1933; x_wconf 78' lang='lat'><strong>(359.):</strong></span> <span class='ocrx_word' id='word_1_216' title='bbox 875 1869 1040 1937; x_wconf 76' lang='lat' dir='ltr'><strong>Troiugena</strong></span> <span class='ocrx_word' id='word_1_217' title='bbox 1059 1872 1140 1922; x_wconf 85' lang='lat' dir='ltr'><strong>inter-</strong></span> 
     </span>
     <span class='ocr_line' id='line_1_24' title="bbox 105 1933 1139 2009; baseline -0.003 -17"><span class='ocrx_word' id='word_1_218' title='bbox 105 1938 169 2009; x_wconf 80' lang='lat' dir='ltr'><strong>pres</strong></span> <span class='ocrx_word' id='word_1_219' title='bbox 187 1940 303 2002; x_wconf 65' lang='lat' dir='ltr'><strong>diuum,</strong></span> <span class='ocrx_word' id='word_1_220' title='bbox 322 1937 373 2003; x_wconf 80' lang='lat' dir='ltr'><strong>qui</strong></span> <span class='ocrx_word' id='word_1_221' title='bbox 389 1935 519 1989; x_wconf 85' lang='lat' dir='ltr'><strong>Numina</strong></span> <span class='ocrx_word' id='word_1_222' title='bbox 537 1935 653 2002; x_wconf 76' lang='lat' dir='ltr'><strong>Phoebi,</strong></span> <span class='ocrx_word' id='word_1_223' title='bbox 671 1933 731 2002; x_wconf 87' lang='lat' dir='ltr'><strong>Qui</strong></span> <span class='ocrx_word' id='word_1_224' title='bbox 749 1936 904 2004; x_wconf 83' lang='lat' dir='ltr'><strong>Tripodas,</strong></span> <span class='ocrx_word' id='word_1_225' title='bbox 921 1938 1017 2008; x_wconf 71' lang='lat' dir='ltr'><strong>Clarii</strong></span> <span class='ocrx_word' id='word_1_226' title='bbox 1034 1939 1139 2004; x_wconf 85' lang='lat' dir='ltr'><strong>lauros,</strong></span> 
     </span>
     <span class='ocr_line' id='line_1_25' title="bbox 106 2004 1139 2076; baseline -0.001 -16"><span class='ocrx_word' id='word_1_227' title='bbox 106 2012 159 2076; x_wconf 83' lang='lat' dir='ltr'><strong>qui</strong></span> <span class='ocrx_word' id='word_1_228' title='bbox 184 2009 278 2059; x_wconf 83' lang='lat' dir='ltr'><strong>sidera</strong></span> <span class='ocrx_word' id='word_1_229' title='bbox 297 2008 403 2070; x_wconf 85' lang='lat' dir='ltr'><strong>sentis,·</strong></span> <span class='ocrx_word' id='word_1_230' title='bbox 426 2023 478 2075; x_wconf 83' lang='lat' dir='ltr'><strong>per</strong></span> <span class='ocrx_word' id='word_1_231' title='bbox 495 2007 590 2058; x_wconf 88' lang='lat' dir='ltr'><strong>omnia</strong></span> <span class='ocrx_word' id='word_1_232' title='bbox 607 2008 695 2057; x_wconf 83' lang='lat' dir='ltr'><strong>sentis</strong></span> <span class='ocrx_word' id='word_1_233' title='bbox 711 2004 849 2074; x_wconf 79' lang='lat' dir='ltr'><strong>intelligis.</strong></span> <span class='ocrx_word' id='word_1_234' title='bbox 883 2007 1052 2076; x_wconf 77' lang='lat' dir='ltr'><strong>Plerumque</strong></span> <span class='ocrx_word' id='word_1_235' title='bbox 1070 2006 1139 2075; x_wconf 71' lang='lat' dir='ltr'><strong>aliud</strong></span> 
     </span>
     <span class='ocr_line' id='line_1_26' title="bbox 105 2072 1138 2142; baseline -0.004 -13"><span class='ocrx_word' id='word_1_236' title='bbox 105 2077 287 2130; x_wconf 66' lang='lat' dir='ltr'><strong>subauditum.</strong></span> <span class='ocrx_word' id='word_1_237' title='bbox 306 2081 337 2124; x_wconf 89' lang='lat' dir='ltr'><strong>ut</strong></span> <span class='ocrx_word' id='word_1_238' title='bbox 359 2075 412 2126; x_wconf 89' lang='lat' dir='ltr'><strong>hoc</strong></span> <span class='ocrx_word' id='word_1_239' title='bbox 435 2076 514 2127; x_wconf 87' lang='lat' dir='ltr'><strong>loco..</strong></span> <span class='ocrx_word' id='word_1_240' title='bbox 538 2076 609 2127; x_wconf 89' lang='lat' dir='ltr'><strong>Item</strong></span> <span class='ocrx_word' id='word_1_241' title='bbox 633 2078 695 2139; x_wconf 83' lang='grc'><strong>(12,</strong></span> <span class='ocrx_word' id='word_1_242' title='bbox 710 2072 795 2137; x_wconf 79' lang='grc' dir='ltr'><strong>435.)ι</strong></span> <span class='ocrx_word' id='word_1_243' title='bbox 819 2074 906 2127; x_wconf 84' lang='lat' dir='ltr'><strong>Disce</strong></span> <span class='ocrx_word' id='word_1_244' title='bbox 923 2093 994 2142; x_wconf 73' lang='lat' dir='ltr'><strong>puer</strong></span> <span class='ocrx_word' id='word_1_245' title='bbox 1011 2078 1138 2141; x_wconf 74' lang='lat' dir='ltr'><strong>uirtutem</strong></span> 
     </span>
     <span class='ocr_line' id='line_1_27' title="bbox 106 2143 1139 2212; baseline -0.004 -14"><span class='ocrx_word' id='word_1_246' title='bbox 106 2164 138 2198; x_wconf 79' lang='lat' dir='ltr'><strong>es</strong></span> <span class='ocrx_word' id='word_1_247' title='bbox 158 2163 215 2209; x_wconf 87' lang='lat' dir='ltr'><strong>me,</strong></span> <span class='ocrx_word' id='word_1_248' title='bbox 239 2161 388 2210; x_wconf 84' lang='lat' dir='ltr'><strong>verumque</strong></span> <span class='ocrx_word' id='word_1_249' title='bbox 414 2144 552 2196; x_wconf 77' lang='lat' dir='ltr'><strong>laborem:</strong></span> <span class='ocrx_word' id='word_1_250' title='bbox 577 2143 732 2194; x_wconf 81' lang='lat' dir='ltr'><strong>Fortunam</strong></span> <span class='ocrx_word' id='word_1_251' title='bbox 750 2161 783 2193; x_wconf 79' lang='lat' dir='ltr'><strong>en</strong></span> <span class='ocrx_word' id='word_1_252' title='bbox 808 2145 892 2206; x_wconf 85' lang='lat' dir='ltr'><strong>aliis,·</strong></span> <span class='ocrx_word' id='word_1_253' title='bbox 917 2144 1048 2196; x_wconf 74' lang='lat' dir='ltr'><strong>subaudis</strong></span> <span class='ocrx_word' id='word_1_254' title='bbox 1072 2156 1139 2212; x_wconf 69' lang='lat' dir='ltr'><strong>opta</strong></span> 
     </span>
     <span class='ocr_line' id='line_1_28' title="bbox 105 2212 1139 2279; baseline -0.001 -13"><span class='ocrx_word' id='word_1_255' title='bbox 105 2215 180 2266; x_wconf 85' lang='lat' dir='ltr'><strong>Nam</strong></span> <span class='ocrx_word' id='word_1_256' title='bbox 202 2216 316 2266; x_wconf 82' lang='lat' dir='ltr'><strong>fortuna</strong></span> <span class='ocrx_word' id='word_1_257' title='bbox 340 2228 372 2265; x_wconf 83' lang='lat' dir='ltr'><strong>ex</strong></span> <span class='ocrx_word' id='word_1_258' title='bbox 397 2212 456 2265; x_wconf 86' lang='lat' dir='ltr'><strong>aliis</strong></span> <span class='ocrx_word' id='word_1_259' title='bbox 479 2229 536 2264; x_wconf 89' lang='lat' dir='ltr'><strong>non</strong></span> <span class='ocrx_word' id='word_1_260' title='bbox 554 2213 674 2263; x_wconf 83' lang='lat' dir='ltr'><strong>discitur.</strong></span> <span class='ocrx_word' id='word_1_261' title='bbox 690 2237 725 2250; x_wconf 91' lang='lat'><em>-</em></span> <span class='ocrx_word' id='word_1_262' title='bbox 760 2218 821 2269; x_wconf 78' lang='grc'><strong>261.</strong></span> <span class='ocrx_word' id='word_1_263' title='bbox 839 2212 892 2263; x_wconf 87' lang='lat' dir='ltr'><strong>Sed</strong></span> <span class='ocrx_word' id='word_1_264' title='bbox 909 2215 984 2263; x_wconf 81' lang='lat' dir='ltr'><strong>votis</strong></span> <span class='ocrx_word' id='word_1_265' title='bbox 1001 2215 1139 2279; x_wconf 81' lang='lat' dir='ltr'><strong>precibus·</strong></span> 
     </span>
     <span class='ocr_line' id='line_1_29' title="bbox 61 2280 1136 2352; baseline -0.002 -18"><span class='ocrx_word' id='word_1_266' title='bbox 61 2325 63 2328; x_wconf 58' lang='grc'>,</span> <span class='ocrx_word' id='word_1_267' title='bbox 106 2301 173 2351; x_wconf 84' lang='lat' dir='ltr'><strong>que,·</strong></span> <span class='ocrx_word' id='word_1_268' title='bbox 198 2282 301 2352; x_wconf 87' lang='lat' dir='ltr'><strong>duplici</strong></span> <span class='ocrx_word' id='word_1_269' title='bbox 322 2282 432 2334; x_wconf 87' lang='lat' dir='ltr'><strong>ratione</strong></span> <span class='ocrx_word' id='word_1_270' title='bbox 456 2282 600 2352; x_wconf 87' lang='lat' dir='ltr'><strong>placantur</strong></span> <span class='ocrx_word' id='word_1_271' title='bbox 623 2281 752 2332; x_wconf 86' lang='lat' dir='ltr'><strong>numina:</strong></span> <span class='ocrx_word' id='word_1_272' title='bbox 776 2289 823 2332; x_wconf 85' lang='lat' dir='ltr'><strong>aut</strong></span> <span class='ocrx_word' id='word_1_273' title='bbox 847 2280 914 2332; x_wconf 80' lang='lat' dir='ltr'><strong>votis</strong></span> <span class='ocrx_word' id='word_1_274' title='bbox 939 2288 988 2333; x_wconf 88' lang='lat' dir='ltr'><strong>aut</strong></span> <span class='ocrx_word' id='word_1_275' title='bbox 1005 2282 1136 2352; x_wconf 85' lang='lat' dir='ltr'><strong>precibus.</strong></span> 
     </span>
    </p>

    <p class='ocr_par' dir='ltr' id='par_1_7' title="bbox 32 2349 1136 2418">
     <span class='ocr_line' id='line_1_30' title="bbox 32 2349 1136 2418; baseline -0.003 -15"><span class='ocrx_word' id='word_1_276' title='bbox 32 2364 35 2369; x_wconf 91' lang='lat'>&#39;</span> <span class='ocrx_word' id='word_1_277' title='bbox 104 2353 184 2403; x_wconf 88' lang='lat' dir='ltr'><strong>Unde</strong></span> <span class='ocrx_word' id='word_1_278' title='bbox 209 2359 250 2402; x_wconf 88' lang='lat' dir='ltr'><strong>est</strong></span> <span class='ocrx_word' id='word_1_279' title='bbox 273 2351 367 2418; x_wconf 78' lang='lat'><strong>(437.):</strong></span> <span class='ocrx_word' id='word_1_280' title='bbox 390 2349 513 2402; x_wconf 84' lang='lat' dir='ltr'><strong>Iunonis</strong></span> <span class='ocrx_word' id='word_1_281' title='bbox 539 2367 658 2417; x_wconf 83' lang='lat' dir='ltr'><strong>magnae</strong></span> <span class='ocrx_word' id='word_1_282' title='bbox 682 2351 806 2418; x_wconf 87' lang='lat' dir='ltr'><strong>primum</strong></span> <span class='ocrx_word' id='word_1_283' title='bbox 823 2367 1027 2418; x_wconf 80' lang='lat' dir='ltr'><strong>prece-nomen</strong></span> <span class='ocrx_word' id='word_1_284' title='bbox 1046 2352 1136 2402; x_wconf 81' lang='lat' dir='ltr'><strong>adoro.</strong></span> 
     </span>
    </p>

    <p class='ocr_par' dir='ltr' id='par_1_8' title="bbox 78 2418 1173 4073">
     <span class='ocr_line' id='line_1_31' title="bbox 103 2418 1137 2485; baseline -0.004 -12"><span class='ocrx_word' id='word_1_285' title='bbox 103 2423 174 2473; x_wconf 88' lang='lat' dir='ltr'><strong>Item</strong></span> <span class='ocrx_word' id='word_1_286' title='bbox 198 2419 297 2485; x_wconf 78' lang='lat'><strong>(438.):</strong></span> <span class='ocrx_word' id='word_1_287' title='bbox 322 2419 430 2471; x_wconf 85' lang='lat' dir='ltr'><strong>Iunoni</strong></span> <span class='ocrx_word' id='word_1_288' title='bbox 448 2437 516 2470; x_wconf 90' lang='lat' dir='ltr'><strong>cane</strong></span> <span class='ocrx_word' id='word_1_289' title='bbox 534 2430 598 2469; x_wconf 86' lang='lat' dir='ltr'><strong>vota</strong></span> <span class='ocrx_word' id='word_1_290' title='bbox 618 2422 715 2471; x_wconf 84' lang='lat' dir='ltr'><strong>libens.</strong></span> <span class='ocrx_word' id='word_1_291' title='bbox 752 2418 866 2481; x_wconf 67' lang='lat' dir='ltr'><strong>ludent,</strong></span> <span class='ocrx_word' id='word_1_292' title='bbox 889 2421 998 2471; x_wconf 77' lang='lat' dir='ltr'><strong>volrrnt:</strong></span> <span class='ocrx_word' id='word_1_293' title='bbox 1024 2427 1070 2470; x_wconf 89' lang='lat' dir='ltr'><strong>ut:</strong></span> <span class='ocrx_word' id='word_1_294' title='bbox 1095 2421 1137 2470; x_wconf 86' lang='lat' dir='ltr'><strong>In·</strong></span> 
     </span>
     <span class='ocr_line' id='line_1_32' title="bbox 99 2488 1136 2558; baseline 0.002 -19"><span class='ocrx_word' id='word_1_295' title='bbox 99 2489 229 2558; x_wconf 81' lang='lat' dir='ltr'><strong>fandum</strong></span> <span class='ocrx_word' id='word_1_296' title='bbox 255 2490 354 2555; x_wconf 82' lang='lat' dir='ltr'><strong>regina</strong></span> <span class='ocrx_word' id='word_1_297' title='bbox 380 2491 460 2540; x_wconf 82' lang='lat' dir='ltr'><strong>iubes</strong></span> <span class='ocrx_word' id='word_1_298' title='bbox 485 2506 618 2541; x_wconf 87' lang='lat' dir='ltr'><strong>renovare</strong></span> <span class='ocrx_word' id='word_1_299' title='bbox 646 2489 777 2539; x_wconf 83' lang='lat' dir='ltr'><strong>dolorem.</strong></span> <span class='ocrx_word' id='word_1_300' title='bbox 813 2488 971 2556; x_wconf 86' lang='lat' dir='ltr'><strong>[Terentius</strong></span> <span class='ocrx_word' id='word_1_301' title='bbox 996 2489 1092 2554; x_wconf 86' lang='lat' dir='ltr'><strong>(Andr.</strong></span> <span class='ocrx_word' id='word_1_302' title='bbox 1114 2496 1136 2552; x_wconf 78' lang='grc'><strong>3,</strong></span> 
     </span>
     <span class='ocr_line' id='line_1_33' title="bbox 105 2556 1137 2623; baseline -0.002 -14"><span class='ocrx_word' id='word_1_303' title='bbox 105 2557 212 2623; x_wconf 83' lang='lat'><strong>3,1.):</strong></span> <span class='ocrx_word' id='word_1_304' title='bbox 235 2557 319 2608; x_wconf 77' lang='lat' dir='ltr'><strong>Iubeo</strong></span> <span class='ocrx_word' id='word_1_305' title='bbox 347 2557 540 2622; x_wconf 75' lang='lat' dir='ltr'><strong>Chremetem]</strong></span> <span class='ocrx_word' id='word_1_306' title='bbox 558 2582 593 2594; x_wconf 89' lang='lat'><strong>·-·</strong></span> <span class='ocrx_word' id='word_1_307' title='bbox 627 2563 689 2614; x_wconf 86' lang='grc'><strong>262.</strong></span> <span class='ocrx_word' id='word_1_308' title='bbox 714 2556 778 2607; x_wconf 88' lang='lat' dir='ltr'><strong>Sive</strong></span> <span class='ocrx_word' id='word_1_309' title='bbox 803 2557 885 2620; x_wconf 85' lang='lat' dir='ltr'><strong>deae‚·</strong></span> <span class='ocrx_word' id='word_1_310' title='bbox 919 2556 985 2623; x_wconf 84' lang='lat' dir='ltr'><strong>quia</strong></span> <span class='ocrx_word' id='word_1_311' title='bbox 1012 2557 1137 2609; x_wconf 73' lang='lat' dir='ltr'><strong>divinant</strong></span> 
     </span>
     <span class='ocr_line' id='line_1_34' title="bbox 95 2624 1137 2696; baseline -0.001 -19"><span class='ocrx_word' id='word_1_312' title='bbox 95 2627 321 2694; x_wconf 82' lang='lat' dir='ltr'><strong>&#39;Obscoenaeque</strong></span> <span class='ocrx_word' id='word_1_313' title='bbox 338 2627 480 2688; x_wconf 56' lang='lat' dir='ltr'><strong>volucrem</strong></span> <span class='ocrx_word' id='word_1_314' title='bbox 504 2625 569 2695; x_wconf 78' lang='lat' dir='ltr'><strong>qrria</strong></span> <span class='ocrx_word' id='word_1_315' title='bbox 586 2626 616 2676; x_wconf 92' lang='lat' dir='ltr'><strong>in</strong></span> <span class='ocrx_word' id='word_1_316' title='bbox 632 2626 675 2676; x_wconf 89' lang='lat' dir='ltr'><strong>his</strong></span> <span class='ocrx_word' id='word_1_317' title='bbox 694 2625 793 2676; x_wconf 87' lang='lat' dir='ltr'><strong>ventris</strong></span> <span class='ocrx_word' id='word_1_318' title='bbox 811 2624 965 2676; x_wconf 81' lang='lat' dir='ltr'><strong>cernebant</strong></span> <span class='ocrx_word' id='word_1_319' title='bbox 981 2625 1137 2696; x_wconf 85' lang='lat' dir='ltr'><strong>proluviem.</strong></span> 
     </span>
     <span class='ocr_line' id='line_1_35' title="bbox 103 2693 1137 2763; baseline -0.002 -17"><span class='ocrx_word' id='word_1_320' title='bbox 103 2696 178 2748; x_wconf 90' lang='lat' dir='ltr'><strong>Bene</strong></span> <span class='ocrx_word' id='word_1_321' title='bbox 201 2703 310 2759; x_wconf 86' lang='lat' dir='ltr'><strong>antem,</strong></span> <span class='ocrx_word' id='word_1_322' title='bbox 336 2695 422 2747; x_wconf 89' lang='lat' dir='ltr'><strong>etiam</strong></span> <span class='ocrx_word' id='word_1_323' title='bbox 445 2696 468 2746; x_wconf 90' lang='lat' dir='ltr'><strong>si</strong></span> <span class='ocrx_word' id='word_1_324' title='bbox 488 2704 553 2761; x_wconf 67' lang='lat' dir='ltr'><strong>‚aves</strong></span> <span class='ocrx_word' id='word_1_325' title='bbox 577 2702 653 2760; x_wconf 70' lang='lat' dir='ltr'><strong>stunt,</strong></span> <span class='ocrx_word' id='word_1_326' title='bbox 677 2710 722 2745; x_wconf 90' lang='lat' dir='ltr'><strong>eas</strong></span> <span class='ocrx_word' id='word_1_327' title='bbox 746 2694 812 2744; x_wconf 88' lang='lat' dir='ltr'><strong>dicit</strong></span> <span class='ocrx_word' id='word_1_328' title='bbox 834 2693 997 2763; x_wconf 80' lang='lat' dir='ltr'><strong>placandas,</strong></span> <span class='ocrx_word' id='word_1_329' title='bbox 1027 2703 1137 2762; x_wconf 84' lang='lat' dir='ltr'><strong>proter</strong></span> 
     </span>
     <span class='ocr_line' id='line_1_36' title="bbox 102 2714 1138 2836; baseline -0.004 -20"><span class='ocrx_word' id='word_1_330' title='bbox 102 2765 223 2836; x_wconf 85' lang='lat' dir='ltr'><strong>passima</strong></span> <span class='ocrx_word' id='word_1_331' title='bbox 247 2765 350 2816; x_wconf 77' lang='lat' dir='ltr'><strong>annua.</strong></span> <span class='ocrx_word' id='word_1_332' title='bbox 366 2790 401 2802; x_wconf 88' lang='lat'><em>-</em></span> <span class='ocrx_word' id='word_1_333' title='bbox 436 2770 497 2823; x_wconf 81' lang='lat'><strong>263.</strong></span> <span class='ocrx_word' id='word_1_334' title='bbox 525 2761 639 2825; x_wconf 74' lang='lat' dir='ltr'><strong>Passis3</strong></span> <span class='ocrx_word' id='word_1_335' title='bbox 664 2760 789 2830; x_wconf 84' lang='lat' dir='ltr'><strong>[apertis]</strong></span> <span class='ocrx_word' id='word_1_336' title='bbox 813 2762 915 2813; x_wconf 87' lang='lat' dir='ltr'><strong>solutis.</strong></span> <span class='ocrx_word' id='word_1_337' title='bbox 933 2788 967 2800; x_wconf 88' lang='lat'><em>-</em></span> <span class='ocrx_word' id='word_1_338' title='bbox 1002 2769 1065 2831; x_wconf 72' lang='lat'><strong>264.</strong></span> <span class='ocrx_word' id='word_1_339' title='bbox 1080 2714 1138 2815; x_wconf 62' lang='lat' dir='ltr'><strong>hlu-</strong></span> 
     </span>
     <span class='ocr_line' id='line_1_37' title="bbox 104 2829 1138 2901; baseline -0.001 -17"><span class='ocrx_word' id='word_1_340' title='bbox 104 2839 183 2884; x_wconf 86' lang='lat' dir='ltr'><strong>mina</strong></span> <span class='ocrx_word' id='word_1_341' title='bbox 203 2851 322 2900; x_wconf 76' lang='lat' dir='ltr'><strong>magno3</strong></span> <span class='ocrx_word' id='word_1_342' title='bbox 349 2833 412 2901; x_wconf 68' lang='lat' dir='ltr'><strong>[lion</strong></span> <span class='ocrx_word' id='word_1_343' title='bbox 431 2833 481 2897; x_wconf 68' lang='lat' dir='ltr'><strong>est}</strong></span> <span class='ocrx_word' id='word_1_344' title='bbox 498 2835 607 2896; x_wconf 87' lang='lat' dir='ltr'><strong>Iovem,</strong></span> <span class='ocrx_word' id='word_1_345' title='bbox 630 2831 803 2895; x_wconf 85' lang='lat' dir='ltr'><strong>Minervam,</strong></span> <span class='ocrx_word' id='word_1_346' title='bbox 828 2829 877 2899; x_wconf 85' lang='lat' dir='ltr'><strong>[et]</strong></span> <span class='ocrx_word' id='word_1_347' title='bbox 894 2831 1086 2898; x_wconf 80' lang='lat' dir='ltr'><strong>Mercurium,</strong></span> <span class='ocrx_word' id='word_1_348' title='bbox 1102 2848 1138 2883; x_wconf 87' lang='lat' dir='ltr'><strong>se·</strong></span> 
     </span>
     <span class='ocr_line' id='line_1_38' title="bbox 102 2899 1173 2971; baseline -0.002 -17"><span class='ocrx_word' id='word_1_349' title='bbox 102 2903 225 2955; x_wconf 86' lang='lat' dir='ltr'><strong>cundum</strong></span> <span class='ocrx_word' id='word_1_350' title='bbox 242 2901 449 2968; x_wconf 85' lang='lat' dir='ltr'><strong>Samothracas,</strong></span> <span class='ocrx_word' id='word_1_351' title='bbox 473 2904 515 2971; x_wconf 89' lang='lat' dir='ltr'><strong>[ut</strong></span> <span class='ocrx_word' id='word_1_352' title='bbox 533 2901 612 2967; x_wconf 83' lang='lat'><strong>(12.):</strong></span> <span class='ocrx_word' id='word_1_353' title='bbox 639 2899 792 2950; x_wconf 81' lang='lat' dir='ltr'><strong>Penatibus</strong></span> <span class='ocrx_word' id='word_1_354' title='bbox 817 2911 842 2948; x_wconf 88' lang='lat' dir='ltr'><strong>et</strong></span> <span class='ocrx_word' id='word_1_355' title='bbox 859 2901 973 2966; x_wconf 82' lang='lat' dir='ltr'><strong>mugnis</strong></span> <span class='ocrx_word' id='word_1_356' title='bbox 998 2901 1067 2962; x_wconf 69' lang='lat' dir='ltr'><strong>diis,</strong></span> <span class='ocrx_word' id='word_1_357' title='bbox 1101 2901 1138 2952; x_wconf 84' lang='lat' dir='ltr'><strong>Ita</strong></span> <span class='ocrx_word' id='word_1_358' title='bbox 1169 2934 1173 2943; x_wconf 89' lang='lat'>·</span> 
     </span>
     <span class='ocr_line' id='line_1_39' title="bbox 104 2967 1138 3037; baseline -0.001 -15"><span class='ocrx_word' id='word_1_359' title='bbox 104 2979 199 3024; x_wconf 86' lang='lat' dir='ltr'><strong>autern</strong></span> <span class='ocrx_word' id='word_1_360' title='bbox 222 2972 346 3036; x_wconf 85' lang='lat' dir='ltr'><strong>invocat,</strong></span> <span class='ocrx_word' id='word_1_361' title='bbox 373 2979 404 3021; x_wconf 91' lang='lat' dir='ltr'><strong>ut</strong></span> <span class='ocrx_word' id='word_1_362' title='bbox 429 2988 533 3037; x_wconf 81' lang='lat' dir='ltr'><strong>magna</strong></span> <span class='ocrx_word' id='word_1_363' title='bbox 551 2967 644 3032; x_wconf 79' lang='lat' dir='ltr'><strong>dicat]</strong></span> <span class='ocrx_word' id='word_1_364' title='bbox 679 2968 813 3028; x_wconf 89' lang='lat' dir='ltr'><strong>Meritos;</strong></span> <span class='ocrx_word' id='word_1_365' title='bbox 838 2983 988 3036; x_wconf 83' lang='lat' dir='ltr'><strong>congruos,</strong></span> <span class='ocrx_word' id='word_1_366' title='bbox 1012 2968 1030 3020; x_wconf 87' lang='lat' dir='ltr'><strong>i.</strong></span> <span class='ocrx_word' id='word_1_367' title='bbox 1049 2987 1073 3021; x_wconf 88' lang='lat' dir='ltr'><strong>e.</strong></span> <span class='ocrx_word' id='word_1_368' title='bbox 1100 2984 1138 3021; x_wconf 79' lang='lat' dir='ltr'><strong>ex·</strong></span> 
     </span>
     <span class='ocr_line' id='line_1_40' title="bbox 104 3035 1139 3110; baseline -0.002 -19"><span class='ocrx_word' id='word_1_369' title='bbox 104 3040 245 3110; x_wconf 87' lang='lat' dir='ltr'><strong>piatorios.</strong></span> <span class='ocrx_word' id='word_1_370' title='bbox 287 3040 366 3092; x_wconf 89' lang='lat' dir='ltr'><strong>Unde</strong></span> <span class='ocrx_word' id='word_1_371' title='bbox 390 3040 529 3107; x_wconf 81' lang='lat' dir='ltr'><strong>sequitur,</strong></span> <span class='ocrx_word' id='word_1_372' title='bbox 552 3037 606 3087; x_wconf 81' lang='lat' dir='ltr'><strong>Dii</strong></span> <span class='ocrx_word' id='word_1_373' title='bbox 631 3035 772 3101; x_wconf 83' lang='lat' dir='ltr'><strong>prohibete</strong></span> <span class='ocrx_word' id='word_1_374' title='bbox 802 3039 904 3087; x_wconf 74' lang='lat' dir='ltr'><strong>minas,</strong></span> <span class='ocrx_word' id='word_1_375' title='bbox 941 3038 1076 3104; x_wconf 75' lang='lat' dir='ltr'><strong>(indicit,-</strong></span> <span class='ocrx_word' id='word_1_376' title='bbox 1100 3053 1139 3089; x_wconf 80' lang='lat' dir='ltr'><strong>su-</strong></span> 
     </span>
     <span class='ocr_line' id='line_1_41' title="bbox 102 3105 1139 3174; baseline -0.002 -15"><span class='ocrx_word' id='word_1_377' title='bbox 102 3125 217 3161; x_wconf 89' lang='lat' dir='ltr'><strong>crorum</strong></span> <span class='ocrx_word' id='word_1_378' title='bbox 233 3108 319 3160; x_wconf 89' lang='lat' dir='ltr'><strong>verbo</strong></span> <span class='ocrx_word' id='word_1_379' title='bbox 338 3125 400 3159; x_wconf 91' lang='lat' dir='ltr'><strong>usus</strong></span> <span class='ocrx_word' id='word_1_380' title='bbox 425 3117 481 3173; x_wconf 88' lang='lat' dir='ltr'><strong>est,</strong></span> <span class='ocrx_word' id='word_1_381' title='bbox 504 3125 572 3159; x_wconf 89' lang='lat' dir='ltr'><strong>nam</strong></span> <span class='ocrx_word' id='word_1_382' title='bbox 596 3105 807 3174; x_wconf 86' lang='lat' dir='ltr'><strong>supplicationes</strong></span> <span class='ocrx_word' id='word_1_383' title='bbox 833 3113 861 3157; x_wconf 91' lang='lat' dir='ltr'><strong>et</strong></span> <span class='ocrx_word' id='word_1_384' title='bbox 883 3106 943 3156; x_wconf 89' lang='lat' dir='ltr'><strong>dies</strong></span> <span class='ocrx_word' id='word_1_385' title='bbox 967 3106 1031 3157; x_wconf 87' lang='lat' dir='ltr'><strong>festi</strong></span> <span class='ocrx_word' id='word_1_386' title='bbox 1056 3105 1139 3158; x_wconf 90' lang='lat' dir='ltr'><strong>indici</strong></span> 
     </span>
     <span class='ocr_line' id='line_1_42' title="bbox 100 3174 1139 3245; baseline -0.004 -16"><span class='ocrx_word' id='word_1_387' title='bbox 100 3177 326 3231; x_wconf 74' lang='lat' dir='ltr'><strong>dicebantur-</strong></span> <span class='ocrx_word' id='word_1_388' title='bbox 360 3182 421 3235; x_wconf 77' lang='lat'><strong>265.</strong></span> <span class='ocrx_word' id='word_1_389' title='bbox 439 3177 494 3227; x_wconf 86' lang='lat' dir='ltr'><strong>Dii</strong></span> <span class='ocrx_word' id='word_1_390' title='bbox 511 3175 651 3244; x_wconf 83' lang='lat' dir='ltr'><strong>prohibere</strong></span> <span class='ocrx_word' id='word_1_391' title='bbox 671 3176 779 3237; x_wconf 87' lang='lat' dir='ltr'><strong>minas;</strong></span> <span class='ocrx_word' id='word_1_392' title='bbox 804 3174 929 3244; x_wconf 81' lang='lat' dir='ltr'><strong>hoc-per</strong></span> <span class='ocrx_word' id='word_1_393' title='bbox 947 3175 1071 3245; x_wconf 85' lang='lat' dir='ltr'><strong>speciem</strong></span> <span class='ocrx_word' id='word_1_394' title='bbox 1093 3191 1139 3227; x_wconf 87' lang='lat' dir='ltr'><strong>au·</strong></span> 
     </span>
     <span class='ocr_line' id='line_1_43' title="bbox 100 3242 1170 3316; baseline -0.007 -17"><span class='ocrx_word' id='word_1_395' title='bbox 100 3249 228 3316; x_wconf 49' lang='lat' dir='ltr'><strong>&amp;nalem</strong></span> <span class='ocrx_word' id='word_1_396' title='bbox 246 3263 316 3315; x_wconf 78' lang='lat' dir='ltr'><strong>quae</strong></span> <span class='ocrx_word' id='word_1_397' title='bbox 335 3247 477 3296; x_wconf 85' lang='lat' dir='ltr'><strong>invocatio</strong></span> <span class='ocrx_word' id='word_1_398' title='bbox 497 3245 662 3315; x_wconf 87' lang='lat' dir='ltr'><strong>appellatur.</strong></span> <span class='ocrx_word' id='word_1_399' title='bbox 688 3243 814 3294; x_wconf 89' lang='lat' dir='ltr'><strong>nonnulli</strong></span> <span class='ocrx_word' id='word_1_400' title='bbox 831 3242 935 3293; x_wconf 88' lang='lat' dir='ltr'><strong>dictum</strong></span> <span class='ocrx_word' id='word_1_401' title='bbox 951 3251 1060 3314; x_wconf 87' lang='lat' dir='ltr'><strong>putant.</strong></span> <span class='ocrx_word' id='word_1_402' title='bbox 1094 3243 1140 3293; x_wconf 86' lang='lat' dir='ltr'><strong>ln·</strong></span> <span class='ocrx_word' id='word_1_403' title='bbox 1166 3296 1170 3301; x_wconf 69' lang='grc'>,</span> 
     </span>
     <span class='ocr_line' id='line_1_44' title="bbox 101 3311 1138 3384; baseline -0.002 -18"><span class='ocrx_word' id='word_1_404' title='bbox 101 3320 212 3367; x_wconf 84' lang='lat' dir='ltr'><strong>vocatio</strong></span> <span class='ocrx_word' id='word_1_405' title='bbox 232 3324 327 3369; x_wconf 85' lang='lat' dir='ltr'><strong>autem</strong></span> <span class='ocrx_word' id='word_1_406' title='bbox 346 3323 386 3367; x_wconf 91' lang='lat' dir='ltr'><strong>est</strong></span> <span class='ocrx_word' id='word_1_407' title='bbox 402 3315 525 3384; x_wconf 85' lang='lat' dir='ltr'><strong>precatio</strong></span> <span class='ocrx_word' id='word_1_408' title='bbox 545 3314 585 3364; x_wconf 89' lang='lat' dir='ltr'><strong>uti</strong></span> <span class='ocrx_word' id='word_1_409' title='bbox 603 3319 761 3364; x_wconf 83' lang='lat' dir='ltr'><strong>avertantur</strong></span> <span class='ocrx_word' id='word_1_410' title='bbox 784 3311 873 3375; x_wconf 82' lang='lat' dir='ltr'><strong>mula,</strong></span> <span class='ocrx_word' id='word_1_411' title='bbox 897 3311 974 3362; x_wconf 90' lang='lat' dir='ltr'><strong>cuius</strong></span> <span class='ocrx_word' id='word_1_412' title='bbox 998 3311 1043 3364; x_wconf 86' lang='lat' dir='ltr'><strong>rei</strong></span> <span class='ocrx_word' id='word_1_413' title='bbox 1059 3328 1138 3364; x_wconf 74' lang='lat' dir='ltr'><strong>causa</strong></span> 
     </span>
     <span class='ocr_line' id='line_1_45' title="bbox 100 3378 1137 3451; baseline -0.006 -14"><span class='ocrx_word' id='word_1_414' title='bbox 100 3383 129 3437; x_wconf 89' lang='lat' dir='ltr'><strong>id</strong></span> <span class='ocrx_word' id='word_1_415' title='bbox 146 3385 315 3439; x_wconf 84' lang='lat' dir='ltr'><strong>sacrificium</strong></span> <span class='ocrx_word' id='word_1_416' title='bbox 332 3384 464 3450; x_wconf 76' lang='lat' dir='ltr'><strong>augurale</strong></span> <span class='ocrx_word' id='word_1_417' title='bbox 502 3383 639 3448; x_wconf 83' lang='lat' dir='ltr'><strong>eregitur,</strong></span> <span class='ocrx_word' id='word_1_418' title='bbox 656 3389 685 3433; x_wconf 90' lang='lat' dir='ltr'><strong>et</strong></span> <span class='ocrx_word' id='word_1_419' title='bbox 700 3381 746 3432; x_wconf 88' lang='lat' dir='ltr'><strong>hic</strong></span> <span class='ocrx_word' id='word_1_420' title='bbox 764 3378 798 3432; x_wconf 88' lang='lat' dir='ltr'><strong>de</strong></span> <span class='ocrx_word' id='word_1_421' title='bbox 816 3378 936 3447; x_wconf 76' lang='lat' dir='ltr'><strong>auspicio</strong></span> <span class='ocrx_word' id='word_1_422' title='bbox 953 3380 1137 3451; x_wconf 79' lang='lat' dir='ltr'><strong>Harpyiarum</strong></span> 
     </span>
     <span class='ocr_line' id='line_1_46' title="bbox 100 3447 1139 3519; baseline -0.001 -17"><span class='ocrx_word' id='word_1_423' title='bbox 100 3452 272 3505; x_wconf 84' lang='lat' dir='ltr'><strong>invocatione</strong></span> <span class='ocrx_word' id='word_1_424' title='bbox 290 3450 434 3519; x_wconf 75' lang='lat' dir='ltr'><strong>suscepta]</strong></span> <span class='ocrx_word' id='word_1_425' title='bbox 492 3454 588 3501; x_wconf 83' lang='lat' dir='ltr'><strong>vertite</strong></span> <span class='ocrx_word' id='word_1_426' title='bbox 607 3466 720 3511; x_wconf 78' lang='lat' dir='ltr'><strong>cosum3</strong></span> <span class='ocrx_word' id='word_1_427' title='bbox 744 3447 815 3500; x_wconf 90' lang='lat' dir='ltr'><strong>bene</strong></span> <span class='ocrx_word' id='word_1_428' title='bbox 822 3487 829 3514; x_wconf 92' lang='lat'><strong>,</strong></span> <span class='ocrx_word' id='word_1_429' title='bbox 848 3449 972 3500; x_wconf 86' lang='lat' dir='ltr'><strong>etiamsi</strong></span> <span class='ocrx_word' id='word_1_430' title='bbox 989 3450 1139 3517; x_wconf 77' lang='lat' dir='ltr'><strong>contingat,</strong></span> 
     </span>
     <span class='ocr_line' id='line_1_47' title="bbox 78 3516 1140 3587; baseline -0.003 -16"><span class='ocrx_word' id='word_1_431' title='bbox 78 3526 194 3572; x_wconf 84' lang='lat' dir='ltr'><strong>&#39;casum</strong></span> <span class='ocrx_word' id='word_1_432' title='bbox 211 3522 300 3573; x_wconf 87' lang='lat' dir='ltr'><strong>credit</strong></span> <span class='ocrx_word' id='word_1_433' title='bbox 317 3537 390 3586; x_wconf 88' lang='lat' dir='ltr'><strong>esse,</strong></span> <span class='ocrx_word' id='word_1_434' title='bbox 412 3536 469 3571; x_wconf 90' lang='lat' dir='ltr'><strong>non</strong></span> <span class='ocrx_word' id='word_1_435' title='bbox 487 3519 634 3569; x_wconf 87' lang='lat' dir='ltr'><strong>ultionem:</strong></span> <span class='ocrx_word' id='word_1_436' title='bbox 657 3521 716 3587; x_wconf 89' lang='lat' dir='ltr'><strong>[aut</strong></span> <span class='ocrx_word' id='word_1_437' title='bbox 739 3526 814 3569; x_wconf 83' lang='lat' dir='ltr'><strong>certe</strong></span> <span class='ocrx_word' id='word_1_438' title='bbox 836 3517 899 3569; x_wconf 90' lang='lat' dir='ltr'><strong>ideo</strong></span> <span class='ocrx_word' id='word_1_439' title='bbox 925 3534 1040 3582; x_wconf 86' lang='lat' dir='ltr'><strong>casum,</strong></span> <span class='ocrx_word' id='word_1_440' title='bbox 1062 3516 1140 3571; x_wconf 88' lang='lat' dir='ltr'><strong>nesi</strong></span> 
     </span>
     <span class='ocr_line' id='line_1_48' title="bbox 99 3584 1140 3658; baseline -0.003 -17"><span class='ocrx_word' id='word_1_441' title='bbox 99 3590 188 3641; x_wconf 81' lang='lat' dir='ltr'><strong>fatalis</strong></span> <span class='ocrx_word' id='word_1_442' title='bbox 214 3591 299 3642; x_wconf 90' lang='lat' dir='ltr'><strong>averti</strong></span> <span class='ocrx_word' id='word_1_443' title='bbox 324 3605 381 3640; x_wconf 89' lang='lat' dir='ltr'><strong>non</strong></span> <span class='ocrx_word' id='word_1_444' title='bbox 407 3587 500 3658; x_wconf 86' lang='lat' dir='ltr'><strong>possit.</strong></span> <span class='ocrx_word' id='word_1_445' title='bbox 537 3588 641 3637; x_wconf 87' lang='lat' dir='ltr'><strong>Casum</strong></span> <span class='ocrx_word' id='word_1_446' title='bbox 666 3595 774 3651; x_wconf 87' lang='lat' dir='ltr'><strong>autem,</strong></span> <span class='ocrx_word' id='word_1_447' title='bbox 798 3587 816 3636; x_wconf 89' lang='lat' dir='ltr'><strong>i.</strong></span> <span class='ocrx_word' id='word_1_448' title='bbox 835 3604 858 3638; x_wconf 87' lang='lat' dir='ltr'><strong>e.</strong></span> <span class='ocrx_word' id='word_1_449' title='bbox 876 3585 1048 3653; x_wconf 78' lang='lat' dir='ltr'><strong>pericidum,</strong></span> <span class='ocrx_word' id='word_1_450' title='bbox 1071 3584 1140 3638; x_wconf 88' lang='lat' dir='ltr'><strong>nihil</strong></span> 
     </span>
     <span class='ocr_line' id='line_1_49' title="bbox 99 3655 1140 3726; baseline -0.006 -16"><span class='ocrx_word' id='word_1_451' title='bbox 99 3666 140 3710; x_wconf 91' lang='lat' dir='ltr'><strong>est</strong></span> <span class='ocrx_word' id='word_1_452' title='bbox 163 3658 240 3710; x_wconf 87' lang='lat' dir='ltr'><strong>enim</strong></span> <span class='ocrx_word' id='word_1_453' title='bbox 255 3660 340 3710; x_wconf 83' lang='lat' dir='ltr'><strong>&#39;fame</strong></span> <span class='ocrx_word' id='word_1_454' title='bbox 358 3656 479 3723; x_wconf 81' lang='lat' dir='ltr'><strong>gravius,</strong></span> <span class='ocrx_word' id='word_1_455' title='bbox 505 3656 579 3724; x_wconf 84' lang='lat' dir='ltr'><strong>quod</strong></span> <span class='ocrx_word' id='word_1_456' title='bbox 597 3656 637 3706; x_wconf 87' lang='lat' dir='ltr'><strong>ait</strong></span> <span class='ocrx_word' id='word_1_457' title='bbox 653 3665 762 3726; x_wconf 79' lang='lat' dir='ltr'><strong>postea:</strong></span> <span class='ocrx_word' id='word_1_458' title='bbox 787 3656 1008 3722; x_wconf 77' lang='lat' dir='ltr'><strong>obscaenarnque</strong></span> <span class='ocrx_word' id='word_1_459' title='bbox 1020 3655 1140 3724; x_wconf 83' lang='lat' dir='ltr'><strong>famem,</strong></span> 
     </span>
     <span class='ocr_line' id='line_1_50' title="bbox 98 3722 1142 3794; baseline -0.001 -18"><span class='ocrx_word' id='word_1_460' title='bbox 98 3744 169 3794; x_wconf 84' lang='lat' dir='ltr'><strong>quae</strong></span> <span class='ocrx_word' id='word_1_461' title='bbox 192 3728 286 3793; x_wconf 85' lang='lat' dir='ltr'><strong>prima</strong></span> <span class='ocrx_word' id='word_1_462' title='bbox 311 3727 438 3794; x_wconf 84' lang='lat' dir='ltr'><strong>pericula</strong></span> <span class='ocrx_word' id='word_1_463' title='bbox 463 3726 529 3775; x_wconf 85' lang='lat' dir='ltr'><strong>vito.</strong></span> <span class='ocrx_word' id='word_1_464' title='bbox 573 3722 726 3776; x_wconf 81' lang='lat' dir='ltr'><strong>Sallustius:</strong></span> <span class='ocrx_word' id='word_1_465' title='bbox 750 3724 802 3773; x_wconf 87' lang='lat' dir='ltr'><strong>Sin</strong></span> <span class='ocrx_word' id='word_1_466' title='bbox 827 3725 871 3773; x_wconf 83' lang='lat' dir='ltr'><strong>nis</strong></span> <span class='ocrx_word' id='word_1_467' title='bbox 896 3724 1032 3789; x_wconf 81' lang='lat' dir='ltr'><strong>obsistat,</strong></span> <span class='ocrx_word' id='word_1_468' title='bbox 1049 3723 1142 3793; x_wconf 72' lang='lat' dir='ltr'><strong>serre,</strong></span> 
     </span>
     <span class='ocr_line' id='line_1_51' title="bbox 97 3792 1141 3863; baseline -0.004 -18"><span class='ocrx_word' id='word_1_469' title='bbox 97 3813 182 3863; x_wconf 80' lang='lat' dir='ltr'><strong>quam</strong></span> <span class='ocrx_word' id='word_1_470' title='bbox 202 3795 299 3863; x_wconf 83' lang='lat' dir='ltr'><strong>fame,</strong></span> <span class='ocrx_word' id='word_1_471' title='bbox 326 3797 444 3862; x_wconf 81' lang='lat' dir='ltr'><strong>aequius</strong></span> <span class='ocrx_word' id='word_1_472' title='bbox 469 3792 634 3860; x_wconf 68' lang='lat' dir='ltr'><strong>peritum]</strong></span> <span class='ocrx_word' id='word_1_473' title='bbox 681 3793 791 3844; x_wconf 86' lang='lat' dir='ltr'><strong>Servate</strong></span> <span class='ocrx_word' id='word_1_474' title='bbox 816 3795 894 3858; x_wconf 76' lang='lat' dir='ltr'><strong>pios3</strong></span> <span class='ocrx_word' id='word_1_475' title='bbox 925 3802 1042 3862; x_wconf 87' lang='lat' dir='ltr'><strong>propter</strong></span> <span class='ocrx_word' id='word_1_476' title='bbox 1066 3794 1141 3845; x_wconf 78' lang='lat' dir='ltr'><strong>facta</strong></span> 
     </span>
     <span class='ocr_line' id='line_1_52' title="bbox 95 3861 1143 3931; baseline -0.002 -17"><span class='ocrx_word' id='word_1_477' title='bbox 95 3865 236 3916; x_wconf 76' lang='lat' dir='ltr'><strong>sacrificia.</strong></span> <span class='ocrx_word' id='word_1_478' title='bbox 274 3863 386 3931; x_wconf 87' lang='lat' dir='ltr'><strong>[Merito</strong></span> <span class='ocrx_word' id='word_1_479' title='bbox 412 3878 477 3930; x_wconf 86' lang='lat' dir='ltr'><strong>ergo</strong></span> <span class='ocrx_word' id='word_1_480' title='bbox 502 3869 606 3912; x_wconf 85' lang='lat' dir='ltr'><strong>servate</strong></span> <span class='ocrx_word' id='word_1_481' title='bbox 624 3877 672 3912; x_wconf 90' lang='lat' dir='ltr'><strong>uos</strong></span> <span class='ocrx_word' id='word_1_482' title='bbox 691 3861 741 3929; x_wconf 87' lang='lat' dir='ltr'><strong>qui</strong></span> <span class='ocrx_word' id='word_1_483' title='bbox 758 3862 798 3928; x_wconf 89' lang='lat' dir='ltr'><strong>pii</strong></span> <span class='ocrx_word' id='word_1_484' title='bbox 821 3876 928 3927; x_wconf 88' lang='lat' dir='ltr'><strong>sumus,</strong></span> <span class='ocrx_word' id='word_1_485' title='bbox 952 3870 984 3911; x_wconf 92' lang='lat' dir='ltr'><strong>ut</strong></span> <span class='ocrx_word' id='word_1_486' title='bbox 1003 3865 1056 3927; x_wconf 92' lang='lat'><strong>(7,</strong></span> <span class='ocrx_word' id='word_1_487' title='bbox 1072 3861 1143 3923; x_wconf 77' lang='lat'><strong>21.):</strong></span> 
     </span>
     <span class='ocr_line' id='line_1_53' title="bbox 96 3927 1142 3999; baseline -0.005 -16"><span class='ocrx_word' id='word_1_488' title='bbox 96 3931 177 3999; x_wconf 84' lang='lat' dir='ltr'><strong>Quae</strong></span> <span class='ocrx_word' id='word_1_489' title='bbox 202 3951 235 3983; x_wconf 90' lang='lat' dir='ltr'><strong>ne</strong></span> <span class='ocrx_word' id='word_1_490' title='bbox 254 3945 378 3983; x_wconf 87' lang='lat' dir='ltr'><strong>monstra</strong></span> <span class='ocrx_word' id='word_1_491' title='bbox 397 3935 441 3999; x_wconf 86' lang='lat' dir='ltr'><strong>pii</strong></span> <span class='ocrx_word' id='word_1_492' title='bbox 457 3943 618 3997; x_wconf 86' lang='lat' dir='ltr'><strong>paterentur</strong></span> <span class='ocrx_word' id='word_1_493' title='bbox 643 3932 714 3980; x_wconf 87' lang='lat' dir='ltr'><strong>talia</strong></span> <span class='ocrx_word' id='word_1_494' title='bbox 735 3927 847 3994; x_wconf 70' lang='lat' dir='ltr'><strong>Tmen]</strong></span> <span class='ocrx_word' id='word_1_495' title='bbox 865 3955 899 3965; x_wconf 91' lang='lat'><strong>—-</strong></span> <span class='ocrx_word' id='word_1_496' title='bbox 935 3935 999 3986; x_wconf 81' lang='grc'><strong>269.</strong></span> <span class='ocrx_word' id='word_1_497' title='bbox 1022 3929 1142 3980; x_wconf 82' lang='lat' dir='ltr'><strong>Ventus·</strong></span> 
     </span>
     <span class='ocr_line' id='line_1_54' title="bbox 95 3995 1142 4073; baseline -0.001 -18"><span class='ocrx_word' id='word_1_498' title='bbox 95 4019 148 4072; x_wconf 80' lang='lat' dir='ltr'><strong>que</strong></span> <span class='ocrx_word' id='word_1_499' title='bbox 177 4003 401 4071; x_wconf 78' lang='lat' dir='ltr'><strong>gubernatorque</strong></span> <span class='ocrx_word' id='word_1_500' title='bbox 432 4000 586 4065; x_wconf 66' lang='lat' dir='ltr'><strong>vocabant,</strong></span> <span class='ocrx_word' id='word_1_501' title='bbox 621 3998 772 4052; x_wconf 89' lang='lat' dir='ltr'><strong>honestius</strong></span> <span class='ocrx_word' id='word_1_502' title='bbox 798 3999 856 4073; x_wconf 33' lang='lat' dir='ltr'><strong>‘hac</strong></span> <span class='ocrx_word' id='word_1_503' title='bbox 886 3995 1066 4070; x_wconf 74' lang='lat' dir='ltr'><strong>[allocutione</strong></span> <span class='ocrx_word' id='word_1_504' title='bbox 1091 4014 1142 4070; x_wconf 77' lang='lat' dir='ltr'><strong>per</strong></span> 
     </span>
    </p>
   </div>
   <div class='ocr_carea' id='block_1_5' title="bbox 0 0 1232 4500">
    <p class='ocr_par' dir='ltr' id='par_1_9' title="bbox 0 0 1232 4500">
     <span class='ocr_line' id='line_1_55' title="bbox 0 0 1232 4500; baseline 0 3"><span class='ocrx_word' id='word_1_505' title='bbox 0 0 1232 4500; x_wconf 95' lang='lat' dir='ltr'><strong> </strong></span> 
     </span>
    </p>
   </div>
  </div>
 </body>
</html>
