2454 4500
143 315 178 356 m
199 293 358 359 vraau.
381 290 554 357 sauma.
575 274 656 353 rui
677 228 885 367 aro—ia
969 294 1036 359 rsa

55 496 69 531 e
87 478 219 545 sponderi
236 478 280 545 (R.
293 478 324 529 V.
341 475 432 531 Gueli.
446 477 478 530 Π.
492 474 636 544 spondere)
653 474 762 543 puellae
777 472 836 531 ert..
859 475 934 541 Ergo
952 491 1035 541 spon·
1122 522 1125 527 ,

54 566 59 591 π
77 565 134 607 non
151 546 199 614 qui
214 545 393 617 promittitur,
409 547 459 600 sed
475 547 523 613 qui
540 547 656 611 spondet
673 553 702 596 et
716 561 865 610 sponsores
877 544 931 594 dat.
966 534 1036 594 Saue

55 618 184 684 iggeratio
198 623 238 666 est
250 616 338 667 nimia
351 615 381 665 in
394 628 427 666 eo
469 614 515 665 rod
529 616 581 666 ait:
600 613 725 671 Gremir's
736 613 887 685 abducere.-
903 619 1037 680 tanquam

55 702 67 733 a
92 699 196 737 uxores·
213 711 247 720 -
289 690 332 739 80.
357 681 426 732 Prae
450 695 522 750 gers‘
537 684 679 750 puppibus
703 699 800 744 arma,·
825 688 938 748 propter
969 678 1054 731 illud·

69 752 134 813 93.):
158 751 242 802 Scuta
260 754 354 802 virum
371 751 468 817 fluvio
486 756 629 818 pictasque
652 752 753 801 innare
772 754 896 799 carinas.
930 747 1039 799 Scilicet
1129 755 1134 780 ⁸

55 821 119 871 mdo
143 820 178 872 ad
202 820 320 889 petenda
342 819 479 886 navigavit
501 821 608 872 auxilia.
642 817 738 868 Pacem
762 823 1038 880 intemeranda,

55 898 122 957 rpter
141 894 175 955 (7,
194 889 279 951 153.);
291 887 414 941 dantum
433 900 557 940 oratores
575 899 696 954 augusta
715 887 752 937 od
770 887 881 937 moenia
900 887 974 952 regit
992 885 1036 939 irc

55 970 94 1008 ut.
113 982 147 994 -
181 962 224 1013 82.
245 954 350 1022 Proque
374 959 435 1008 viro
461 957 617 1022 nebalorn3.
636 955 671 1006 ad
695 955 875 1025 opprobrium
899 971 949 1020 pro
974 952 1036 1004 viia

56 1026 88 1091 it,
105 1022 172 1076 nou¹
178 1043 228 1093 pro
241 1025 325 1091 filio,
341 1041 402 1076 rem
419 1025 533 1076 inanem
550 1025 718 1094 oppositam,-
733 1022 801 1075 dicit
817 1031 910 1075 autem
928 1019 1037 1090 quando
1075 1033 1079 1039 '

55 1111 77 1143 u
94 1095 183 1145 Venus
200 1112 216 1145 a
233 1092 368 1144 Diomede
384 1092 525 1158 liberavit,
551 1095 591 1145 vel
608 1094 752 1160 Neptunus
768 1092 803 1144 ab
821 1091 940 1154 Achille,
964 1088 1038 1157 quod

55 1162 111 1213 neri
134 1161 287 1230 imputatur
301 1160 369 1280 qu'p
391 1161 420 1212 in
445 1162 502 1214 airu
518 1162 637 1231 gratiam
658 1162 765 1212 iactum
781 1168 822 1212 est
836 1160 888 1227 [(11.
905 1181 934 1221 o,
950 1157 1037 1219 sall:
1057 1160 1059 1165 ’

55 1235 116 1283 τίκα
132 1228 170 1298 τῷ
188 1229 239 1298 μὲν
255 1248 280 1280 κ.
299 1249 324 1283 τ.
359 1227 379 1294 .]
418 1227 519 1282 Ventos
535 1233 654 1293 inaner‚·
671 1245 777 1281 vacuos.
810 1228 847 1279 Et
864 1236 904 1279 est
919 1226 1037 1279 nebulae
1079 1277 1083 1283 ,

55 1301 141 1351 initio.
159 1325 201 1355 ,-
237 1295 283 1355 83.
301 1298 337 1347 Et
358 1309 436 1366 potes
460 1307 526 1362 etc.;
550 1299 613 1351 licet
635 1298 688 1349 hoc
701 1297 802 1348 -Mater
824 1296 907 1348 desim
930 1294 1039 1357 fecerit,

55 1386 103 1419 ren
120 1368 173 1418 hoc
189 1366 289 1420 Veneri
305 1367 471 1433 imputatur,
495 1366 560 1435 quia
582 1365 640 1419 eius
654 1366 746 1433 gratia
769 1365 813 1433 (in
831 1364 889 1416 eius
905 1361 1037 1432 gratiam)

54 1446 115 1486 tum
132 1444 186 1502 est,
210 1442 241 1485 ut
256 1434 302 1486 illo
319 1435 380 1485 loco
398 1434 447 1500 (E.
463 1440 496 1500 6,
513 1435 580 1496 79).
605 1434 688 1501 Quas
705 1446 764 1484 turn
782 1433 864 1499 (illia)
884 1432 1037 1491 Philomela

55 1505 116 1554 rer?
134 1521 199 1555 cnm
216 1504 324 1570 Progne
340 1503 451 1567 fecerit,
467 1503 516 1555 red
533 1510 645 1572 propter
660 1502 851 1554 Philomelam.
884 1505 937 1553 Aut
954 1506 1040 1565 certa,

58 1592 74 1625 a
91 1575 229 1631 Venerem
252 1573 347 1623 dicunt
363 1569 474 1639 [ipsam]
497 1588 555 1624 esse
578 1573 700 1622 Matrem
723 1570 814 1622 deum.
833 1596 868 1607 —
901 1575 946 1626 84.
962 1567 1037 1638 [Nos

55 1643 120 1709 qaid
139 1649 205 1705 etc.;
226 1641 361 1692 confessio
378 1648 433 1703 est3
458 1655 515 1692 nou
532 1639 608 1692 enim
625 1647 710 1707 negat
725 1655 753 1691 se
769 1639 883 1703 iuvisse,
905 1639 952 1690 sed
968 1644 1038 1690 atte-

55 1720 75 1762 rt
98 1711 213 1762 diceudo
237 1708 366 1774 aliquia]
386 1733 419 1746 -
453 1714 496 1766 85.
519 1711 634 1762 Aeneas
648 1711 769 1775 ignarus
792 1708 884 1770 abesa·
908 1725 942 1759 ea
958 1720 1037 1774 'quae

55 1797 111 1830 sere
127 1791 184 1829 non
200 1793 356 1848 possumus,
377 1776 541 1828 irridemus:
564 1786 596 1828 ut
618 1778 671 1828 hoc
692 1777 764 1833 loco.
796 1775 840 1828 Sic
856 1777 886 1827 in
903 1774 1038 1826 Bucolicis

69 1849 122 1908 37.)
140 1846 295 1914 praemisit:
320 1845 426 1897 Divins'
445 1864 515 1913 opus
534 1845 743 1897 Alcimedontis.
777 1844 874 1896 Postea
898 1858 951 1911 per
972 1842 1038 1894 irri-

55 1933 114 1967 nem
132 1915 183 1967 ait:
206 1915 241 1965 Et
258 1916 340 1966 nolis
365 1917 438 1965 idem
454 1915 617 1966 Alcimedon
634 1916 690 1966 duo
708 1915 810 1980 pocula
827 1914 908 1983 fecit.
925 1937 960 1949 ··-
993 1916 1038 1968 87.
1127 1974 1132 1980 .

55 1986 165 2036 avidam
183 1985 250 2040 belli
268 1985 379 2048 arbem3
396 1981 522 2062 calibium,
539 1983 626 2063 adal:
638 1982 949 2102 ‘Popazisqueperoces
967 1979 1040 2032 com

55 2056 112 2105 ides.
158 2051 257 2104 Urbem
281 2060 374 2105 autem
396 2067 567 2120 provinciam
590 2052 670 2117 dicit,
696 2066 750 2120 quo
775 2067 822 2101 mo
844 2068 860 2102 o
885 2047 1038 2118 (1,‘380.):

55 2125 121 2174 liam
140 2138 241 2188 quaero
266 2123 446 2191 patriams-
482 2125 525 2176 88.
544 2119 643 2171 Nosne
658 2122 711 2172 u'oi
721 2121 839 2188 fluxos3
855 2125 946 2184 ,statut
966 2117 1038 2170 relu-
1127 2146 1130 2150 ·

55 2208 156 2260 1r‚per
174 2200 257 2258 quem
275 2191 406 2254 ostendit,
423 2188 561 2240 Veue'rem
573 2186 664 2257 'magis
682 2190 808 2241 Troianis
825 2203 938 2239 causam
954 2186 1037 2239 fuisse

55 2261 206 2312 iculorum.
240 2259 364 2319 Floram
388 2257 499 2322 molles,
522 2274 594 2324 quae
610 2266 721 2325 possent
738 2259 822 2311 etiam
840 2258 898 2309 sine
915 2255 1037 2307 inimicis
1106 2258 1110 2269 ’

55 2330 107 2379 ire.
141 2329 198 2378 Res
212 2327 302 2397 [ergo]
312 2327 427 2396 fluxas.-
445 2324 549 2377 fluxam
561 2326 764 2395 rempublicam
779 2325 923 2395 [dicit'vel
932 2324 1037 2393 fluxas
1093 2378 1097 2391 .

55 2395 204 2461 efactatas.]
220 2423 252 2433 -
277 2403 329 2455 89.
350 2394 410 2461 Qui
425 2393 517 2445 Troas
529 2395 663 2460 Achivis5
681 2396 757 2464 atqui
774 2399 808 2448 de
825 2397 931 2446 Venere
948 2392 1038 2462 loqui-

61 2485 68 2526 ;
92 2467 138 2517 sad
156 2466 221 2533 quia
237 2464 282 2517 dei
299 2460 489 2535 siposvodrpl'sis
512 2471 589 2532 sunt,
611 2472 643 2515 ut
658 2465 774 2516 diximus
790 2481 889 2534 supra,
912 2462 975 2513 ideo
998 2461 1038 2512 sic

55 2535 81 2585 it.
115 2534 188 2586 Nam
203 2535 233 2585 in
250 2535 440 2586 subauditione
459 2540 598 2602 ponuntur
621 2551 654 2586 ea
671 2550 742 2602 quae
758 2547 815 2585 uon
838 2546 981 2600 possumus
997 2528 1039 2582 di·

56 2622 71 2654 e
95 2611 197 2669 aperte.
222 2631 258 2641 -
303 2602 563 2670 90.)[Consurgerc
588 2603 741 2664 iuvarma3
763 2617 814 2669 pro
839 2599 1038 2666 consurgendi,

56 2671 127 2722 nitus
150 2672 247 2722 modus
270 2672 364 2736 verbi,
386 2685 438 2739 pro
462 2669 628 2739 participia]
644 2695 679 2707 -
719 2675 763 2727 91.
783 2669 907 2721 Foedera
931 2669 1036 2720 solum

55 2753 102 2803 ·to,·
133 2740 234 2808 legitur
257 2739 287 2789 in
308 2738 444 2803 historiis,
473 2736 547 2806 quod
570 2737 774 2789 Troiuuicum
799 2737 913 2789 Graecis
940 2736 1037 2788 foedus

55 2816 172 2860 ruerunt.
208 2808 286 2857 Unde
304 2808 388 2860 etiam
404 2805 480 2857 Paris
499 2812 540 2855 est
555 2812 694 2873 susceptus
710 2805 845 2874 hospitio,
862 2812 891 2856 et
906 2803 944 2855 ric
962 2804 1037 2863 com·

55 2877 84 2942 ait
105 2875 280 2928 adulterium.
321 2876 396 2940 Ergo
418 2873 542 2925 Foedera
574 2875 680 2926 solvere
704 2873 789 2943 furto
802 2881 871 2938 est,
901 2873 1038 2931 amicitias

55 2945 144 2998 ilterio
162 2943 301 3012 dissipare.
336 2943 409 2992 Nam
426 2941 542 3010 furtum
560 2949 602 2993 est
624 2942 805 2997 adulterium:
827 2941 900 2995 uude
925 2950 978 2996 est:
1001 2943 1038 2993 Et

55 3016 106 3064 leia
127 3012 226 3081 surra:
250 3013 312 3131 ,gan
336 3010 410 3080 quod
432 3009 687 3079 Paridemffviotum
709 3029 727 3064 a
751 3011 880 3066 Menelao
903 3008 1041 3080 subripuit
1083 3019 1088 3029 ·

57 3083 109 3149 sti,
137 3099 173 3132 an
197 3094 251 3148 quo
293 3079 432 3131 Pandarus
456 3077 609 3145 desierit,
640 3087 671 3131 ut
694 3081 729 3133 sit
750 3100 800 3150 per
816 3079 973 3149 furtumi]
1003 3080 1041 3134 Et
1083 3116 1085 3121 .
1156 3074 1162 3085 ⁴

55 3152 96 3202 rsi
112 3149 154 3202 Ilii
170 3149 240 3202 haec
258 3155 378 3211 estsere
395 3162 484 3199 causa.
518 3095 593 3213 K‘apn
615 3149 745 3216 foedera,
768 3166 838 3218 quae
861 3149 935 3202 inter
953 3148 1040 3202 Grae·

72 3218 250 3273 etTroianos
266 3218 387 3281 iuer'unt,
402 3217 442 3269 ita
458 3217 548 3268 soluta
564 3224 639 3268 sunt:
655 3218 785 3276 Hercules
802 3232 868 3270 cum
885 3224 1040 3288 expugnato

55 3311 57 3330 ν
74 3287 161 3340 filiam
178 3286 374 3345 Laomedontis
392 3282 541 3338 Hesionam
558 3285 662 3338 Priami
686 3303 812 3342 sororem
829 3285 975 3338 Telamoni
987 3286 1040 3339 'de-

55 3363 104 3419 ret‚
121 3354 239 3423 profecti
254 3363 317 3406 sunt
333 3354 418 3418 legati
434 3370 499 3404 cum
516 3354 637 3420 Priamo,
654 3363 682 3406 et
698 3372 764 3409 eam
780 3355 897 3407 minime
914 3361 1041 3427 repetere

55 3432 171 3490 uerunt,
192 3423 246 3474 illis
260 3423 417 3475 dicentibus
440 3438 469 3474 se
487 3439 551 3475 eam
571 3424 677 3477 habere
701 3424 762 3479 iure
779 3425 925 3480 bellorum.
962 3422 1040 3481 Unde
1140 3434 1145 3441 ’

55 3502 164 3542 nmotus
180 3491 307 3544 Priamus
330 3491 406 3542 misit
422 3488 553 3544 Paridem
577 3508 642 3542 cum
660 3493 796 3557 exercitu,
819 3501 850 3546 ut
865 3492 969 3559 aliquid
985 3493 1041 3544 tale

55 3562 173 3626 luceret,
196 3567 245 3613 aut
268 3567 382 3613 uxorem
403 3559 478 3627 regis
500 3567 549 3612 aut
571 3561 672 3627 filiam,
695 3560 743 3628 qui
766 3570 920 3632 expugnata
944 3559 1042 3630 Sparta

55 3631 144 3681 lenam
159 3628 260 3696 rapuit.
293 3628 365 3680 Hinc
390 3644 459 3695 ergo
473 3627 603 3697 Virgilius
620 3638 769 3696 utrumque
786 3631 890 3697 tangit:
916 3639 944 3680 et
960 3631 1043 3681 istam

55 3699 153 3749 toriam
185 3713 271 3767 quam
300 3698 384 3750 modo
414 3697 544 3764 diximus,
574 3705 603 3750 et
631 3706 744 3768 propter
767 3698 903 3751 iudicium
929 3699 1044 3763 Paridis,

55 3767 132 3818 imvis
149 3766 243 3817 sabula
259 3765 294 3816 sit
317 3765 364 3818 illa
386 3783 447 3832 res,
470 3772 538 3820 at‘a
554 3766 643 3837 positis
660 3767 819 3840 composita.
837 3793 871 3805 -
906 3770 950 3824 92.
966 3768 1044 3821 Dar·
1105 3800 1112 3814 .

55 3839 133 3898 aius5
150 3851 207 3887 non
224 3842 334 3905 praeter
350 3835 483 3887 iniuriam
499 3836 609 3888 Aeneae
627 3835 681 3889 hoc
693 3839 796 3904 posuit,
814 3837 880 3905 quia
898 3836 943 3902 (al.
957 3836 1043 3903 quod)

59 3907 166 3955 rdonus
190 3903 298 3955 dicitur.
338 3904 413 3955 Nam
435 3904 524 3974 perite
562 3904 678 3956 dubium
707 3920 810 3957 nomen
840 3905 938 3972 elegit,
969 3904 1045 3974 quod

55 3972 208 4023 itumeliam
231 3974 452 4024 communicaret
476 3974 593 4025 Aeneae.
628 3971 757 4039 Spartam
782 3976 968 4042 expugnavit3
992 3973 1045 4024 hoc

66 4041 183 4094 historia
208 4048 262 4106 est,
286 4047 318 4091 ut
333 4040 465 4107 diximus3
493 4057 561 4096 narn
581 4056 650 4093 cum
670 4041 814 4096 sollicitata
837 4043 941 4096 Helena
956 4042 1045 4096 Parin
