2454 4500
104 266 208 365 fisos
294 304 298 309 -
382 280 547 343 ‘sanun
569 262 926 361 communiamus
983 376 989 387 „

147 476 275 523 montem
291 465 448 520 Palatinum
464 442 599 518 Romulus
615 464 717 534 tenuit,
732 465 899 519 Aventinum
912 462 1033 534 nemas,
1048 465 1096 534 qui
1111 479 1176 538 pnor

147 539 331 593 sex'vidtures
346 534 427 601 vidit,
443 532 559 605 posaeo]
575 535 709 586 Romulus
726 535 883 586 duodecim.
916 535 1039 587 Etcum
1057 535 1102 587 ills
1116 543 1177 588 tem
1223 544 1225 587 ἓ

78 644 82 651 -
168 624 232 673 ore,
254 606 300 659 ille
316 619 434 658 numero
451 603 486 654 de
502 603 647 657 condenda
664 603 733 656 urbe
749 609 907 668 certarent,
928 609 992 654 orta
1009 602 1176 656 contentione
1222 610 1225 659 l

72 694 75 699 ¹
147 627 184 731 bs
206 675 283 727 urbis
305 673 420 726 nomine
449 672 522 723 inter
546 673 711 737 exercitum,
743 689 760 724 a
784 671 900 723 Romuli
920 671 1061 724 militibus
1084 671 1178 724 Remus

149 744 252 798 occisus
270 750 318 796 est.
351 740 518 793 Fabulosum
540 742 616 792 enim
637 747 699 808 est,¹
717 740 790 810 quod
813 757 831 793 a
852 742 941 792 fratre
956 748 1077 808 propter
1093 755 1178 791 minos

147 814 249 868 dicitur
264 813 455 880 interemptus.
472 833 505 846 ·-
539 815 602 868 781.
619 807 654 858 Et
670 821 749 876 pater
765 816 834 873 eto3
857 807 959 861 merito
983 808 1094 861 virtutis
1108 808 1178 861 Mers

141 882 301 935 ¹Romulum
323 880 408 931 deum
433 893 491 929 esse
514 876 658 946 significat
694 877 832 944 Superum
856 876 940 930 enim.
959 877 1129 929 accusativus
1143 882 1181 928 est

147 949 303 1018 singularis,
320 948 355 1000 ab
374 962 407 999 eo
425 946 500 1015 quod
512 954 553 996 est
566 962 695 1012 superus,
709 949 814 1014 superi.
849 945 922 1009 Illa3
978 962 1028 997 am
1040 945 1093 997 tibi
1104 960 1179 1013 saepe

148 1023 207 1073 feta
224 1017 419 1085 promiserunt.
454 1015 573 1079 Inclita,·
598 1015 739 1069 Graecum
755 1023 803 1068 est.
836 1015 912 1066 Nam
960 1010 1178 1080 vsbe(Guelf.1.

147 1090 182 1141 Π.
206 1085 342 1146 inclitos)
366 1081 516 1151 gloriosum
544 1083 646 1138 dicunt.
673 1109 708 1122 -
754 1089 816 1142 783.
840 1083 996 1150 imperium
1027 1085 1126 1147 terris,
1152 1081 1178 1132 in

148 1163 284 1226 quumum
307 1154 429 1206 tenditur
452 1159 537 1203 terra.
577 1151 695 1204 Animos
720 1153 852 1221 aequabit
879 1153 1010 1221 olymp05
1042 1166 1089 1203 ma
1107 1149 1179 1203 nani·

123 1222 125 1226 ’
148 1226 247 1278 unitate
262 1221 427 1290 aequabitur
444 1219 530 1272 coelo.
563 1218 606 1271 De
622 1220 676 1273 hoc
694 1230 787 1274 autem
802 1220 864 1272 loco
883 1222 986 1288 (Guelf.
999 1223 1020 1272 1.
1039 1221 1071 1270 de
1125 1234 1177 1269 ca.
1216 1270 1225 1287 Α

150 1295 189 1355 re)
206 1301 234 1344 et
252 1291 359 1358 Trogus
376 1296 404 1341 et
419 1288 524 1339 Probm
541 1297 684 1356 quaerunt
703 1316 737 1327 —
771 1293 833 1348 784.
849 1290 1012 1358 septemque
1031 1297 1096 1351 etc.;
1112 1280 1178 1340 beus
1223 1324 1225 1349 ἰ

149 1362 251 1414 urbem
267 1360 389 1411 Romam
411 1355 479 1407 dicit
502 1365 610 1427 septem
632 1357 773 1410 inclusisse
796 1367 920 1424 montes,
944 1367 973 1410 et
997 1358 1123 1410 medium
1143 1364 1178 1408 ts-

49 1426 57 1490 ,’
149 1430 219 1485 nuit.
258 1427 332 1480 Nam
356 1423 468 1495 grandis
492 1432 532 1476 est
554 1426 620 1478 inde
643 1425 794 1478 dubitatio:
825 1425 925 1479 etalii
947 1427 1060 1491 dicunt,
1089 1425 1177 1478 meses
1223 1422 1225 1431 '

132 1506 259 1569 ‘septem
276 1494 414 1547 colliculus
431 1493 584 1574 a'llomulo
600 1493 732 1575 inclusos,
754 1495 807 1576 qui·
824 1502 921 1549 tamen
943 1494 1005 1548 aliis
1028 1493 1177 1547 nominibus

149 1561 1179 1700 iiiiiiii‘if'effanfflbhiiiiiiil,qiiibibissmitiaiissii

151 1703 300 1768 mina'lem,
322 1698 527 1768 Aesquilinum,
548 1699 599 1768 [et]
620 1700 812 1753 Ianicularem.
845 1699 899 1753 Alii
921 1715 987 1757 vero
1004 1700 1118 1766 valiant,
1135 1699 1179 1751 hos

149 1773 264 1843 quidem
289 1769 386 1835 fuisse,
407 1767 467 1820 aliis
490 1776 585 1820 tamen
608 1769 767 1821 numinibus
792 1769 958 1841 appellatos,
980 1785 1056 1838 quae
1080 1774 1179 1820 munta

40 1840 52 1859 “’
148 1849 214 1894 sunt
230 1846 340 1911 postea,
363 1840 406 1906 [ut
421 1836 455 1888 dc
474 1837 602 1908 omnibus
624 1837 708 1906 rebus
731 1838 849 1906 legimus
872 1834 968 1901 fieri‚]
993 1845 1024 1888 ut
1040 1837 1077 1891 de
1094 1836 1179 1889 mmm

149 1910 234 1974 loeis,
258 1915 287 1960 et
308 1908 342 1959 de
366 1904 528 1957 fluminibus
550 1905 668 1975 legimns
692 1907 801 1974 (fieri):
832 1914 864 1957 ut
885 1923 932 1958 sae
953 1907 997 1957 ius
1022 1911 1074 1974 (8,
1096 1905 1180 1969 ml:

76 2022 82 2027 ,
110 2000 113 2007 ·
151 1980 187 2029 Es
213 1995 313 2030 nornen
335 1977 432 2043 posuit
455 1973 591 2025 Saturnia
617 1976 708 2026 tellus.
725 2001 760 2014 -·
794 1979 855 2035 785.
875 1924 1093 2047 Praiboirum
1119 1974 1181 2026 viro

150 2063 215 2100 rum
239 2045 362 2098 fortium.
402 2043 507 2110 Qualis
523 2042 707 2110 Berecynthia
726 2042 980 2111 matsrplPhrygia.
1008 2043 1091 2112 ‘Nam
1106 2041 1181 2096 Bere·

151 2115 267 2182 cynthus
289 2111 432 2165 castellum
456 2119 498 2162 est
518 2111 654 2180 Phrygiae
675 2112 749 2165 iuxta
772 2111 938 2180 Sangarium
964 2111 1077 2178 (Guell.
1100 2112 1133 2162 11.
1156 2111 1181 2161 V.

153 2184 275 2250 Sangus.
293 2183 353 2231 Vos.
371 2180 556 2246 sanguinat.)
574 2181 703 2245 fluvium,
719 2182 768 2234 ubi
785 2189 875 2234 mater
892 2181 976 2233 desim
994 2182 1103 2233 colitur.
1137 2180 1181 2231 Per

152 2253 225 2304 banc
249 2256 344 2302 autem
366 2249 603 2318 comparationem
625 2250 697 2302 nihil
719 2251 792 2302 aliud
815 2249 947 2315 ostendit,
969 2249 1034 2301 nisi·
1047 2249 1182 2301 Romanos

153 2322 236 2372 duces
260 2319 334 2370 inter
358 2319 422 2369 deos
446 2334 504 2368 esse
528 2319 697 2370 referendos.
714 2346 748 2358 -·
791 2325 852 2376 786.
870 2318 1008 2381 Turrita,·
1034 2319 1100 2386 [vel]
1124 2316 1182 2388 quia

152 2389 213 2459 ipsa
230 2396 271 2439 est
286 2395 378 2453 terra,
402 2403 472 2454 quae
496 2385 579 2438 urbes
601 2387 724 2438 sustinet.
743 2415 776 2426 -
810 2393 872 2445 789.
889 2386 955 2436 Huc
972 2390 1106 2454 geminas
1123 2396 1182 2444 etc.;

150 2466 242 2508 totiun
265 2455 353 2506 visum
376 2463 457 2504 tuum
480 2454 535 2505 huc
552 2455 656 2523 dirige,
680 2463 707 2507 et
730 2457 784 2508 huc
808 2456 963 2527 specialiter
991 2457 1117 2522 intuere,
1139 2456 1180 2524 [sic

150 2523 258 2596 Aspen]
275 2550 307 2563 ···
342 2528 404 2581 790.
422 2521 478 2574 Hie
497 2523 601 2575 Caesar
620 2531 687 2587 eic.;
713 2524 909 2592 ut(1.288.):
931 2525 1029 2575 lulius
1047 2524 1066 2575 u
1086 2539 1179 2592 magno

154 2597 308 2646 dernissum
327 2610 427 2643 nomen
444 2592 516 2642 luto.
536 2619 570 2628 -
604 2599 665 2649 791.
685 2592 761 2645 Coeli
778 2607 895 2646 uentura
920 2594 972 2644 sub
1000 2612 1099 2660 arem3
1124 2607 1181 2646 nam

153 2680 219 2715 cum
236 2663 371 2731 Augustus
388 2661 459 2730 patri
477 2659 590 2713 Caesari
612 2661 689 2712 ludos
711 2663 842 2715 funebres
858 2662 1015 2728 exhiberet,
1036 2664 1118 2717 stella
1156 2675 1181 2712 er

154 2734 230 2785 diem
247 2731 388 2800 apparuit,
412 2745 495 2798 quam
512 2730 688 2800 persuasione
704 2733 831 2797 Augusti,
855 2730 980 2784 Caesaris
997 2749 1056 2783 esse
1074 2749 1130 2800 pop
1157 2744 1182 2780 us

154 2801 279 2853 credidit.
313 2799 383 2850 Hinc
401 2806 442 2850 est
459 2797 506 2863 (E.
524 2803 556 2863 9,
572 2796 641 2860 47.):
665 2799 734 2849 Ecce
752 2800 878 2851 Dionaei
901 2803 1038 2867 processit
1059 2801 1182 2853 Caesaris

155 2882 273 2920 astrum.
309 2869 366 2919 Sub
385 2883 466 2917 asem
483 2882 565 2934 ergo,
588 2866 606 2916 i.
624 2884 649 2919 e.
667 2868 701 2919 ad
719 2868 823 2920 divinos
838 2868 965 2921 honores.
983 2897 1016 2907 -
1054 2878 1118 2929 792.
1134 2868 1182 2918 His

156 2941 203 2989 vir
220 2945 287 2997 etc-3
311 2953 325 2986 c
349 2936 430 2988 litera
452 2950 504 3001 pro
521 2934 623 3004 duplici
640 2951 697 2987 non
714 2938 766 2988 nisi
789 2938 820 2990 in
842 2939 1038 3006 monosyllabis
1055 2940 1181 2992 hausu:

157 3015 188 3057 ut
205 3008 249 3073 (2,
265 3006 353 3068 toll:
377 3003 439 3055 Hoc
458 3015 517 3054 erat
535 3007 609 3055 alma
627 3022 738 3071 parens.
774 3007 827 3058 Per
844 3022 942 3058 eorum
957 3008 1066 3060 scilicet
1082 3008 1183 3080 privile·

156 3075 244 3143 gium.
277 3074 356 3124 Unde
371 3074 471 3123 falsum
488 3080 543 3137 est,
567 3075 640 3141 quod
657 3075 839 3126 Terentianus
856 3075 936 3141 dicit,
953 3093 1019 3130 eam
1057 3095 1091 3131 ro
1109 3071 1183 3130 metri

157 3145 265 3195 ratione
289 3142 331 3193 sel
353 3140 492 3208 duplicem
516 3141 615 3194 haberi
639 3144 681 3194 vel
704 3142 866 3213 simplicem.
899 3145 973 3197 Nam
998 3147 1021 3197 si
1036 3096 1097 3201 boc
1113 3150 1183 3209 esset,

159 3213 245 3264 etiam
262 3211 292 3262 in
308 3209 472 3278 dissyllabis,
494 3227 545 3277 pro
563 3209 667 3263 duabus
683 3210 783 3264 haberi
798 3213 943 3279 debuerat,
981 3216 1036 3268 uod
1054 3225 1182 3286 nmqtlum

157 3281 319 3333 invenimus
352 3279 463 3331 Literae
481 3280 557 3332 enim
574 3288 702 3331 naturam
718 3282 822 3333 servari
838 3289 869 3334 et
889 3284 918 3334 in
935 3232 1111 3353 pbiysyllabis
1127 3300 1183 3337 con·

157 3350 240 3400 venit.
257 3375 290 3385 -
324 3353 386 3405 793.
403 3347 476 3398 Divi
493 3348 535 3414 (al.
554 3351 662 3411 diuum)
679 3367 784 3416 genus,·
809 3352 948 3418 Caesaris,
970 3354 1020 3420 qui
1043 3357 1183 3408 faenisest

158 3415 234 3468 deus.
272 3416 368 3466 Genus
386 3426 480 3468 autem
497 3416 566 3467 dicit
581 3434 638 3468 non
655 3420 743 3471 solum
767 3421 827 3473 iure
844 3420 1016 3488 adoptionis,
1038 3425 1090 3476 sed
1107 3424 1182 3476 etiam

158 3485 409 3552 consanguinitatis.
451 3485 525 3537 Nam
542 3485 619 3537 Atiae
642 3487 749 3552 (Guelf.
765 3490 785 3540 Ι,
809 3493 912 3555 attiae,
933 3489 965 3540 L.
983 3490 1018 3543 R.
1043 3493 1137 3546 Guell.
1152 3491 1180 3543 II.

160 3553 276 3616 Aeetae,
299 3554 334 3603 al.
350 3554 464 3615 Actiae‚·
488 3554 523 3606 al.
540 3554 695 3618 ‘Octaviam
720 3558 773 3608 fuit
795 3559 879 3624 lilius,
902 3562 986 3627 [quoe
1011 3559 1071 3614 filia
1094 3556 1182 3624 Iuliae]

159 3637 231 3689 quae
253 3629 317 3674 erat
337 3638 418 3672 soror
440 3622 572 3674 Caesaris.
613 3624 665 3674 Hic
688 3633 796 3691 autem,
826 3629 961 3696 Augustus
987 3629 1106 3696 Caesar,
1133 3630 1180 3681 hoe

159 3704 263 3741 nomen
286 3692 392 3760 accepit
410 3708 431 3742 a
455 3700 534 3759 patre
557 3691 690 3761 adoptivo.
724 3694 798 3746 Nam
820 3705 885 3750 ante
909 3696 1078 3752 Octavianus
1101 3698 1180 3751 dictu

159 3765 201 3808 est
222 3774 238 3809 a
261 3766 340 3827 patre
364 3758 477 3810 Octavio
501 3761 548 3827 (V.
568 3762 627 3812 Vos.
653 3761 727 3830 Lips.
745 3765 805 3817 Oea
822 3766 901 3817 Abel.
922 3769 1025 3820 marito
1043 3785 1065 3820 s.
1085 3765 1181 3829 mariti,

158 3825 249 3877 Guelf.
277 3828 309 3876 ΙΙ.
334 3827 394 3878 Oct.
421 3831 497 3879 accis
522 3830 649 3894 marito),-
674 3840 736 3899 post
757 3835 891 3902 Augustus
914 3835 1026 3888 Caesar.
1050 3865 1087 3877 ·-
1125 3838 1178 3892 794

157 3893 256 3944 Secula
275 3897 325 3962 qui
344 3913 443 3947 rursus
461 3896 562 3961 Latio;
586 3899 636 3948 sub
653 3899 770 3954 Sabrrno
793 3903 861 3955 dicit
883 3919 968 3957 aurea
992 3908 1086 3960 semla
1106 3905 1178 3958 fuisse

156 3963 185 4014 in
204 3964 272 4016 orbe
289 3973 442 4028 terrarum,
465 3967 515 4017 sub
532 3968 652 4033 Augusto
668 3978 776 4023 tantum
792 3971 925 4025 initalia.
943 4000 978 4013 --
1013 3981 1075 4036 795.
1095 3974 1175 4025 Gara·

155 4045 282 4100 mentm,-
299 4031 394 4106 populi
403 4033 475 4089 inter
489 4032 607 4106 Libyam
620 4039 776 4095 etslrican
787 4039 861 4098 iuxta
872 4047 1046 4114 messuisse.
1082 4044 1173 4103 indos,-
