2454 4500
463 290 716 359 artmano,
885 260 889 271 ’
945 356 949 365 ,
1047 296 1107 361 vu

54 481 163 560 peiere
184 479 356 560 probabile
376 493 438 545 ert.
476 480 633 551 Ceterum
662 482 713 543 vel
736 483 945 545 exoratione
967 494 1001 543 et
1019 485 1095 545 teri.

56 567 163 626 bandi
183 586 319 645 genere,
346 564 470 648 ubique
489 558 711 643 lere,’utrnm
730 570 865 645 antiqua
896 570 979 643 rint,
1013 590 1094 649 quae

58 651 295 730 proferuntur,
319 670 381 713 uec
400 674 461 726 ne,
492 656 654 734 intelligar
676 655 761 714 licet.
805 653 905 715 Servii
927 656 1016 714 enim
1039 674 1094 714 ex·

58 728 259 816 petitionem
289 758 351 816 qua
381 738 620 820 mythologicae
641 760 701 819 qua
729 739 920 808 historicae,
948 739 1091 819 aliaeque

58 822 172 883 uolent
193 841 261 882 erre
282 823 462 895 breviores,
491 826 537 885 ita
566 839 675 886 tarnen
702 840 739 886 ut
766 822 835 887 rein
865 824 1093 887 illustrandum

59 909 139 967 eatis
171 927 329 989 unperque
356 910 529 989 explicent.
578 911 815 971 Grammaticar
846 911 1013 970 dumtaxat
1039 927 1091 968 ret

57 991 196 1052 uberius
223 986 376 1067 tradidit,
393 997 472 1073 ipre
502 994 759 1066 Grammaticur,
790 1006 823 1055 et
851 996 1091 1057 Grammaticae

58 1080 139 1139 artis
160 1081 302 1158 scriptor.
345 1079 518 1140 Scribendi
537 1100 638 1160 genus
660 1093 708 1139 est
728 1099 867 1159 purum,
889 1081 1111 1154 distinctum,¹

58 1164 110 1223 eit
131 1160 192 1222 ubi
215 1167 315 1224 etiam
337 1164 484 1245 elegant,
515 1168 552 1225 in
572 1168 760 1225 univercum
785 1166 867 1236 tale,
894 1166 991 1245 quale
1012 1164 1093 1224 tolet

37 1265 131 1308 erse
151 1251 419 1327 praestantiorum
438 1253 529 1312 irtinr
552 1252 662 1310 aetatis
684 1252 920 1331 rcriptorum1)
971 1248 1091 1309 Contra
1120 1274 1125 1325 ς

59 1350 145 1412 quae
175 1335 217 1393 ab
251 1334 323 1394 aliie
351 1337 451 1397 aerius
481 1335 592 1396 addita
621 1336 773 1414 leguntur
804 1337 907 1416 peiuri
934 1334 1122 1415 scribendi,

59 1435 182 1498 genere
205 1421 365 1497 exposita,
391 1421 492 1481 recnli
514 1422 566 1481 ani
585 1421 719 1498 quadam
739 1419 879 1482 ruditate
901 1423 1001 1480 tincta
1028 1417 1090 1480 dii·
1116 1444 1119 1463 =

58 1502 131 1561 fure
146 1505 385 1579 extenduntur3
405 1522 489 1584 quae
504 1506 636 1585 quidem
659 1505 799 1586 plurima
820 1510 888 1586 ipra
905 1504 989 1569 bona
1004 1515 1089 1575 runt,

60 1599 95 1647 et
125 1604 146 1647 a
177 1602 282 1649 vetere
309 1589 443 1669 quodam
474 1603 654 1669 interprete
686 1584 947 1670 proficiscuntur,
978 1592 1024 1651 in
1053 1601 1091 1648 ut

57 1690 189 1751 proreur
211 1691 248 1734 ea
267 1672 409 1736 abiicere
429 1689 463 1736 et
482 1689 520 1735 ut
539 1676 645 1736 aliena
664 1677 847 1753 improbare
869 1678 1017 1755 ineptum
1039 1675 1091 1733 rit.

60 1756 158 1834 Quae
188 1774 257 1820 nou
287 1757 393 1821 Servii
419 1774 511 1832 runt,
549 1775 637 1821 certe
664 1779 734 1820 non
763 1779 830 1820 ene
859 1763 1024 1830 ridentur,
1053 1775 1093 1818 eu

59 1844 162 1903 ctiam
188 1845 229 1905 in
258 1843 351 1904 codd.
378 1844 527 1925 plurimis
557 1858 590 1906 et
622 1844 694 1904 edd.
724 1856 800 1905 vett.
830 1843 970 1918 derunt,
1009 1861 1092 1925 quae

59 1927 209 2007 auppleta
231 1939 330 1999 runt,
348 1929 384 1990 in
404 1934 514 2008 paucis
536 1929 730 2010 quibusdam
753 1929 843 1991 codd.
865 1945 897 1992 et
919 1929 1008 1998 edd,
1037 1929 1104 1988 iio·

59 2030 118 2089 que
137 2013 374 2074 recentioribus
404 2015 566 2095 leguntur.
608 2014 775 2076 Nonnulla
804 2017 881 2076 adeo
904 2026 1032 2077 tanturn
1052 2014 1090 2073 in

60 2095 260 2159 editionibus
294 2102 528 2163 recentioribur
562 2102 823 2181 conspiciuntur,
860 2113 898 2161 ut
933 2096 1090 2168 Fabricii,

56 2176 227 2256 Marricii,
254 2201 335 2262 quae
355 2185 443 2246 facili
471 2198 564 2266 pacto
584 2197 620 2246 ut
648 2202 715 2244 non
738 2188 880 2265 genuina
907 2199 939 2245 et
961 2183 1035 2242 vilia
1056 2200 1091 2240 ce

58 2265 215 2342 produnt,
236 2279 270 2327 et
289 2269 341 2328 rix
360 2269 457 2351 digna
477 2284 570 2344 runt,
594 2290 675 2350 quae
694 2268 854 2331 Serviani·
872 2270 1021 2330 immixta
1043 2266 1091 2325 le·
1144 2345 1146 2351 Ι

61 2363 194 2427 gantur3
218 2370 320 2431 pauca
342 2355 504 2432 quaedam
526 2354 715 2415 huiusmodi
731 2355 829 2415 nimir
846 2359 957 2434 inepta
975 2353 1091 2413 abieci.

62 2435 122 2512 Qui
143 2432 270 2497 fuerint
291 2436 395 2498 Servii
424 2440 546 2514 fontei,
576 2454 642 2499 uon
670 2438 792 2519 ubique
821 2450 960 2508 constat3
992 2438 1092 2518 pluri-

62 2537 151 2580 mum
173 2540 247 2581 vero
268 2523 459 2602 acriptorer,
490 2525 632 2604 aliosque
650 2523 786 2604 virgilii
812 2526 1007 2604 interpreter
1033 2540 1091 2580 an·
1170 2528 1176 2547 ⁴

62 2606 215 2684 tiquiorer
238 2607 402 2680 laudarit3
424 2608 523 2669 hosce
548 2610 678 2690 quidem
700 2611 828 2687 ruepiue
848 2613 984 2669 tacuisse
1006 2606 1091 2667 vide·

63 2689 165 2766 tur2).
208 2688 288 2753 Loci
314 2694 369 2772 qui
389 2713 408 2754 ι
430 2692 538 2755 Servio
566 2715 607 2756 ex
627 2694 699 2755 aliia
720 2696 926 2774 rcriptoribur
947 2692 1090 2772 allegan-

64 2783 128 2847 tur,
155 2775 325 2836 interdum
348 2795 389 2837 ex
410 2779 569 2840 memoria
591 2779 717 2840 recitati
737 2780 905 2851 videntum
936 2777 1015 2838 hinc
1036 2795 1092 2836 va-

21 2888 26 2897 ·
65 2858 189 2920 rietater
222 2861 401 2929 lectionum
428 2864 606 2935 nonnullae
635 2876 739 2932 ortae,
771 2883 848 2943 quac
877 2864 1014 2924 editores
1036 2862 1091 2923 iaie

65 2941 128 3004 illic
147 2942 189 3005 ad
209 2945 368 3007 editiones
395 2951 586 3026 scriptorum
615 2949 756 3029 vulgatur
778 2968 835 3009 ruo
866 2949 1002 3009 arbitrio
1023 2966 1090 3008 cor·

65 3030 177 3090 reaiare
197 3031 362 3104 videntum
384 3033 534 3113 equidem
555 3033 644 3094 codd.
661 3044 788 3093 recutur
806 3053 889 3094 rum.
934 3031 1090 3093 Ceterum

67 3117 334 3176 commentarium
354 3118 391 3179 iu
414 3118 592 3181 Aeneidem
613 3119 720 3199 primo
741 3118 814 3178 loco
836 3118 1013 3197 scripserat,
1036 3118 1092 3175 de·

15 3212 18 3217 '
68 3199 138 3259 inde
157 3202 193 3260 in
216 3200 395 3274 Bucolicac
415 3217 580 3282 postremo
602 3206 639 3264 in
662 3203 821 3282 Georgica
836 3202 890 3276 ³);
918 3201 1007 3274 huno
1029 3204 1091 3281 igi·

21 3304 24 3331 =
67 3292 115 3342 tur
135 3286 285 3346 ordinem
306 3289 343 3347 in
364 3286 426 3347 hac
447 3287 590 3349 editione
611 3288 808 3366 requendum
830 3307 897 3346 ease
919 3284 1091 3346 arbitratur

14 3400 25 3429 .·
69 3387 142 3430 rum.
184 3370 316 3433 Ubi-in
345 3375 585 3433 commentarii·
609 3371 649 3430 ad
671 3368 850 3432 Aeneidem
877 3371 981 3431 lector
1003 3370 1089 3429 dele·

12 3442 18 3529 ξ
69 3469 152 3535 gatar
184 3455 225 3517 ad
258 3455 418 3540 Georgica
455 3468 488 3517 et
517 3455 683 3533 Bucolica,
721 3477 775 3518 eor
810 3457 897 3517 locos
926 3477 945 3516 a
975 3457 1092 3517 seriori

95 3639 123 3702 1)
138 3639 214 3707 Quae
230 3639 316 3692 Servii
331 3640 446 3708 propria
462 3647 526 3691 sunt
541 3641 688 3704 nonnulla,
703 3643 756 3693 hoc
773 3641 834 3691 loco
851 3639 1011 3708 explicanda
1026 3656 1091 3692 cen-

127 3708 182 3760 sui:
199 3711 268 3776 quia
285 3724 367 3774 saepe
384 3725 436 3778 pro
455 3710 529 3775 quod
546 3710 624 3779 ponit
647 3712 693 3775 (ci.
710 3711 739 3759 Α.
759 3714 790 3771 9,
806 3708 893 3772 iod),
915 3711 957 3759 sic
974 3724 1024 3778 pro
1044 3710 1089 3760 dc-

126 3778 206 3842 indc‚
223 3789 286 3842 post
309 3778 680 3842 (cf.A.4,114.'9‚604.),
699 3779 795 3826 minus
813 3788 853 3825 ert
876 3792 928 3841 pro
947 3778 1020 3827 deest
1044 3776 1089 3841 (cf.
1112 3826 1115 3834 f

25 3894 29 3899 .
115 3849 156 3898 ·A.
175 3852 207 3909 9,
223 3845 303 3909 705.),
320 3845 371 3900 alia
388 3854 419 3896 ut
434 3854 550 3896 taceam.
568 3874 602 3884 -
646 3847 676 3908 2)
693 3844 737 3894 Sic
753 3844 862 3894 Horatii
877 3844 970 3896 locrrm
987 3845 1090 3897 debere

125 3915 233 3965 videtur
246 3914 350 3963 ‚Probo
372 3915 403 3964 A.
421 3919 452 3976 9,
471 3922 531 3970 373.
565 3913 655 3965 Probo
674 3911 837 3964 contradicit
853 3912 884 3962 A.
901 3918 938 3976 9,-
951 3919 1010 3970 367.
1028 3913 1089 3963 coll.

125 3983 247 4052 interpp.
264 3981 333 4032 Maii
350 3982 379 4030 A.
400 3986 425 4045 9,
442 3987 501 4039 359.
521 3983 554 4031 cl.
573 3981 642 4031 Maii
660 3983 775 4050 praelat.
786 4002 817 4016 ··
852 3981 878 4041 3)
896 3982 926 4030 V.
944 3981 1090 4048 G-1,208.

10 4100 15 4115 .
126 4047 191 4110 tce·
210 4061 243 4118 2,
262 4056 321 4108 170.
339 4051 401 4108 481.
419 4056 450 4114 a,
467 4054 528 4107 cae.
545 4052 578 4115 4,
595 4055 656 4109 tue
672 4050 705 4102 tt
721 4057 748 4116 τ,
765 4055 808 4108 ra
825 4047 861 4100 G.
877 4051 911 4114 4,
928 4054 988 4106 101.
