<?xml version="1.0" encoding="UTF-8"?>
<!DOCTYPE html PUBLIC "-//W3C//DTD XHTML 1.0 Transitional//EN"
    "http://www.w3.org/TR/xhtml1/DTD/xhtml1-transitional.dtd">
<html xmlns="http://www.w3.org/1999/xhtml" xml:lang="en" lang="en">
 <head>
  <title>
</title>
<meta http-equiv="Content-Type" content="text/html;charset=utf-8" />
  <meta name='ocr-system' content='tesseract 3.04.00' />
  <meta name='ocr-capabilities' content='ocr_page ocr_carea ocr_par ocr_line ocrx_word'/>
</head>
<body>
  <div class='ocr_page' id='page_1' title='image "./commentariiinvi00liongoog_0012.png"; bbox 0 0 2454 4500; ppageno 0'>
   <div class='ocr_carea' id='block_1_1' title="bbox 458 296 1100 375">
    <p class='ocr_par' dir='ltr' id='par_1_1' title="bbox 458 296 1100 375">
     <span class='ocr_line' id='line_1_1' title="bbox 458 296 1100 375; baseline 0.005 -17"><span class='ocrx_word' id='word_1_1' title='bbox 458 296 717 375; x_wconf 75' lang='lat' dir='ltr'>ratramno.</span> <span class='ocrx_word' id='word_1_2' title='bbox 1076 302 1100 361; x_wconf 88' lang='grc' dir='ltr'><strong><em>ν</em></strong></span> 
     </span>
    </p>
   </div>
   <div class='ocr_carea' id='block_1_2' title="bbox 10 486 1171 4134">
    <p class='ocr_par' dir='ltr' id='par_1_2' title="bbox 10 486 1171 4134">
     <span class='ocr_line' id='line_1_2' title="bbox 51 486 1092 551; baseline 0.007 -7"><span class='ocrx_word' id='word_1_3' title='bbox 51 486 205 544; x_wconf 83' lang='lat' dir='ltr'>volueris.</span> <span class='ocrx_word' id='word_1_4' title='bbox 249 486 540 547; x_wconf 63' lang='lat' dir='ltr'>,innotatinnculas</span> <span class='ocrx_word' id='word_1_5' title='bbox 555 498 683 547; x_wconf 84' lang='lat' dir='ltr'>tantum</span> <span class='ocrx_word' id='word_1_6' title='bbox 700 505 768 547; x_wconf 88' lang='lat' dir='ltr'>rem</span> <span class='ocrx_word' id='word_1_7' title='bbox 784 492 931 549; x_wconf 77' lang='lat' dir='ltr'><strong>criticam</strong></span> <span class='ocrx_word' id='word_1_8' title='bbox 946 492 1092 551; x_wconf 82' lang='lat' dir='ltr'>maxims</span> 
     </span>
     <span class='ocr_line' id='line_1_3' title="bbox 52 574 1089 655; baseline 0.006 -26"><span class='ocrx_word' id='word_1_9' title='bbox 52 583 238 648; x_wconf 85' lang='lat' dir='ltr'>spectantes</span> <span class='ocrx_word' id='word_1_10' title='bbox 255 574 394 630; x_wconf 83' lang='lat' dir='ltr'>orationi</span> <span class='ocrx_word' id='word_1_11' title='bbox 417 575 533 650; x_wconf 87' lang='lat' dir='ltr'>partim</span> <span class='ocrx_word' id='word_1_12' title='bbox 555 574 688 649; x_wconf 83' lang='lat' dir='ltr'>inserui,</span> <span class='ocrx_word' id='word_1_13' title='bbox 710 579 828 654; x_wconf 85' lang='lat' dir='ltr'>partim</span> <span class='ocrx_word' id='word_1_14' title='bbox 845 575 985 655; x_wconf 70' lang='lat' dir='ltr'>subieci,</span> <span class='ocrx_word' id='word_1_15' title='bbox 1007 576 1089 634; x_wconf 86' lang='lat' dir='ltr'>illud</span> 
     </span>
     <span class='ocr_line' id='line_1_4' title="bbox 49 657 1088 734; baseline 0.006 -22"><span class='ocrx_word' id='word_1_16' title='bbox 49 657 180 732; x_wconf 84' lang='lat' dir='ltr'>quidem</span> <span class='ocrx_word' id='word_1_17' title='bbox 204 674 272 714; x_wconf 90' lang='lat' dir='ltr'>non</span> <span class='ocrx_word' id='word_1_18' title='bbox 290 674 417 734; x_wconf 83' lang='lat' dir='ltr'>magno.</span> <span class='ocrx_word' id='word_1_19' title='bbox 440 657 725 726; x_wconf 84' lang='lat' dir='ltr'>credo,-lectorum</span> <span class='ocrx_word' id='word_1_20' title='bbox 744 658 964 733; x_wconf 85' lang='lat' dir='ltr'>incommodo,</span> <span class='ocrx_word' id='word_1_21' title='bbox 984 662 1088 719; x_wconf 85' lang='lat' dir='ltr'>immo</span> 
     </span>
     <span class='ocr_line' id='line_1_5' title="bbox 52 738 1085 819; baseline 0.006 -22"><span class='ocrx_word' id='word_1_22' title='bbox 52 738 243 810; x_wconf 71' lang='lat' dir='ltr'>commodo,</span> <span class='ocrx_word' id='word_1_23' title='bbox 272 738 356 811; x_wconf 84' lang='lat' dir='ltr'>feci,</span> <span class='ocrx_word' id='word_1_24' title='bbox 384 760 458 800; x_wconf 82' lang='lat' dir='ltr'>cum</span> <span class='ocrx_word' id='word_1_25' title='bbox 487 742 646 819; x_wconf 84' lang='lat' dir='ltr'>potiorum</span> <span class='ocrx_word' id='word_1_26' title='bbox 670 745 762 802; x_wconf 89' lang='lat' dir='ltr'>modo</span> <span class='ocrx_word' id='word_1_27' title='bbox 785 747 943 803; x_wconf 84' lang='lat' dir='ltr'>variarum</span> <span class='ocrx_word' id='word_1_28' title='bbox 972 745 1085 803; x_wconf 90' lang='lat' dir='ltr'>lectio·</span> 
     </span>
     <span class='ocr_line' id='line_1_6' title="bbox 52 825 1087 908; baseline 0.005 -24"><span class='ocrx_word' id='word_1_29' title='bbox 52 845 137 884; x_wconf 84' lang='lat' dir='ltr'>num</span> <span class='ocrx_word' id='word_1_30' title='bbox 160 829 225 884; x_wconf 85' lang='lat' dir='ltr'>sive</span> <span class='ocrx_word' id='word_1_31' title='bbox 248 826 507 885; x_wconf 85' lang='lat' dir='ltr'>coniecturarum</span> <span class='ocrx_word' id='word_1_32' title='bbox 531 825 635 887; x_wconf 79' lang='lat' dir='ltr'>brevis</span> <span class='ocrx_word' id='word_1_33' title='bbox 657 832 698 887; x_wconf 84' lang='lat' dir='ltr'>sit</span> <span class='ocrx_word' id='word_1_34' title='bbox 727 831 862 898; x_wconf 72' lang='lat' dir='ltr'>notitior</span> <span class='ocrx_word' id='word_1_35' title='bbox 893 849 997 908; x_wconf 87' lang='lat' dir='ltr'>neque</span> <span class='ocrx_word' id='word_1_36' title='bbox 1024 831 1087 907; x_wconf 84' lang='lat' dir='ltr'>igi·</span> 
     </span>
     <span class='ocr_line' id='line_1_7' title="bbox 51 911 1084 993; baseline 0.004 -24"><span class='ocrx_word' id='word_1_37' title='bbox 51 924 109 969; x_wconf 87' lang='lat' dir='ltr'>tur</span> <span class='ocrx_word' id='word_1_38' title='bbox 129 928 148 967; x_wconf 82' lang='lat' dir='ltr'>a</span> <span class='ocrx_word' id='word_1_39' title='bbox 176 911 337 987; x_wconf 85' lang='lat' dir='ltr'>superiori</span> <span class='ocrx_word' id='word_1_40' title='bbox 359 924 446 987; x_wconf 86' lang='lat' dir='ltr'>parte</span> <span class='ocrx_word' id='word_1_41' title='bbox 469 913 608 991; x_wconf 79' lang='lat' dir='ltr'>paginae</span> <span class='ocrx_word' id='word_1_42' title='bbox 631 918 665 985; x_wconf 82' lang='lat' dir='ltr'>in</span> <span class='ocrx_word' id='word_1_43' title='bbox 688 914 879 973; x_wconf 87' lang='lat' dir='ltr'>inferiorem</span> <span class='ocrx_word' id='word_1_44' title='bbox 903 916 1084 993; x_wconf 77' lang='lat' dir='ltr'>marginem</span> 
     </span>
     <span class='ocr_line' id='line_1_8' title="bbox 53 992 1085 1076; baseline 0.006 -25"><span class='ocrx_word' id='word_1_45' title='bbox 53 992 166 1052; x_wconf 87' lang='lat' dir='ltr'>oculos</span> <span class='ocrx_word' id='word_1_46' title='bbox 192 1006 381 1053; x_wconf 85' lang='lat' dir='ltr'>convertere</span> <span class='ocrx_word' id='word_1_47' title='bbox 410 1015 489 1076; x_wconf 71' lang='lat' dir='ltr'>opus</span> <span class='ocrx_word' id='word_1_48' title='bbox 520 1009 577 1054; x_wconf 85' lang='lat' dir='ltr'>est.</span> <span class='ocrx_word' id='word_1_49' title='bbox 629 996 790 1057; x_wconf 69' lang='lat' dir='ltr'>Locorum</span> <span class='ocrx_word' id='word_1_50' title='bbox 823 1016 950 1076; x_wconf 88' lang='lat' dir='ltr'>qnoque</span> <span class='ocrx_word' id='word_1_51' title='bbox 982 1009 1014 1057; x_wconf 90' lang='lat' dir='ltr'>et</span> <span class='ocrx_word' id='word_1_52' title='bbox 1044 1016 1085 1057; x_wconf 84' lang='lat' dir='ltr'>ex</span> 
     </span>
     <span class='ocr_line' id='line_1_9' title="bbox 54 1079 1086 1161; baseline 0.007 -25"><span class='ocrx_word' id='word_1_53' title='bbox 54 1079 194 1159; x_wconf 81' lang='lat' dir='ltr'>Virgilio</span> <span class='ocrx_word' id='word_1_54' title='bbox 222 1090 255 1139; x_wconf 86' lang='lat' dir='ltr'>et</span> <span class='ocrx_word' id='word_1_55' title='bbox 283 1097 324 1139; x_wconf 77' lang='lat' dir='ltr'>ex</span> <span class='ocrx_word' id='word_1_56' title='bbox 350 1081 420 1140; x_wconf 77' lang='lat' dir='ltr'>aliis</span> <span class='ocrx_word' id='word_1_57' title='bbox 443 1081 666 1159; x_wconf 69' lang='lat' dir='ltr'><strong>scriptoribus,</strong></span> <span class='ocrx_word' id='word_1_58' title='bbox 695 1101 833 1160; x_wconf 89' lang='lat' dir='ltr'>quorum</span> <span class='ocrx_word' id='word_1_59' title='bbox 856 1083 986 1161; x_wconf 87' lang='lat' dir='ltr'>quidem</span> <span class='ocrx_word' id='word_1_60' title='bbox 1007 1081 1086 1143; x_wconf 84' lang='lat' dir='ltr'>libn&#39;</span> 
     </span>
     <span class='ocr_line' id='line_1_10' title="bbox 10 1164 1084 1247; baseline 0 -23"><span class='ocrx_word' id='word_1_61' title='bbox 10 1224 12 1247; x_wconf 77' lang='lat'><em>÷</em></span> <span class='ocrx_word' id='word_1_62' title='bbox 55 1175 185 1239; x_wconf 78' lang='lat' dir='ltr'>extant,</span> <span class='ocrx_word' id='word_1_63' title='bbox 214 1184 232 1222; x_wconf 84' lang='lat' dir='ltr'>a</span> <span class='ocrx_word' id='word_1_64' title='bbox 256 1164 366 1224; x_wconf 81' lang='lat' dir='ltr'>Servio</span> <span class='ocrx_word' id='word_1_65' title='bbox 391 1166 587 1245; x_wconf 76' lang='lat' dir='ltr'>reliquisque</span> <span class='ocrx_word' id='word_1_66' title='bbox 616 1167 825 1246; x_wconf 86' lang='lat' dir='ltr'>allegatorum</span> <span class='ocrx_word' id='word_1_67' title='bbox 851 1187 1006 1225; x_wconf 86' lang='lat' dir='ltr'>numeros</span> <span class='ocrx_word' id='word_1_68' title='bbox 1029 1166 1084 1224; x_wconf 87' lang='lat' dir='ltr'>ad-</span> 
     </span>
     <span class='ocr_line' id='line_1_11' title="bbox 55 1247 1171 1330; baseline -0.004 -20"><span class='ocrx_word' id='word_1_69' title='bbox 55 1251 133 1320; x_wconf 89' lang='lat' dir='ltr'>ieci,</span> <span class='ocrx_word' id='word_1_70' title='bbox 157 1247 384 1310; x_wconf 87' lang='lat' dir='ltr'>Burmannum</span> <span class='ocrx_word' id='word_1_71' title='bbox 405 1254 547 1311; x_wconf 82' lang='lat' dir='ltr'>maxime</span> <span class='ocrx_word' id='word_1_72' title='bbox 569 1264 714 1319; x_wconf 88' lang='lat' dir='ltr'>secutus,-</span> <span class='ocrx_word' id='word_1_73' title='bbox 736 1272 831 1330; x_wconf 88' lang='lat' dir='ltr'>quem</span> <span class='ocrx_word' id='word_1_74' title='bbox 854 1252 916 1310; x_wconf 85' lang='lat' dir='ltr'>luit</span> <span class='ocrx_word' id='word_1_75' title='bbox 938 1256 995 1311; x_wconf 88' lang='lat' dir='ltr'>ubi</span> <span class='ocrx_word' id='word_1_76' title='bbox 1018 1271 1085 1310; x_wconf 90' lang='lat' dir='ltr'>cor·</span> <span class='ocrx_word' id='word_1_77' title='bbox 1168 1298 1171 1305; x_wconf 87' lang='lat'>.</span> 
     </span>
     <span class='ocr_line' id='line_1_12' title="bbox 57 1328 1085 1414; baseline 0.001 -21"><span class='ocrx_word' id='word_1_78' title='bbox 57 1339 206 1414; x_wconf 76' lang='lat' dir='ltr'>rigerem.</span> <span class='ocrx_word' id='word_1_79' title='bbox 251 1335 350 1414; x_wconf 78' lang='lat' dir='ltr'>Signa</span> <span class='ocrx_word' id='word_1_80' title='bbox 366 1334 485 1414; x_wconf 85' lang='lat' dir='ltr'>quibus</span> <span class='ocrx_word' id='word_1_81' title='bbox 505 1354 579 1394; x_wconf 82' lang='lat' dir='ltr'>usus</span> <span class='ocrx_word' id='word_1_82' title='bbox 601 1355 672 1395; x_wconf 90' lang='lat' dir='ltr'>snm</span> <span class='ocrx_word' id='word_1_83' title='bbox 694 1328 774 1398; x_wconf 87' lang='lat' dir='ltr'>haec</span> <span class='ocrx_word' id='word_1_84' title='bbox 796 1336 943 1399; x_wconf 79' lang='lat' dir='ltr'>fuerunt:</span> <span class='ocrx_word' id='word_1_85' title='bbox 967 1337 1085 1396; x_wconf 88' lang='lat' dir='ltr'>Paren-</span> 
     </span>
     <span class='ocr_line' id='line_1_13' title="bbox 58 1415 1083 1499; baseline 0.001 -20"><span class='ocrx_word' id='word_1_86' title='bbox 58 1421 181 1483; x_wconf 79' lang='lat' dir='ltr'>thetens</span> <span class='ocrx_word' id='word_1_87' title='bbox 210 1421 300 1498; x_wconf 84' lang='lat' dir='ltr'>signa</span> <span class='ocrx_word' id='word_1_88' title='bbox 330 1415 407 1499; x_wconf 73' lang='lat'>(),·</span> <span class='ocrx_word' id='word_1_89' title='bbox 437 1438 519 1499; x_wconf 87' lang='lat' dir='ltr'>qnae</span> <span class='ocrx_word' id='word_1_90' title='bbox 549 1423 775 1481; x_wconf 76' lang='lat' dir='ltr'>annotationes</span> <span class='ocrx_word' id='word_1_91' title='bbox 804 1422 954 1481; x_wconf 87' lang='lat' dir='ltr'>indicant</span> <span class='ocrx_word' id='word_1_92' title='bbox 983 1432 1016 1479; x_wconf 86' lang='lat' dir='ltr'>et</span> <span class='ocrx_word' id='word_1_93' title='bbox 1045 1440 1083 1480; x_wconf 83' lang='lat' dir='ltr'>ea</span> 
     </span>
     <span class='ocr_line' id='line_1_14' title="bbox 10 1504 1086 1585; baseline -0.001 -22"><span class='ocrx_word' id='word_1_94' title='bbox 10 1530 29 1553; x_wconf 48' lang='lat'>¹=</span> <span class='ocrx_word' id='word_1_95' title='bbox 60 1523 138 1584; x_wconf 87' lang='lat' dir='ltr'>quae</span> <span class='ocrx_word' id='word_1_96' title='bbox 160 1522 201 1561; x_wconf 84' lang='lat' dir='ltr'>ex</span> <span class='ocrx_word' id='word_1_97' title='bbox 224 1504 389 1563; x_wconf 88' lang='lat' dir='ltr'>codicibus</span> <span class='ocrx_word' id='word_1_98' title='bbox 411 1519 624 1574; x_wconf 78' lang='lat' dir='ltr'>accesserunt3</span> <span class='ocrx_word' id='word_1_99' title='bbox 651 1506 733 1585; x_wconf 87' lang='lat' dir='ltr'>quod</span> <span class='ocrx_word' id='word_1_100' title='bbox 762 1509 912 1584; x_wconf 75' lang='lat' dir='ltr'>inprimis</span> <span class='ocrx_word' id='word_1_101' title='bbox 946 1509 982 1564; x_wconf 90' lang='lat' dir='ltr'>in</span> <span class='ocrx_word' id='word_1_102' title='bbox 1005 1506 1086 1563; x_wconf 91' lang='lat' dir='ltr'>duo-</span> 
     </span>
     <span class='ocr_line' id='line_1_15' title="bbox 10 1576 1084 1669; baseline 0.004 -21"><span class='ocrx_word' id='word_1_103' title='bbox 10 1576 31 1657; x_wconf 75' lang='lat'>¹-¹;</span> <span class='ocrx_word' id='word_1_104' title='bbox 63 1591 112 1648; x_wconf 88' lang='lat' dir='ltr'>bns</span> <span class='ocrx_word' id='word_1_105' title='bbox 134 1588 295 1666; x_wconf 77' lang='lat' dir='ltr'>prioribus</span> <span class='ocrx_word' id='word_1_106' title='bbox 318 1590 470 1649; x_wconf 74' lang='lat' dir='ltr'>Aeneidis</span> <span class='ocrx_word' id='word_1_107' title='bbox 491 1589 583 1650; x_wconf 86' lang='lat' dir='ltr'>libris</span> <span class='ocrx_word' id='word_1_108' title='bbox 606 1590 715 1651; x_wconf 89' lang='lat' dir='ltr'>lucum</span> <span class='ocrx_word' id='word_1_109' title='bbox 739 1590 859 1664; x_wconf 86' lang='lat' dir='ltr'>babet,</span> <span class='ocrx_word' id='word_1_110' title='bbox 881 1590 938 1649; x_wconf 88' lang='lat' dir='ltr'>ubi</span> <span class='ocrx_word' id='word_1_111' title='bbox 960 1610 1041 1669; x_wconf 86' lang='lat' dir='ltr'>quae</span> <span class='ocrx_word' id='word_1_112' title='bbox 1064 1609 1084 1652; x_wconf 78' lang='lat' dir='ltr'>e</span> 
     </span>
     <span class='ocr_line' id='line_1_16' title="bbox 30 1674 1083 1753; baseline 0.001 -22"><span class='ocrx_word' id='word_1_113' title='bbox 30 1696 34 1747; x_wconf 73' lang='lat' dir='ltr'>j·</span> <span class='ocrx_word' id='word_1_114' title='bbox 63 1674 163 1733; x_wconf 87' lang='lat' dir='ltr'>codice</span> <span class='ocrx_word' id='word_1_115' title='bbox 184 1674 341 1734; x_wconf 75' lang='lat' dir='ltr'>Futdensi</span> <span class='ocrx_word' id='word_1_116' title='bbox 364 1674 470 1735; x_wconf 82' lang='lat' dir='ltr'>addita</span> <span class='ocrx_word' id='word_1_117' title='bbox 494 1687 578 1743; x_wconf 82' lang='lat' dir='ltr'>eunt,</span> <span class='ocrx_word' id='word_1_118' title='bbox 601 1677 830 1753; x_wconf 82' lang='lat' dir='ltr'>parentheseos</span> <span class='ocrx_word' id='word_1_119' title='bbox 853 1677 952 1753; x_wconf 79' lang='lat' dir='ltr'>signis</span> <span class='ocrx_word' id='word_1_120' title='bbox 976 1676 1083 1735; x_wconf 87' lang='lat' dir='ltr'>seiun-</span> 
     </span>
     <span class='ocr_line' id='line_1_17' title="bbox 10 1757 1084 1840; baseline 0.003 -23"><span class='ocrx_word' id='word_1_121' title='bbox 10 1768 35 1825; x_wconf 76' lang='grc'>··;</span> <span class='ocrx_word' id='word_1_122' title='bbox 64 1760 104 1828; x_wconf 74' lang='lat' dir='ltr'>xi;</span> <span class='ocrx_word' id='word_1_123' title='bbox 137 1757 348 1837; x_wconf 75' lang='lat' dir='ltr'>Burmannus</span> <span class='ocrx_word' id='word_1_124' title='bbox 375 1762 471 1818; x_wconf 85' lang='lat' dir='ltr'>uncis</span> <span class='ocrx_word' id='word_1_125' title='bbox 503 1757 514 1837; x_wconf 94' lang='lat'>[</span> <span class='ocrx_word' id='word_1_126' title='bbox 544 1760 571 1840; x_wconf 87' lang='grc'>].</span> <span class='ocrx_word' id='word_1_127' title='bbox 620 1762 813 1821; x_wconf 83' lang='lat' dir='ltr'>Huiusmodi</span> <span class='ocrx_word' id='word_1_128' title='bbox 844 1760 976 1839; x_wconf 88' lang='lat' dir='ltr'>quidem</span> <span class='ocrx_word' id='word_1_129' title='bbox 1005 1759 1084 1835; x_wconf 62' lang='lat' dir='ltr'>nuci</span> 
     </span>
     <span class='ocr_line' id='line_1_18' title="bbox 10 1828 1085 1973; baseline 0 -72"><span class='ocrx_word' id='word_1_130' title='bbox 10 1828 37 1973; x_wconf 53' lang='grc' dir='ltr'>’ἲ</span> <span class='ocrx_word' id='word_1_131' title='bbox 64 1845 94 1901; x_wconf 91' lang='lat' dir='ltr'>in</span> <span class='ocrx_word' id='word_1_132' title='bbox 112 1863 181 1902; x_wconf 89' lang='lat' dir='ltr'>mea</span> <span class='ocrx_word' id='word_1_133' title='bbox 204 1843 351 1904; x_wconf 82' lang='lat' dir='ltr'>editione</span> <span class='ocrx_word' id='word_1_134' title='bbox 371 1844 540 1911; x_wconf 89' lang='lat' dir='ltr'>indicant,</span> <span class='ocrx_word' id='word_1_135' title='bbox 564 1846 652 1904; x_wconf 88' lang='lat' dir='ltr'>locor</span> <span class='ocrx_word' id='word_1_136' title='bbox 673 1848 750 1905; x_wconf 89' lang='lat' dir='ltr'>istos</span> <span class='ocrx_word' id='word_1_137' title='bbox 772 1847 934 1905; x_wconf 88' lang='lat' dir='ltr'>seiunctos</span> <span class='ocrx_word' id='word_1_138' title='bbox 952 1846 989 1902; x_wconf 90' lang='lat' dir='ltr'>in</span> <span class='ocrx_word' id='word_1_139' title='bbox 1012 1840 1085 1921; x_wconf 84' lang='lat' dir='ltr'>plu·¹</span> 
     </span>
     <span class='ocr_line' id='line_1_19' title="bbox 10 1927 1082 2005; baseline 0.003 -20"><span class='ocrx_word' id='word_1_140' title='bbox 10 1939 37 1993; x_wconf 69' lang='lat' dir='ltr'>l,</span> <span class='ocrx_word' id='word_1_141' title='bbox 65 1931 143 1986; x_wconf 86' lang='lat' dir='ltr'>rimis</span> <span class='ocrx_word' id='word_1_142' title='bbox 174 1927 268 1988; x_wconf 89' lang='lat' dir='ltr'>codd.</span> <span class='ocrx_word' id='word_1_143' title='bbox 297 1941 330 1989; x_wconf 88' lang='lat' dir='ltr'>et</span> <span class='ocrx_word' id='word_1_144' title='bbox 366 1927 543 1988; x_wconf 84' lang='lat' dir='ltr'>edd-vett.</span> <span class='ocrx_word' id='word_1_145' title='bbox 574 1950 638 1989; x_wconf 89' lang='lat' dir='ltr'>non</span> <span class='ocrx_word' id='word_1_146' title='bbox 668 1944 785 1992; x_wconf 79' lang='lat' dir='ltr'>extare.</span> <span class='ocrx_word' id='word_1_147' title='bbox 840 1927 1082 2005; x_wconf 88' lang='lat' dir='ltr'>Compendium</span> 
     </span>
     <span class='ocr_line' id='line_1_20' title="bbox 28 2004 1083 2115; baseline 0.003 -47"><span class='ocrx_word' id='word_1_148' title='bbox 28 2004 38 2115; x_wconf 77' lang='lat' dir='ltr'>i</span> <span class='ocrx_word' id='word_1_149' title='bbox 67 2007 214 2072; x_wconf 85' lang='lat' dir='ltr'>scribendi</span> <span class='ocrx_word' id='word_1_150' title='bbox 239 2010 315 2083; x_wconf 76' lang='lat' dir='ltr'>At,</span> <span class='ocrx_word' id='word_1_151' title='bbox 344 2013 431 2090; x_wconf 90' lang='lat' dir='ltr'>quod</span> <span class='ocrx_word' id='word_1_152' title='bbox 455 2032 550 2092; x_wconf 86' lang='lat' dir='ltr'>saepe</span> <span class='ocrx_word' id='word_1_153' title='bbox 570 2015 764 2075; x_wconf 88' lang='lat' dir='ltr'>lectionibus</span> <span class='ocrx_word' id='word_1_154' title='bbox 787 2017 879 2076; x_wconf 77' lang='lat' dir='ltr'>variis</span> <span class='ocrx_word' id='word_1_155' title='bbox 903 2012 1083 2091; x_wconf 83' lang='lat' dir='ltr'>praefixum</span> 
     </span>
     <span class='ocr_line' id='line_1_21' title="bbox 67 2097 1085 2169; baseline 0.002 -15.894"><span class='ocrx_word' id='word_1_156' title='bbox 67 2097 160 2168; x_wconf 82' lang='lat' dir='ltr'>vides,</span> <span class='ocrx_word' id='word_1_157' title='bbox 195 2098 294 2166; x_wconf 74' lang='lat' dir='ltr'>ulios,</span> <span class='ocrx_word' id='word_1_158' title='bbox 354 2099 518 2158; x_wconf 79' lang='lat' dir='ltr'>raasertitu</span> <span class='ocrx_word' id='word_1_159' title='bbox 555 2099 693 2160; x_wconf 84' lang='lat' dir='ltr'>editores</span> <span class='ocrx_word' id='word_1_160' title='bbox 750 2120 820 2160; x_wconf 90' lang='lat' dir='ltr'>raro</span> <span class='ocrx_word' id='word_1_161' title='bbox 852 2100 996 2169; x_wconf 86' lang='lat' dir='ltr'>codices,</span> <span class='ocrx_word' id='word_1_162' title='bbox 1031 2116 1085 2155; x_wconf 82' lang='lat' dir='ltr'>aas</span> 
     </span>
     <span class='ocr_line' id='line_1_22' title="bbox 28 2118 1084 2266; baseline 0.003 -28"><span class='ocrx_word' id='word_1_163' title='bbox 28 2156 40 2249; x_wconf 56' lang='lat' dir='ltr'>t.b</span> <span class='ocrx_word' id='word_1_164' title='bbox 66 2118 388 2242; x_wconf 60' lang='lat' dir='ltr'>lectiones&#39;exhibbre</span> <span class='ocrx_word' id='word_1_165' title='bbox 416 2183 534 2243; x_wconf 88' lang='lat' dir='ltr'>innuit.</span> <span class='ocrx_word' id='word_1_166' title='bbox 593 2183 658 2244; x_wconf 89' lang='lat' dir='ltr'>Ubi</span> <span class='ocrx_word' id='word_1_167' title='bbox 693 2141 822 2266; x_wconf 77' lang='lat' dir='ltr'>signum</span> <span class='ocrx_word' id='word_1_168' title='bbox 862 2181 1084 2260; x_wconf 80' lang='lat' dir='ltr'>interrogandi</span> 
     </span>
     <span class='ocr_line' id='line_1_23' title="bbox 33 2266 1081 2349; baseline -0.003 -25"><span class='ocrx_word' id='word_1_169' title='bbox 33 2266 39 2313; x_wconf 74' lang='grc' dir='ltr'>ι’</span> <span class='ocrx_word' id='word_1_170' title='bbox 66 2268 266 2348; x_wconf 80' lang='lat' dir='ltr'>postpositum</span> <span class='ocrx_word' id='word_1_171' title='bbox 282 2270 488 2349; x_wconf 84' lang='lat' dir='ltr'>conspicitur,</span> <span class='ocrx_word' id='word_1_172' title='bbox 511 2270 731 2329; x_wconf 85' lang='lat' dir='ltr'>coniecturam</span> <span class='ocrx_word' id='word_1_173' title='bbox 747 2271 881 2348; x_wconf 87' lang='lat' dir='ltr'>proponi</span> <span class='ocrx_word' id='word_1_174' title='bbox 898 2267 967 2326; x_wconf 87' lang='lat' dir='ltr'>Viri</span> <span class='ocrx_word' id='word_1_175' title='bbox 984 2268 1081 2335; x_wconf 83' lang='lat' dir='ltr'>docti,</span> 
     </span>
     <span class='ocr_line' id='line_1_24' title="bbox 31 2350 1081 2422; baseline -0.002 -12"><span class='ocrx_word' id='word_1_176' title='bbox 31 2412 34 2419; x_wconf 78' lang='grc'>,</span> <span class='ocrx_word' id='word_1_177' title='bbox 64 2355 273 2422; x_wconf 80' lang='lat' dir='ltr'>sire-meam,</span> <span class='ocrx_word' id='word_1_178' title='bbox 316 2366 490 2413; x_wconf 87' lang='lat' dir='ltr'>memento.</span> <span class='ocrx_word' id='word_1_179' title='bbox 543 2352 711 2413; x_wconf 71' lang='lat' dir='ltr'>Brevitatis</span> <span class='ocrx_word' id='word_1_180' title='bbox 742 2373 831 2413; x_wconf 86' lang='lat' dir='ltr'>causa</span> <span class='ocrx_word' id='word_1_181' title='bbox 863 2371 982 2410; x_wconf 76' lang='lat' dir='ltr'>nontrn</span> <span class='ocrx_word' id='word_1_182' title='bbox 1015 2350 1081 2408; x_wconf 87' lang='lat' dir='ltr'>VV.</span> 
     </span>
     <span class='ocr_line' id='line_1_25' title="bbox 26 2422 1081 2516; baseline -0.003 -22"><span class='ocrx_word' id='word_1_183' title='bbox 26 2422 36 2513; x_wconf 71' lang='lat' dir='ltr'>i</span> <span class='ocrx_word' id='word_1_184' title='bbox 64 2436 126 2505; x_wconf 82' lang='lat' dir='ltr'>DD.</span> <span class='ocrx_word' id='word_1_185' title='bbox 157 2437 348 2516; x_wconf 87' lang='lat' dir='ltr'>plerumque</span> <span class='ocrx_word' id='word_1_186' title='bbox 378 2441 482 2509; x_wconf 79' lang='lat' dir='ltr'>tacui3</span> <span class='ocrx_word' id='word_1_187' title='bbox 519 2454 578 2496; x_wconf 87' lang='lat' dir='ltr'>nec</span> <span class='ocrx_word' id='word_1_188' title='bbox 611 2439 707 2498; x_wconf 91' lang='lat' dir='ltr'>credo</span> <span class='ocrx_word' id='word_1_189' title='bbox 734 2440 875 2498; x_wconf 88' lang='lat' dir='ltr'>multum</span> <span class='ocrx_word' id='word_1_190' title='bbox 913 2440 1081 2503; x_wconf 78' lang='lat' dir='ltr'>interesse,</span> 
     </span>
     <span class='ocr_line' id='line_1_26' title="bbox 28 2516 1081 2603; baseline -0.004 -24"><span class='ocrx_word' id='word_1_191' title='bbox 28 2516 36 2603; x_wconf 58' lang='lat' dir='ltr'>l</span> <span class='ocrx_word' id='word_1_192' title='bbox 64 2525 149 2595; x_wconf 87' lang='lat' dir='ltr'>scire,</span> <span class='ocrx_word' id='word_1_193' title='bbox 179 2541 197 2580; x_wconf 87' lang='lat' dir='ltr'>a</span> <span class='ocrx_word' id='word_1_194' title='bbox 220 2541 282 2600; x_wconf 90' lang='lat' dir='ltr'>qno</span> <span class='ocrx_word' id='word_1_195' title='bbox 304 2525 493 2583; x_wconf 75' lang='lat' dir='ltr'>coniectura</span> <span class='ocrx_word' id='word_1_196' title='bbox 521 2523 666 2600; x_wconf 82' lang='lat' dir='ltr'>¹proiecta</span> <span class='ocrx_word' id='word_1_197' title='bbox 689 2524 738 2582; x_wconf 87' lang='lat' dir='ltr'>sit.</span> <span class='ocrx_word' id='word_1_198' title='bbox 783 2521 937 2581; x_wconf 85' lang='lat' dir='ltr'>Stellulae</span> <span class='ocrx_word' id='word_1_199' title='bbox 959 2518 1012 2595; x_wconf 64' lang='lat' dir='ltr'>(l)</span> <span class='ocrx_word' id='word_1_200' title='bbox 1035 2518 1081 2576; x_wconf 89' lang='lat' dir='ltr'>lo-</span> 
     </span>
     <span class='ocr_line' id='line_1_27' title="bbox 64 2605 1079 2686; baseline -0.003 -23"><span class='ocrx_word' id='word_1_201' title='bbox 64 2627 106 2664; x_wconf 84' lang='lat' dir='ltr'>cos</span> <span class='ocrx_word' id='word_1_202' title='bbox 126 2618 308 2686; x_wconf 88' lang='lat' dir='ltr'>corruptos,</span> <span class='ocrx_word' id='word_1_203' title='bbox 337 2621 452 2685; x_wconf 87' lang='lat' dir='ltr'>puncta</span> <span class='ocrx_word' id='word_1_204' title='bbox 482 2613 518 2666; x_wconf 87' lang='lat' dir='ltr'>in</span> <span class='ocrx_word' id='word_1_205' title='bbox 543 2608 623 2669; x_wconf 86' lang='lat' dir='ltr'>Maii</span> <span class='ocrx_word' id='word_1_206' title='bbox 644 2607 880 2685; x_wconf 78' lang='lat' dir='ltr'>interpretibus</span> <span class='ocrx_word' id='word_1_207' title='bbox 909 2605 1079 2663; x_wconf 86' lang='lat' dir='ltr'>lacunosos</span> 
     </span>
     <span class='ocr_line' id='line_1_28' title="bbox 64 2688 1083 2770; baseline -0.005 -22"><span class='ocrx_word' id='word_1_208' title='bbox 64 2692 254 2770; x_wconf 65' lang='lat' dir='ltr'>significant..</span> <span class='ocrx_word' id='word_1_209' title='bbox 289 2690 455 2752; x_wconf 86' lang='lat' dir='ltr'>Summam</span> <span class='ocrx_word' id='word_1_210' title='bbox 488 2711 619 2770; x_wconf 87' lang='lat' dir='ltr'>operam</span> <span class='ocrx_word' id='word_1_211' title='bbox 649 2695 684 2752; x_wconf 93' lang='lat' dir='ltr'>in</span> <span class='ocrx_word' id='word_1_212' title='bbox 714 2691 877 2752; x_wconf 87' lang='lat' dir='ltr'>indicibus</span> <span class='ocrx_word' id='word_1_213' title='bbox 906 2688 1083 2748; x_wconf 70' lang='lat' dir='ltr'>conficien-</span> 
     </span>
     <span class='ocr_line' id='line_1_29' title="bbox 64 2773 1080 2856; baseline -0.005 -23"><span class='ocrx_word' id='word_1_214' title='bbox 64 2775 243 2856; x_wconf 88' lang='lat' dir='ltr'>dis,·iisq&#39;ue</span> <span class='ocrx_word' id='word_1_215' title='bbox 265 2776 360 2855; x_wconf 86' lang='lat' dir='ltr'>plane</span> <span class='ocrx_word' id='word_1_216' title='bbox 382 2779 489 2844; x_wconf 80' lang='lat' dir='ltr'>novis,</span> <span class='ocrx_word' id='word_1_217' title='bbox 513 2780 614 2854; x_wconf 83' lang='lat' dir='ltr'>posui·</span> <span class='ocrx_word' id='word_1_218' title='bbox 658 2776 845 2836; x_wconf 85' lang='lat' dir='ltr'>Masviciani</span> <span class='ocrx_word' id='word_1_219' title='bbox 867 2785 899 2833; x_wconf 86' lang='lat' dir='ltr'>et</span> <span class='ocrx_word' id='word_1_220' title='bbox 923 2773 1080 2831; x_wconf 86' lang='lat' dir='ltr'>Burman·</span> 
     </span>
     <span class='ocr_line' id='line_1_30' title="bbox 24 2857 1081 2939; baseline -0.004 -21"><span class='ocrx_word' id='word_1_221' title='bbox 24 2896 34 2935; x_wconf 42' lang='lat'>,-</span> <span class='ocrx_word' id='word_1_222' title='bbox 63 2863 144 2923; x_wconf 86' lang='lat' dir='ltr'>niani</span> <span class='ocrx_word' id='word_1_223' title='bbox 170 2864 207 2921; x_wconf 90' lang='lat' dir='ltr'>in</span> <span class='ocrx_word' id='word_1_224' title='bbox 227 2860 377 2925; x_wconf 84' lang='lat' dir='ltr'>Servium</span> <span class='ocrx_word' id='word_1_225' title='bbox 407 2862 530 2923; x_wconf 89' lang='lat' dir='ltr'>indices</span> <span class='ocrx_word' id='word_1_226' title='bbox 554 2862 633 2921; x_wconf 90' lang='lat' dir='ltr'>boni</span> <span class='ocrx_word' id='word_1_227' title='bbox 655 2861 786 2939; x_wconf 90' lang='lat' dir='ltr'>quidem</span> <span class='ocrx_word' id='word_1_228' title='bbox 812 2868 905 2930; x_wconf 81' lang='lat' dir='ltr'>runt,</span> <span class='ocrx_word' id='word_1_229' title='bbox 936 2857 989 2914; x_wconf 87' lang='lat' dir='ltr'>scd</span> <span class='ocrx_word' id='word_1_230' title='bbox 1010 2875 1081 2934; x_wconf 78' lang='lat' dir='ltr'>par-</span> 
     </span>
     <span class='ocr_line' id='line_1_31' title="bbox 23 2942 1082 3026; baseline -0.005 -23"><span class='ocrx_word' id='word_1_231' title='bbox 23 2942 33 3003; x_wconf 81' lang='lat' dir='ltr'>i</span> <span class='ocrx_word' id='word_1_232' title='bbox 63 2948 114 3006; x_wconf 84' lang='lat' dir='ltr'>tim</span> <span class='ocrx_word' id='word_1_233' title='bbox 142 2948 243 3007; x_wconf 87' lang='lat' dir='ltr'>nimis</span> <span class='ocrx_word' id='word_1_234' title='bbox 270 2946 405 3024; x_wconf 81' lang='lat' dir='ltr'>prolixi,</span> <span class='ocrx_word' id='word_1_235' title='bbox 443 2946 561 3026; x_wconf 85' lang='lat' dir='ltr'>partim</span> <span class='ocrx_word' id='word_1_236' title='bbox 593 2949 721 3018; x_wconf 88' lang='lat' dir='ltr'>manei;</span> <span class='ocrx_word' id='word_1_237' title='bbox 752 2957 799 3004; x_wconf 86' lang='lat' dir='ltr'>est</span> <span class='ocrx_word' id='word_1_238' title='bbox 832 2945 886 3002; x_wconf 91' lang='lat' dir='ltr'>ubi</span> <span class='ocrx_word' id='word_1_239' title='bbox 917 2943 1014 3000; x_wconf 82' lang='lat' dir='ltr'>etiam</span> <span class='ocrx_word' id='word_1_240' title='bbox 1044 2942 1082 2999; x_wconf 83' lang='lat' dir='ltr'>in</span> 
     </span>
     <span class='ocr_line' id='line_1_32' title="bbox 23 3024 1080 3109; baseline -0.007 -22"><span class='ocrx_word' id='word_1_241' title='bbox 23 3024 34 3109; x_wconf 42' lang='lat'>&#39;2</span> <span class='ocrx_word' id='word_1_242' title='bbox 64 3034 197 3093; x_wconf 88' lang='lat' dir='ltr'>numeris</span> <span class='ocrx_word' id='word_1_243' title='bbox 220 3031 386 3092; x_wconf 82' lang='lat' dir='ltr'>nonnullis</span> <span class='ocrx_word' id='word_1_244' title='bbox 414 3032 591 3091; x_wconf 84' lang='lat' dir='ltr'>indicandis</span> <span class='ocrx_word' id='word_1_245' title='bbox 614 3034 729 3092; x_wconf 85' lang='lat' dir='ltr'>vitiosi.</span> <span class='ocrx_word' id='word_1_246' title='bbox 771 3029 916 3088; x_wconf 86' lang='lat' dir='ltr'>indicem</span> <span class='ocrx_word' id='word_1_247' title='bbox 940 3025 1080 3082; x_wconf 80' lang='lat' dir='ltr'>Graeco-</span> 
     </span>
     <span class='ocr_line' id='line_1_33' title="bbox 23 3112 1081 3197; baseline -0.008 -24"><span class='ocrx_word' id='word_1_248' title='bbox 23 3114 34 3133; x_wconf 91' lang='grc'>·“</span> <span class='ocrx_word' id='word_1_249' title='bbox 63 3135 125 3177; x_wconf 84' lang='lat' dir='ltr'>rum</span> <span class='ocrx_word' id='word_1_250' title='bbox 152 3115 323 3177; x_wconf 81' lang='lat' dir='ltr'>verborum</span> <span class='ocrx_word' id='word_1_251' title='bbox 351 3115 422 3176; x_wconf 83' lang='lat' dir='ltr'>fere</span> <span class='ocrx_word' id='word_1_252' title='bbox 450 3117 667 3197; x_wconf 80' lang='lat' dir='ltr'>neglexerant.</span> <span class='ocrx_word' id='word_1_253' title='bbox 712 3116 804 3193; x_wconf 88' lang='lat' dir='ltr'>Quae</span> <span class='ocrx_word' id='word_1_254' title='bbox 833 3113 951 3187; x_wconf 88' lang='lat' dir='ltr'>reliqui</span> <span class='ocrx_word' id='word_1_255' title='bbox 978 3112 1081 3167; x_wconf 79' lang='lat' dir='ltr'>inter·</span> 
     </span>
     <span class='ocr_line' id='line_1_34' title="bbox 63 3193 1081 3281; baseline -0.007 -24"><span class='ocrx_word' id='word_1_256' title='bbox 63 3197 157 3277; x_wconf 82' lang='lat' dir='ltr'>pretet</span> <span class='ocrx_word' id='word_1_257' title='bbox 186 3205 376 3271; x_wconf 86' lang='lat' dir='ltr'>continent,</span> <span class='ocrx_word' id='word_1_258' title='bbox 412 3214 524 3261; x_wconf 87' lang='lat' dir='ltr'>notatu</span> <span class='ocrx_word' id='word_1_259' title='bbox 554 3201 670 3281; x_wconf 87' lang='lat' dir='ltr'>digna,</span> <span class='ocrx_word' id='word_1_260' title='bbox 709 3203 743 3259; x_wconf 90' lang='lat' dir='ltr'>in</span> <span class='ocrx_word' id='word_1_261' title='bbox 773 3195 936 3258; x_wconf 85' lang='lat' dir='ltr'>indicibus</span> <span class='ocrx_word' id='word_1_262' title='bbox 963 3193 1081 3251; x_wconf 80' lang='lat' dir='ltr'>nostris</span> 
     </span>
     <span class='ocr_line' id='line_1_35' title="bbox 20 3275 1080 3367; baseline -0.008 -24"><span class='ocrx_word' id='word_1_263' title='bbox 20 3292 24 3367; x_wconf 67' lang='lat' dir='ltr'>J</span> <span class='ocrx_word' id='word_1_264' title='bbox 64 3290 151 3346; x_wconf 84' lang='lat' dir='ltr'>etiarn</span> <span class='ocrx_word' id='word_1_265' title='bbox 172 3287 316 3347; x_wconf 85' lang='lat' dir='ltr'>invenies</span> <span class='ocrx_word' id='word_1_266' title='bbox 338 3287 485 3348; x_wconf 85' lang='lat' dir='ltr'>indicata.</span> <span class='ocrx_word' id='word_1_267' title='bbox 528 3285 615 3347; x_wconf 84' lang='lat' dir='ltr'>Haec</span> <span class='ocrx_word' id='word_1_268' title='bbox 636 3287 704 3343; x_wconf 84' lang='lat' dir='ltr'>iere</span> <span class='ocrx_word' id='word_1_269' title='bbox 734 3298 825 3353; x_wconf 89' lang='lat' dir='ltr'>sunt,</span> <span class='ocrx_word' id='word_1_270' title='bbox 857 3280 995 3362; x_wconf 86' lang='lat' dir='ltr'>quaein</span> <span class='ocrx_word' id='word_1_271' title='bbox 1018 3275 1080 3335; x_wconf 87' lang='lat' dir='ltr'>hae</span> 
     </span>
     <span class='ocr_line' id='line_1_36' title="bbox 20 3372 368 3452; baseline 0.009 -23"><span class='ocrx_word' id='word_1_272' title='bbox 20 3414 23 3421; x_wconf 84' lang='lat'>-</span> <span class='ocrx_word' id='word_1_273' title='bbox 64 3372 194 3432; x_wconf 87' lang='lat' dir='ltr'>editione</span> <span class='ocrx_word' id='word_1_274' title='bbox 215 3375 368 3452; x_wconf 85' lang='lat' dir='ltr'>praestiti.</span> 
     </span>
     <span class='ocr_line' id='line_1_37' title="bbox 22 3455 1080 3538; baseline -0.011 -21"><span class='ocrx_word' id='word_1_275' title='bbox 22 3460 26 3477; x_wconf 76' lang='lat'>⁵</span> <span class='ocrx_word' id='word_1_276' title='bbox 135 3458 204 3517; x_wconf 89' lang='lat' dir='ltr'>Iam</span> <span class='ocrx_word' id='word_1_277' title='bbox 226 3469 387 3538; x_wconf 76' lang='lat' dir='ltr'>superest,</span> <span class='ocrx_word' id='word_1_278' title='bbox 418 3471 453 3516; x_wconf 91' lang='lat' dir='ltr'>ut</span> <span class='ocrx_word' id='word_1_279' title='bbox 476 3456 514 3515; x_wconf 90' lang='lat' dir='ltr'>de</span> <span class='ocrx_word' id='word_1_280' title='bbox 540 3455 647 3512; x_wconf 81' lang='lat' dir='ltr'>Servio</span> <span class='ocrx_word' id='word_1_281' title='bbox 669 3456 736 3534; x_wconf 85' lang='lat' dir='ltr'>ipso</span> <span class='ocrx_word' id='word_1_282' title='bbox 760 3456 889 3528; x_wconf 88' lang='lat' dir='ltr'>eiusque</span> <span class='ocrx_word' id='word_1_283' title='bbox 912 3463 1080 3507; x_wconf 63' lang='lat' dir='ltr'>commenu</span> 
     </span>
     <span class='ocr_line' id='line_1_38' title="bbox 63 3534 1082 3620; baseline -0.01 -20"><span class='ocrx_word' id='word_1_284' title='bbox 63 3542 142 3602; x_wconf 87' lang='lat' dir='ltr'>tariis</span> <span class='ocrx_word' id='word_1_285' title='bbox 164 3555 197 3602; x_wconf 88' lang='lat' dir='ltr'>et</span> <span class='ocrx_word' id='word_1_286' title='bbox 212 3543 252 3600; x_wconf 89' lang='lat' dir='ltr'>de</span> <span class='ocrx_word' id='word_1_287' title='bbox 274 3543 409 3620; x_wconf 81' lang='lat' dir='ltr'>reliquia</span> <span class='ocrx_word' id='word_1_288' title='bbox 428 3539 667 3618; x_wconf 82' lang='lat' dir='ltr'>interpretibus,</span> <span class='ocrx_word' id='word_1_289' title='bbox 689 3559 825 3618; x_wconf 89' lang='lat' dir='ltr'>quorum</span> <span class='ocrx_word' id='word_1_290' title='bbox 849 3539 884 3594; x_wconf 92' lang='lat' dir='ltr'>in</span> <span class='ocrx_word' id='word_1_291' title='bbox 907 3534 966 3594; x_wconf 87' lang='lat' dir='ltr'>hoc</span> <span class='ocrx_word' id='word_1_292' title='bbox 983 3548 1082 3609; x_wconf 78' lang='lat' dir='ltr'>opere</span> 
     </span>
     <span class='ocr_line' id='line_1_39' title="bbox 64 3618 1081 3709; baseline -0.011 -25"><span class='ocrx_word' id='word_1_293' title='bbox 64 3640 128 3687; x_wconf 87' lang='lat' dir='ltr'>sunt</span> <span class='ocrx_word' id='word_1_294' title='bbox 162 3629 202 3686; x_wconf 89' lang='lat' dir='ltr'>ad</span> <span class='ocrx_word' id='word_1_295' title='bbox 235 3628 410 3709; x_wconf 81' lang='lat' dir='ltr'>Virgilium</span> <span class='ocrx_word' id='word_1_296' title='bbox 447 3627 680 3703; x_wconf 81' lang='lat' dir='ltr'>expositiones,</span> <span class='ocrx_word' id='word_1_297' title='bbox 721 3624 878 3702; x_wconf 85' lang='lat' dir='ltr'>quaedam</span> <span class='ocrx_word' id='word_1_298' title='bbox 908 3618 1081 3697; x_wconf 80' lang='lat' dir='ltr'>proferam,</span> 
     </span>
     <span class='ocr_line' id='line_1_40' title="bbox 62 3699 1081 3779; baseline -0.014 -8"><span class='ocrx_word' id='word_1_299' title='bbox 62 3714 130 3772; x_wconf 89' lang='lat' dir='ltr'>dein</span> <span class='ocrx_word' id='word_1_300' title='bbox 152 3713 191 3772; x_wconf 89' lang='lat' dir='ltr'>de</span> <span class='ocrx_word' id='word_1_301' title='bbox 214 3706 305 3771; x_wconf 85' lang='lat' dir='ltr'>codd.</span> <span class='ocrx_word' id='word_1_302' title='bbox 328 3727 360 3772; x_wconf 84' lang='lat' dir='ltr'>et</span> <span class='ocrx_word' id='word_1_303' title='bbox 381 3712 449 3771; x_wconf 83' lang='lat' dir='ltr'>edd.</span> <span class='ocrx_word' id='word_1_304' title='bbox 472 3713 631 3770; x_wconf 84' lang='lat' dir='ltr'>disseram.</span> <span class='ocrx_word' id='word_1_305' title='bbox 646 3742 688 3755; x_wconf 87' lang='lat'><em>-</em></span> <span class='ocrx_word' id='word_1_306' title='bbox 729 3708 874 3776; x_wconf 77' lang='lat' dir='ltr'>Seruiur,</span> <span class='ocrx_word' id='word_1_307' title='bbox 899 3705 988 3763; x_wconf 84' lang='lat' dir='ltr'>ctrina</span> <span class='ocrx_word' id='word_1_308' title='bbox 1010 3699 1081 3779; x_wconf 85' lang='lat' dir='ltr'>ple-</span> 
     </span>
     <span class='ocr_line' id='line_1_41' title="bbox 27 3783 1081 3873; baseline -0.013 -16"><span class='ocrx_word' id='word_1_309' title='bbox 27 3816 30 3821; x_wconf 87' lang='lat'>·</span> <span class='ocrx_word' id='word_1_310' title='bbox 60 3819 130 3858; x_wconf 88' lang='lat' dir='ltr'>num</span> <span class='ocrx_word' id='word_1_311' title='bbox 162 3816 283 3857; x_wconf 90' lang='lat' dir='ltr'>nomen</span> <span class='ocrx_word' id='word_1_312' title='bbox 314 3799 416 3856; x_wconf 81' lang='lat' dir='ltr'>fertur</span> <span class='ocrx_word' id='word_1_313' title='bbox 445 3796 586 3857; x_wconf 81' lang='lat' dir='ltr'>Maurus</span> <span class='ocrx_word' id='word_1_314' title='bbox 613 3797 677 3852; x_wconf 85' lang='lat' dir='ltr'>sive</span> <span class='ocrx_word' id='word_1_315' title='bbox 700 3792 833 3854; x_wconf 79' lang='lat' dir='ltr'>Marius</span> <span class='ocrx_word' id='word_1_316' title='bbox 854 3783 1081 3873; x_wconf 71' lang='lat' dir='ltr'>ServiusHo-</span> 
     </span>
     <span class='ocr_line' id='line_1_42' title="bbox 60 3868 1081 3960; baseline -0.014 -16"><span class='ocrx_word' id='word_1_317' title='bbox 60 3899 210 3957; x_wconf 81' lang='lat' dir='ltr'>roratur,</span> <span class='ocrx_word' id='word_1_318' title='bbox 235 3901 296 3960; x_wconf 87' lang='lat' dir='ltr'>qua</span> <span class='ocrx_word' id='word_1_319' title='bbox 318 3895 424 3942; x_wconf 88' lang='lat' dir='ltr'>aetate</span> <span class='ocrx_word' id='word_1_320' title='bbox 447 3886 577 3949; x_wconf 74' lang='lat' dir='ltr'>vixerit,</span> <span class='ocrx_word' id='word_1_321' title='bbox 600 3901 665 3938; x_wconf 89' lang='lat' dir='ltr'>non</span> <span class='ocrx_word' id='word_1_322' title='bbox 690 3890 774 3937; x_wconf 76' lang='lat' dir='ltr'>cci-to</span> <span class='ocrx_word' id='word_1_323' title='bbox 796 3878 927 3957; x_wconf 82' lang='lat' dir='ltr'>constat.</span> <span class='ocrx_word' id='word_1_324' title='bbox 972 3868 1081 3930; x_wconf 80' lang='lat' dir='ltr'>secuti</span> 
     </span>
     <span class='ocr_line' id='line_1_43' title="bbox 59 3957 1082 4047; baseline -0.018 -19"><span class='ocrx_word' id='word_1_325' title='bbox 59 3969 105 4028; x_wconf 83' lang='lat' dir='ltr'>tv.</span> <span class='ocrx_word' id='word_1_326' title='bbox 128 3971 279 4030; x_wconf 84' lang='lat' dir='ltr'>exeuntis</span> <span class='ocrx_word' id='word_1_327' title='bbox 296 3960 526 4047; x_wconf 83' lang='lat' dir='ltr'>grammaticus</span> <span class='ocrx_word' id='word_1_328' title='bbox 547 3966 645 4025; x_wconf 86' lang='lat' dir='ltr'>luisse</span> <span class='ocrx_word' id='word_1_329' title='bbox 663 3964 798 4036; x_wconf 87' lang='lat' dir='ltr'>videtur,</span> <span class='ocrx_word' id='word_1_330' title='bbox 819 3960 960 4038; x_wconf 86' lang='lat' dir='ltr'>aequalis</span> <span class='ocrx_word' id='word_1_331' title='bbox 978 3957 1082 4015; x_wconf 89' lang='lat' dir='ltr'>maior</span> 
     </span>
     <span class='ocr_line' id='line_1_44' title="bbox 59 4041 1116 4134; baseline -0.021 -15"><span class='ocrx_word' id='word_1_332' title='bbox 59 4068 133 4119; x_wconf 77' lang='lat' dir='ltr'>natu</span> <span class='ocrx_word' id='word_1_333' title='bbox 156 4056 339 4126; x_wconf 79' lang='lat' dir='ltr'>Macrobii,</span> <span class='ocrx_word' id='word_1_334' title='bbox 359 4057 416 4134; x_wconf 88' lang='lat' dir='ltr'>qui</span> <span class='ocrx_word' id='word_1_335' title='bbox 437 4051 581 4114; x_wconf 81' lang='lat' dir='ltr'>Serrium</span> <span class='ocrx_word' id='word_1_336' title='bbox 603 4048 778 4131; x_wconf 86' lang='lat' dir='ltr'>quendam,</span> <span class='ocrx_word' id='word_1_337' title='bbox 802 4045 932 4125; x_wconf 80' lang='lat' dir='ltr'>Virgilii</span> <span class='ocrx_word' id='word_1_338' title='bbox 952 4041 1083 4102; x_wconf 77' lang='lat' dir='ltr'>fortasse</span> <span class='ocrx_word' id='word_1_339' title='bbox 1112 4074 1116 4083; x_wconf 81' lang='lat'>·</span> 
     </span>
    </p>
   </div>
   <div class='ocr_carea' id='block_1_3' title="bbox 0 0 1235 4500">
    <p class='ocr_par' dir='ltr' id='par_1_3' title="bbox 0 0 1235 4500">
     <span class='ocr_line' id='line_1_45' title="bbox 0 0 1235 4500; baseline 0 0"><span class='ocrx_word' id='word_1_340' title='bbox 0 0 1235 4500; x_wconf 95' lang='lat' dir='ltr'> </span> 
     </span>
    </p>
   </div>
  </div>
 </body>
</html>
