2454 4500
916 140 920 175 Ι

175 297 211 340 n
230 254 388 339 smmi.
409 234 584 337 suumn.
606 269 686 334 tta.
710 270 751 348 x,
774 271 971 341 osas-sss·
1031 272 1095 336 ooo

10 486 37 517 τι
63 461 148 519 ordo:
163 460 208 512 Tu
224 476 334 531 quoque
350 459 444 530 Cydon
463 457 620 512 miserande
636 458 742 511 iaceres
759 456 826 511 dum
842 451 964 524 sequeris
981 450 1096 531 Glitium

10 556 49 586 :u
62 533 211 585 flaventem
227 532 320 597 prima
337 530 468 598 lanugine
485 530 580 592 malas,
595 528 614 579 i.
631 538 655 580 e‘.
672 528 738 579 dum
756 526 959 579 adolescentem
976 528 1097 586 sectans,

10 624 37 655 ες
64 602 143 651 cuius
166 614 261 650 amore
292 598 443 667 flagrabas:
477 597 537 665 Qui
567 599 700 647 iuvenum
725 597 779 651 tibi
803 610 909 645 semer
932 587 1039 653 erant]
1063 617 1098 625 -
1171 598 1176 612 ⁸

27 668 37 725 μ’
63 673 127 727 323
153 667 274 736 [infelix
307 685 379 718 noua
404 666 512 734 gaudia
538 662 651 731 Cydam
683 664 718 716 de
739 656 917 715 Cretensibus
947 658 1100 735 accipimus

23 751 32 795 ¹,
85 735 141 787 uod
155 735 183 788 isi
196 752 305 787 amores
322 751 474 804 puerorum
490 735 707 801 intemperantes
723 733 850 796 fuerunt,
867 727 943 798 quod
957 734 1051 806 postet
1067 726 1098 776 in

10 832 36 865 ,ς
61 752 203 871 laconas,
226 812 253 856 et
269 805 404 859 intutam
423 802 572 854 Graeciam
595 802 760 854 translatum
777 807 834 863 est,
854 799 924 850 adeo
951 804 981 845 ut
998 796 1097 846 Cicero

23 893 31 936 ¹,
62 872 142 925 dicat
160 872 191 922 in
209 873 288 924 libris
304 873 347 925 De
368 873 536 942 Republica:
564 871 722 938 Opprcbria
743 868 840 939 fuisse
865 865 1099 944 adolescentibus,

10 970 28 1000 τ
63 944 100 993 si*
113 952 250 992 amatores
268 959 325 993 non
343 939 485 992 baberent.
518 939 634 1009 Propter
652 937 726 1006 quod
753 943 835 1004 po'e‘ta
853 936 996 1004 Cydonem
1019 933 1099 983 tndu³

18 1038 31 1070 e
58 1010 106 1063 nit
122 1017 280 1061 amatorem.
314 1009 444 1060 Novimus
468 1016 577 1074 autem,
604 1008 730 1076 Cydonas
754 1007 898 1059 Cretenses
923 1003 984 1054 dici.
1027 1000 1123 1078 Sane,
1158 1020 1161 1031 ¹

10 1090 26 1139 ’μ
63 1077 167 1146 Cydon
185 1079 290 1158 quando
307 1094 411 1129 nomen
428 1085 470 1130 est
485 1077 647 1145 proprium,
671 1093 706 1144 cy
729 1075 893 1127 naturaliter
911 1070 1050 1149 producit:
1076 1068 1098 1119 si

10 1179 22 1206 ‚·..
62 1146 272 1217 appellativum,
295 1146 412 1215 corripit
435 1162 477 1214 oy.
513 1146 549 1195 Ut
566 1145 637 1212 (12,
652 1142 744 1205 8580:
773 1141 894 1194 Parthus
918 1143 976 1192 sive
996 1139 1099 1220 ¹Cydon

12 1250 17 1256 ·
62 1216 153 1268 telum
171 1215 373 1267 immedicabile
391 1217 482 1265 torsit.
516 1214 624 1266 Tamen
641 1213 741 1264 Statius
757 1213 844 1264 etiam
860 1213 891 1263 in
926 1224 1020 1279 roprio
1039 1218 1100 1258 cor-

11 1278 14 1282 ’
62 1285 168 1353 ripuit,
189 1290 221 1333 ut
240 1283 347 1350 (Theb.
370 1291 403 1348 2,
419 1282 514 1346 623.):
543 1282 622 1333 Haec
647 1283 707 1350 regi
730 1285 872 1349 promissa
898 1229 1013 1358 didon„
1031 1276 1099 1327 baec

61 1350 174 1420 Lampe
187 1350 330 1404 dabamus.
350 1396 353 1401 .
362 1350 445 1472 ssuod
457 1350 524 1404 fecit
540 1352 656 1404 abutens
672 1351 794 1417 licentia,
811 1368 866 1421 qua
882 1350 987 1399 utimur
1004 1364 1033 1398 in
1050 1360 1100 1397 no·

62 1420 191 1475 minibus
204 1419 329 1490 propriis.
393 1437 445 1470 ova
458 1422 584 1487 gaudia,-
599 1436 666 1489 ergo
683 1436 768 1488 quern
785 1427 846 1470 tum
864 1419 987 1486 primum
1003 1431 1100 1466 amere
1210 1464 1218 1475 ,

60 1496 204 1559 meperat
221 1513 252 1526 ·-
286 1493 348 1548 326.
365 1488 492 1554 Stratus,-
511 1489 589 1542 deest
602 1506 697 1556 paene.
731 1488 866 1558 [Securus
884 1485 1100 1555 amorum;1;hoc
1184 1541 1185 1544 Ἴ

61 1557 145 1624 loco,
167 1558 181 1590 *
197 1556 356 1625 (indulgens)
372 1555 453 1608 aliter
466 1557 617 1635 11,'350.):
640 1557 761 1623 Securus
772 1572 916 1617 ,asnorum
936 1555 1102 1618 Germanae,

61 1624 96 1678 i.'
112 1643 137 1677 e.
160 1633 349 1690 contemnens,
371 1640 428 1677 non
452 1625 577 1691 curans]
616 1625 797 1691 Miseraude3
828 1642 879 1694 pro
912 1625 1100 1691 miserandus.

60 1693 141 1746 Nam
158 1708 209 1764 pro
225 1694 391 1746 nominativo
407 1695 560 1751 vocativum
577 1692 681 1762 posuit:
699 1703 730 1745 ut
746 1703 844 1747 contra
861 1699 923 1761 (12,
940 1694 1027 1757 192.):
1050 1691 1100 1743 So-

60 1778 117 1813 cer
139 1779 220 1814 arma
237 1760 358 1814 Latinus
381 1761 497 1827 habeto,
523 1763 589 1815 licet
609 1763 666 1815 illio
689 1763 775 1831 possit
797 1762 900 1834 accipi,
920 1761 1003 1813 Socer
1021 1776 1101 1824 arma

61 1826 183 1882 Latinus
205 1831 311 1883 habeat.
344 1831 419 1882 Nam
442 1830 540 1883 habeta
565 1831 595 1882 et
617 1832 737 1895 secunda
762 1839 790 1883 et
811 1833 1029 1901 tertia-persona
1052 1838 1101 1882 est.

55 1898 176 1953 ,Tamen
193 1900 275 1957 etiam
296 1898 347 1968 [et]
372 1899 657 1965 alibinominetitum
679 1916 731 1971 pro
748 1901 869 1952 vocativo
886 1901 991 1969 posuit,
1018 1906 1049 1951 ut
1066 1903 1102 1965 (8,

57 1969 139 2030 77·)=
167 1968 300 2035 Corniger
316 1967 504 2036 Hesperidum
515 1969 633 2038 fluvius
652 1981 784 2036 regnator
801 1987 950 2037 aquarum.
968 1995 1002 2006 -
1038 1972 1100 2024 328.

59 2036 176 2103 stipata
197 2037 308 2100 cobors3
332 2037 368 2105 [i.
385 2037 419 2103 e]
438 2038 608 2091 unanimiter
624 2038 745 2091 veniens.
762 2066 797 2078 -
833 2044 903 2107 329„
914 2039 1028 2105 [Septem
1047 2054 1100 2086 nu-

59 2098 158 2171 iaera·
176 2105 231 2157 hoo
248 2112 285 2156 est
300 2121 352 2173 pro
370 2118 486 2174 septem,
502 2113 530 2157 et
547 2107 623 2159 deest
640 2108 725 2175 quia,
741 2115 846 2160 veteres
867 2108 944 2159 enirn
958 2108 1000 2158 ita
1014 2121 1101 2158 enun-

49 2174 182 2227 .,tiabant.
217 2173 335 2226 Lucilius
356 2175 388 2227 in
411 2176 469 2226 IV.:
494 2175 537 2226 Hi
560 2194 626 2242 prae
652 2193 681 2227 se
704 2188 818 2241 portant
841 2178 969 2243 ingentes
988 2191 1101 2224 munere

51 2244 158 2320 pisces
176 2241 306 2310 OE'riginte
325 2260 451 2294 numero.
488 2244 529 2296 An
546 2245 637 2312 potius
654 2243 785 2315 proprie?
803 2244 943 2297 Credibile
960 2251 1001 2296 est
1017 2244 1103 2308 euim,

59 2318 98 2361 ast
114 2310 221 2379 saepius
237 2311 371 2377 iecerint]
405 2312 575 2379 septenaque
592 2315 664 2378 tela,-
691 2328 771 2365 more
788 2329 837 2364 suo
854 2330 907 2382 pro
932 2326 1047 2383 septem,
1071 2320 1103 2362 ut

25 2390 31 2397 '
61 2379 137 2433 bina
155 2395 207 2446 pro
231 2381 340 2430 duobus
364 2380 523 2451 [(8,168.):
546 2381 693 2452 Frenaque
717 2381 805 2447 bina]
822 2412 857 2422 -
898 2391 959 2441 331.
977 2382 1103 2451 Desierat

61 2456 135 2511 etc.;
150 2448 284 2516 [quidam
308 2445 527 2518 supersederint
544 2459 657 2521 putant,
681 2447 700 2504 ii
723 2468 747 2504 e.
771 2452 829 2503 iam
851 2452 1030 2521 stringentia:
1055 2446 1102 2502 alii

10 2558 17 2566 .
58 2516 246 2587 participium
263 2533 390 2587 praesens
406 2535 457 2590 pro
474 2523 567 2571 futuro
585 2520 739 2588 accipiunt,
762 2520 781 2571 i.
799 2539 839 2584 e.,
856 2536 926 2589 quae
943 2520 995 2571 nisi
1013 2527 1104 2571 essent

63 2584 175 2637 deflexa
190 2585 326 2652 stringere
339 2588 496 2641 habuerant
512 2587 617 2655 (deb.)].
653 2588 730 2640 Male
752 2589 792 2639 ait
808 2589 945 2654 Donatus,
969 2589 1023 2639 hoc
1039 2588 1101 2638 loco

61 2653 273 2720 antedictorum
291 2655 405 2706 oblitum
423 2672 480 2709 esse
496 2656 658 2724 Virgilium,
681 2657 756 2724 quod
777 2665 839 2725 post
854 2658 922 2708 Iovis
939 2656 1101 2729 prohibitio-

63 2736 137 2789 nem
153 2722 233 2774 bellis
249 2719 317 2773 fa'cit
332 2724 446 2775 numina
468 2725 617 2788 interesse,
641 2739 698 2775 non
721 2725 872 2791 respitiens
895 2726 988 2775 Iovem
1012 2724 1102 2790 magis
1152 2747 1154 2752 ·

63 2791 135 2842 eleos
150 2791 292 2842 hortatum
310 2807 368 2841 esse
380 2793 411 2842 in
426 2792 557 2856 foedera,
580 2808 664 2859 quarn
681 2809 698 2842 a
721 2791 800 2846 bellis
817 2793 996 2862 prohibuisse.
1029 2795 1103 2844 Nam

49 2860 202 2931 “etrpaulo
226 2866 289 2928 post
310 2856 362 2926 [et]
382 2868 440 2910 tam
455 2861 526 2911 luno
543 2876 630 2928 quam
646 2861 762 2914 Iuturna
785 2862 866 2913 bellis
886 2863 1051 2916 intererunt.
1069 2888 1104 2899 -

52 2936 133 2986 ¹332.
151 2927 291 2992 Acbatan3
316 2928 407 2980 omnia
424 2929 539 2981 nomina
557 2943 628 2996 qsrae
652 2930 682 2981 in
706 2941 746 2980 tes
763 2939 878 2996 exeunt,
903 2932 1057 2991 vocativum
1073 2931 1103 2982 in

65 3015 87 3047 a
112 2996 240 3057 mittunt,
270 3002 302 3060 ut
322 2995 451 3063 Achates,
474 2997 598 3062 Achata,
630 2996 784 3065 Timoetes,
808 2999 943 3052 Timoeta.
967 3027 1000 3038 -
1041 3006 1104 3058 333.

67 3064 264 3133 Suggeretela
283 3064 369 3127 mibi3
387 3066 453 3118 ordo
470 3064 667 3133 estz'Suggere
683 3067 738 3119 tela
755 3068 840 3133 mihi,
864 3086 935 3138 quae
952 3069 981 3120 in
999 3068 1105 3139 campis

65 3135 158 3187 Iliacis
174 3135 204 3199 in
222 3131 398 3185 Graecorum
412 3141 513 3187 stetere
531 3134 702 3201 corporibus.
735 3136 851 3187 Nullum
867 3140 943 3191 enim
960 3155 1025 3191 mee
1042 3138 1105 3189 dex·
1179 3179 1183 3185 .

67 3210 130 3254 tera
153 3203 183 3253 iu
199 3200 316 3252 Rutulos
340 3201 400 3255 sine
422 3220 503 3255 causa
528 3202 693 3255 iaculabitur
716 3205 804 3257 telum
821 3221 934 3271 eorum,
957 3225 1029 3276 quae
1046 3206 1104 3258 iam

65 3278 134 3322 sunt
148 3269 234 3322 caede
249 3269 372 3322 hostium
388 3271 576 3340 comprobata.
610 3271 676 3341 [Qui
691 3288 764 3324 ‘vero
782 3286 968 3344 steteruntque
987 3274 1028 3327 in'
1043 3292 1103 3327 cor-

37 3358 42 3363 ·
69 3357 136 3406 pore
157 3338 277 3390 Graium
296 3356 346 3406 per
363 3339 600 3411 coniunctionem,
624 3356 683 3392 nou
698 3357 750 3410 per
766 3359 924 3412 pronomen
940 3346 1051 3412 legunt,
1074 3343 1105 3395 hi

68 3424 162 3476 neque
179 3406 224 3458 'sic
246 3407 322 3459 haud
345 3409 469 3461 debuisse
491 3409 546 3460 dici
569 3416 682 3491 putant,
705 3417 735 3462 et
756 3420 893 3465 mutatam
910 3430 927 3465 a
943 3418 1023 3484 podia
1040 3427 1106 3464 con·

10 3484 20 3541 ζ
68 3476 248 3530 iunctionem.
288 3477 342 3529 Alii
365 3494 418 3545 que
440 3477 664 3530 coniunctionem
687 3494 739 3549 pro
764 3483 838 3532 enim
863 3490 983 3552 ponunt,
1006 3488 1038 3532 ut
1062 3484 1106 3548 (7,

10 3582 25 3615 g.
67 3545 137 3604 bib:
162 3544 310 3613 Primaque
334 3552 429 3598 oriens
447 3558 537 3611 erepto
563 3548 678 3598 iuventa
704 3560 803 3599 est-
837 3557 901 3608 336.
919 3546 1106 3603 Transverbe·

10 3620 42 3681 :a
70 3625 132 3678 ται,-
150 3614 256 3666 scindit.
268 3640 304 3651 -
337 3621 398 3673 338.
417 3613 505 3683 [Huic
517 3614 613 3682 frater
625 3617 717 3684 subit3
736 3617 805 3669 buia
821 3620 907 3683 subit,
922 3619 941 3670 i.
958 3636 983 3672 e.
998 3615 1106 3690 prope]

10 3684 17 3701 ²
68 3708 107 3722 ·-
150 3688 212 3741 339.
238 3681 367 3735 Treiecto
396 3686 483 3747 missa
509 3685 629 3748 lacert03
654 3700 725 3753 quae
748 3688 840 3739 fuerat
862 3689 944 3738 missa
965 3695 1107 3739 retroacto

53 3750 182 3803 lacerto.
206 3777 242 3788 -
287 3755 349 3808 340.
374 3751 525 3817 Protinus,·
549 3753 665 3821 iugiter,
688 3756 826 3808 continue.
870 3755 1021 3819 Terrorem:
1045 3772 1107 3807 cur-

66 3816 149 3872 iaudi
167 3821 297 3882 modum,
314 3821 344 3889 [i.
361 3839 384 3874 e.
402 3821 501 3872 eodem
517 3821 625 3887 impetu
641 3822 750 3942 semri]
765 3850 799 3860 -
834 3828 896 3880 341.
913 3823 1106 3887 Moribunda3

66 3889 202 3940 morienti
218 3887 323 3939 similis.
357 3889 436 3958 Quod
453 3889 493 3940 ita
509 3905 568 3941 esse
588 3890 671 3942 etiarn
689 3889 827 3942 Salustius
843 3893 978 3959 ostendit,
1003 3892 1051 3962 qui
1068 3892 1109 3943 ait

63 3959 134 4025 (lug.
144 3956 211 4017 38.):
229 3955 324 4021 Quasi
336 3960 511 4026 uitabundus
527 3974 576 4024 per
595 3961 721 4010 tramites
735 3971 760 4010 et
775 3961 902 4011 saltuosa
922 3962 965 4028 (al
983 3959 1106 4021 occulta)

63 4028 130 4081 toea
154 4028 308 4089 eternium
332 4027 457 4090 ¹dssctare.
505 4026 579 4082 Nam
600 4027 735 4099 Iugurtha
758 4045 816 4084 uon
840 4031 945 4084 vitabat
973 4029 1106 4100 legatum,
