2454 4500
15 232 18 237 ⁸
79 300 80 305 Ν
143 283 210 353 ua
322 259 543 361 ,saum
566 221 921 339 conunuraums
968 354 974 371 Ι

150 459 260 535 'giratur
290 471 387 514 nostru
419 463 541 514 carinae.
588 458 632 512 Sic
662 468 691 516 et
716 460 853 514 Vulcanus
871 451 1051 530 ‚respondent
1081 454 1181 517 Veneri

151 531 258 584 arrnari
272 529 361 582 filium
377 529 524 600 postulanti
540 529 724 583 conditionale
746 532 836 584 fatum
858 529 961 581 adserit
983 529 1070 581 fruare
1087 525 1181 579 'l'roia-

150 600 209 666 nie,
237 605 269 649 ut
291 597 315 649 si
336 600 441 651 Aeneas
463 597 626 655 coelestibus
651 598 737 655 armis
759 599 856 650 fuisset
878 603 1017 662 armatus,
1040 610 1129 649 annos
1150 592 1180 646 Χζ
1223 612 1226 621 ·

93 665 95 669 ’
151 666 225 720 ultra
242 682 328 736 quam
343 665 418 718 stetit
434 662 664 732 Troiaduraret,
686 683 738 720 nec
755 666 880 718 Priamus
897 673 961 718 ante
978 665 1057 717 idem
1074 672 1180 734 tempus

152 736 349 806 periretrquo
372 734 509 810 praesidio,
530 735 725 806 praetermisso
747 736 954 856 Eraeparandae
978 733 1121 786 Troianae
1141 731 1179 783 ie
1219 760 1226 767 -

150 804 320 861 columitatis
344 805 460 859 extincta
476 805 597 856 conditio
621 812 676 870 eat,
699 812 727 857 et
770 816 803 856 oe
821 803 952 874 estquod
968 803 1010 854 ait
1028 808 1082 870 (8,
1100 799 1178 859 396i=

63 881 68 885 '
153 871 265 926 simius
282 874 310 924 si
328 887 396 923 cura
415 872 539 941 fuisset,·
564 873 682 942 etquod
698 873 778 938 dicit,
801 871 858 924 Far
881 873 978 936 nobis,
996 879 1049 924 ete.
1072 870 1127 922 hoc
1143 871 1177 918 ert

152 958 204 1015 per
220 942 278 994 fata
292 940 425 993 licuisset:
451 940 480 992 Si
491 942 571 993 'enim
587 944 664 996 nefas
682 949 722 994 est
738 941 849 996 obviare
865 941 944 1006 fatis,
965 941 1008 991 faa
1033 945 1078 992 est
1100 950 1175 988 omas

174 1008 229 1062 uod
245 1009 423 1082 permittente
445 1006 568 1062 satorum
589 1011 651 1079 lege
669 1017 831 1078 praestatur.
865 1010 942 1079 Ergo
958 1023 1052 1060 sensus
1069 1006 1115 1058 hic
1131 1009 1175 1057 est:

153 1027 230 1131 dura
246 1095 317 1148 quae
338 1077 391 1129 tibi
406 1094 480 1130 nunc
497 1087 551 1144 est,
573 1079 597 1129 si
619 1086 708 1130 stante
725 1078 811 1130 Troia
833 1077 943 1144 fuisset,
964 1075 1073 1128 armari
1095 1072 1173 1126 lilium

152 1152 233 1199 tuum
249 1146 320 1198 mihi
337 1162 392 1214 per¹
404 1148 460 1199 fata
475 1147 607 1213 licuisset,
630 1155 745 1216 propter
768 1146 906 1198 rationem
931 1146 1036 1197 seilicet
1050 1140 1173 1197 coriditia·
1200 1168 1202 1177 ·

153 1214 224 1270 uelis
240 1216 291 1267 fati
308 1221 336 1266 et
352 1211 436 1267 vitam
452 1215 570 1281 Priami,
593 1222 622 1268 et
644 1232 732 1284 regna
749 1214 850 1268 Troiae
874 1222 934 1267 tam
951 1215 1077 1285 Iuppiter
1099 1216 1171 1280 qurun
1224 1239 1226 1247 ·

106 1312 110 1317 ·
153 1284 212 1336 lata
228 1290 392 1348 serrassent,
415 1299 480 1336 cum
496 1277 553 1336 hoc‘
566 1283 671 1336 decreti
687 1283 812 1337 condicio
829 1284 993 1336 contineret.
1030 1283 1106 1350 Ergo
1128 1287 1171 1330 suu
1225 1332 1226 1339 ,

154 1354 328 1419 iuuenique
352 1352 427 1416 dies,
450 1359 498 1403 aut
521 1352 707 1405 denuntiativo
729 1354 787 1417 fato
812 1360 840 1407 et
861 1350 1048 1404 mutationem
1072 1347 1170 1400 omniuo
1225 1381 1226 1410 2

153 1435 213 1474 non
228 1420 341 1490 recipit,
364 1428 413 1471 aut
428 1418 611 1475 condicionali
634 1428 662 1474 at
684 1421 707 1472 si
731 1428 858 1474 eventum
875 1421 997 1472 alterum
1014 1434 1092 1470 casus
1108 1415 1179 1469 sidtu-¹
1225 1452 1226 1460 ,

152 1485 234 1554 lerit,
258 1503 315 1539 non
336 1486 462 1556 inspecta
484 1489 528 1542 die
552 1489 723 1543 acceleratur
746 1489 885 1541 interitus:
915 1489 991 1557 quod
1015 1502 1083 1555 ergo
1106 1483 1170 1536 dixit:

153 1555 230 1612 Nam
249 1559 317 1625 quia
336 1573 384 1607 nco
397 1557 480 1625 feto,
498 1561 596 1609 merite
615 1575 664 1609 nec
683 1570 766 1608 morta
784 1558 904 1625 peribat,
927 1557 994 1607 nolo
1011 1557 1091 1608 illum
1107 1559 1190 1624 putet.

153 1625 282 1686 universa
313 1625 495 1678 confundere:
527 1626 570 1681 Ilii
599 1628 676 1679 euim
699 1626 827 1680 dicuntur
857 1641 914 1678 non
938 1625 997 1676 fato
1026 1624 1116 1694 perire
1136 1614 1172 1670 ted
1207 1686 1210 1693 Ι

154 1693 274 1759 merito,
290 1694 356 1762 quia
372 1695 492 1746 maxima
507 1693 538 1746 in
555 1695 634 1759 deos,
651 1703 680 1748 et
697 1709 754 1746 non
769 1693 938 1762 ignoscenda
954 1694 1136 1753 comrnittimt,
1148 1691 1173 1736 ut

27 1730 59 1764 'x
99 1791 101 1794 ⁴
153 1760 328 1826 Salmoneus,
346 1769 376 1812 ut
391 1770 565 1831 contemptor
582 1763 675 1814 divum
691 1763 857 1840 Mezentius,
882 1769 911 1812 ut
929 1761 1090 1840 Tityru,·ut
1104 1757 1174 1819 ixion,

176 1845 224 1882 uos
248 1829 272 1882 si
294 1820 351 1882 fat'o
375 1829 473 1887 dixeris
498 1832 656 1901 oppetisse,
676 1847 854 1903 pugnaveris,
883 1847 951 1882 uam
975 1846 1024 1898 qru
1054 1826 1174 1902 exceduui

154 1847 335 1967 delinquendi
356 1899 471 1950 modum
499 1899 551 1970 ipsi
573 1899 627 1950 sibi
650 1915 770 1970 poenam
791 1899 931 1964 sancium,
962 1914 1048 1966 quam
1072 1898 1096 1948 si
1123 1895 1175 1947 fata

154 1966 348 2036 imputandam
372 1970 524 2036 putaveris,
547 1984 656 2025 excusae
679 1975 891 2039 peremptorum
913 1975 1039 2031 reatum,
1070 1965 1123 2018 hoc
1144 1966 1179 2013 est

155 2051 224 2102 ergo
241 2036 315 2103 quod
331 2034 410 2087 dicit:
434 2033 508 2086 Nem
527 2037 662 2104 quienec
674 2037 756 2105 fato,
781 2039 798 2087 i.
816 2054 840 2088 e.
859 2035 1061 2098 denuntiativo‚
1087 2032 1177 2083 merite

155 2119 207 2153 mo
233 2115 332 2169 morte,
355 2105 372 2154 i.
400 2121 422 2154 e.
448 2104 522 2156 nullo
544 2105 662 2165 immani
686 2105 804 2156 crimine
827 2105 987 2162 commiss03
1012 2103 1060 2154 sed
1086 2105 1180 2152 misem

157 2184 221 2220 anre
239 2172 311 2221 diem
329 2171 381 2222 hoc
399 2179 440 2221 est
456 2187 511 2222 uno
528 2172 562 2224 de
579 2172 807 2224 conditionalibus
825 2173 886 2223 fatis
905 2178 1020 2222 sternte:
1046 2171 1073 2221 si
1093 2168 1181 2220 Troia·

155 2256 210 2290 nae
233 2239 324 2307 classis
347 2256 402 2291 non
426 2240 584 2308 contigisset
608 2239 756 2306 adventus]
772 2266 805 2278 -
839 2247 899 2297 697.
918 2240 968 2289 Seri
995 2241 1100 2290 misere
1125 2250 1181 2287 ante

157 2307 248 2374 diem,-
265 2323 321 2360 non
339 2317 379 2360 est
395 2312 566 2360 contrarium
584 2311 656 2379 quod
675 2310 741 2361 dicit
756 2311 787 2360 in
803 2309 924 2360 decimo:
942 2308 1072 2358 Statana
1089 2311 1182 2371 cuique

157 2375 233 2442 dies,
256 2375 342 2441 Nam,
359 2385 390 2427 ut
405 2393 487 2444 saepe
504 2377 634 2444 diximus,
657 2379 808 2431 secundum
825 2386 910 2429 sectas
927 2377 1064 2444 loquitur:
1090 2386 1118 2428 et
1135 2376 1182 2426 hee

156 2443 307 2496 secrmdum
329 2442 394 2497 alios
417 2446 577 2516 [Epicureos
601 2445 686 2511 scil.],
715 2448 782 2499 illud
805 2449 956 2498 nectendum
980 2445 1048 2496 alios
1075 2446 1184 2513 [Stoicos

156 2511 326 2577 nimirum,]
357 2513 460 2565 dictum
493 2523 540 2567 est.
590 2515 755 2583 Quanquam
786 2516 985 2583 grenunaticae
1016 2512 1185 2583 responsioni

156 2580 243 2652 possit
259 2579 383 2634 sufficere
401 2584 443 2646 (E.
456 2589 498 2649 10,
514 2583 580 2646 69.):
600 2585 705 2635 Omnia
724 2587 812 2635 vincit
830 2602 923 2633 amor:
943 2595 966 2633 ιι
987 2600 1037 2632 nos
1058 2584 1185 2632 cedamus

157 2650 259 2700 amori.
301 2648 434 2716 [Furore5
458 2651 523 2719 quia
545 2652 646 2720 pudica
667 2653 698 2703 in
722 2670 848 2704 amorem
873 2650 1039 2714 devenerat]
1061 2677 1094 2688 -·
1128 2656 1185 2709 698·

157 2717 276 2770 Flavum
302 2720 423 2784 crinem,-
453 2721 587 2771 matronis
610 2737 667 2772 nun
689 2736 753 2772 uem
777 2722 848 2773 flava
871 2736 950 2770 coma
975 2720 1110 2782 dabatur,
1140 2720 1185 2771 sed

156 2787 253 2855 nigram
270 2786 344 2839 unde
360 2788 492 2839 Iuvenalis
509 2792 545 2854 (6,
565 2789 649 2851 120.)τ
667 2738 701 2838 dr
719 2793 800 2856 nigro
815 2790 925 2858 flavum
946 2792 1051 2837 crinem
1073 2790 1187 2839 obscen-

151 2856 237 2907 'dentc
254 2855 358 2921 galero.
392 2855 462 2908 Huic
486 2872 552 2925 ergo
569 2857 650 2909 datur
667 2857 744 2926 quasi
766 2860 848 2926 turpi.
884 2859 948 2925 [Aut
964 2856 1102 2923 Flevum,
1126 2857 1188 2925 quia

74 2958 78 2969 ·
156 2923 185 2975 in
212 2923 317 2975 Catone
341 2923 441 2991 legitur
465 2925 498 2977 de
523 2933 716 2978 matronarum
739 2927 875 2978 crinibus:
904 2924 991 2976 Fleuo
1018 2928 1112 2976 cinere
1138 2943 1185 2974 urr-

157 2993 295 3043 ctitabent
320 3004 350 3041 ut
374 2994 476 3044 rutilae
502 2993 617 3059 carena]
635 3021 668 3032 -
702 2999 762 3053 699.
783 2996 872 3061 Caput
897 2996 1098 3058 demneveret,
1126 3010 1185 3044 nec·

155 3060 223 3112 dum
241 3076 303 3112 eam
321 3062 405 3112 morti
422 3062 616 3128 destinaverat,
632 3065 731 3132 [potest
748 3065 849 3132 accipi:
868 3063 1017 3129 Stygioque
1036 3075 1120 3128 captu
1138 3064 1184 3112 dc-

156 3140 303 3195 mnaverat
321 3147 401 3182 orco:
428 3139 457 3182 ut
474 3132 610 3184 Didonem
630 3141 691 3181 voto
708 3132 839 3183 liberaret
857 3133 928 3199 quod
952 3149 1066 3197 semper
1092 3147 1185 3182 omnes

73 3234 75 3238 Α
155 3204 253 3266 optant
275 3204 306 3247 ut
328 3198 386 3250 sine
409 3201 532 3252 cruciatu
556 3202 727 3262 moriantur,
757 3218 823 3253 nam
846 3201 995 3251 subiunxit:
1026 3199 1113 3250 lianc
1139 3217 1185 3265 ego

156 3265 211 3317 diti
227 3265 360 3331 Sacrum,
384 3271 463 3319 iussu
483 3270 564 3336 fere,
587 3281 664 3337 teque
691 3271 745 3319 isto
764 3285 877 3336 corpore
895 3269 988 3332 soleo,
1012 3271 1029 3320 i.
1049 3287 1073 3320 e.
1091 3269 1188 3331 libero,

155 3333 198 3385 vel
214 3334 281 3386 illud
298 3335 333 3386 ab
352 3353 416 3388 orco
433 3338 557 3390 nondum
572 3338 752 3401 liberaverat,
775 3354 840 3388 cum
864 3337 910 3389 illa
932 3337 1064 3389 devotum
1082 3337 1187 3390 crinem

155 3400 247 3453 adhue
264 3404 402 3469 retinens,
424 3406 496 3457 iuter
519 3421 582 3458 reos
599 3413 676 3458 esset.
710 3406 785 3474 Ergo
802 3407 986 3475 cuiuscunque
1005 3406 1109 3472 debiti,
1125 3407 1143 3457 i.
1162 3423 1184 3458 e.

155 3478 250 3525 reatus
268 3471 409 3524 damnatio
432 3472 517 3526 sinam
540 3472 614 3527 facit.
649 3473 794 3525 Damnare
818 3482 911 3527 autem
937 3483 977 3526 est
999 3475 1106 3526 damno
1122 3473 1186 3527 adli-

96 3560 99 3567 ·
156 3539 275 3603 cere,-i.
296 3558 319 3592 e,
346 3541 438 3594 debito
461 3542 590 3594 liberare.
631 3543 695 3595 Ideo
720 3553 748 3594 et
770 3560 833 3594 cum
859 3551 919 3595 vota
942 3543 1122 3613 suscipimur,
1145 3544 1185 3594 rei

155 3605 209 3656 voti
233 3606 352 3660 dicimur
376 3610 464 3663 donec
488 3611 689 3679 consequamu‘r
716 3611 895 3676 beneficium,
925 3620 952 3664 et
976 3612 1066 3663 donec
1091 3612 1187 3664 conde

154 3689 300 3740 murmur,
322 3677 339 3728 i.
359 3693 383 3730 e.
398 3680 533 3750 promissa
548 3681 697 3745 solvamus,
720 3688 751 3730 ut
768 3682 816 3747 (E.
836 3687 866 3744 5,
883 3682 950 3743 uod:
975 3679 1140 3732 Damnatis
1158 3694 1187 3730 tu

155 3758 263 3819 queque
288 3748 367 3799 vetis.
410 3748 447 3799 Et
470 3748 540 3800 bene
564 3752 645 3818 po'e'ta
667 3764 723 3800 non
747 3754 800 3814 ait,
822 3749 899 3801 illam
923 3749 1118 3816 damnaverat,
1141 3749 1188 3801 sed

153 3819 237 3880 caput
248 3809 338 3883 ipsum
353 3813 426 3867 unde
439 3815 521 3868 crinis
534 3817 627 3868 fuerat
641 3816 825 3882 auferenda]
837 3845 872 3857 -
905 3825 966 3874 700.
984 3818 1043 3871 Iris
1060 3819 1189 3880 roscida,-

153 3879 219 3948 qur'a
242 3896 307 3931 eum
331 3881 450 3935 nubibus
473 3884 506 3936 fit
527 3884 689 3954 pluvialibus
722 3886 815 3951 (codd,
840 3903 861 3938 c.
887 3904 912 3937 n.
937 3901 992 3949 est,
1017 3905 1091 3953 quae
1116 3887 1192 3951 eto),

153 3963 308 4017 quaerore
326 3966 382 4001 uon
400 3962 504 4004 carent.
538 3953 659 4006 Aduerso
680 3957 753 4019 selr,·
780 3956 851 4008 bene
876 3956 1034 4008 naturalem
1059 3971 1125 4009 rem
1149 3972 1192 4007 er-

158 4016 265 4088 pressit.
300 4017 353 4069 Iria
369 4020 444 4072 enim
461 4021 514 4074 niti
532 4039 547 4074 e
565 4023 680 4092 regiona
697 4022 764 4076 Solis
781 4040 837 4077 non
854 4023 898 4088 tit,
915 4024 959 4074 cui
978 4024 1068 4076 varios
1087 4025 1193 4078 coloret
