<?xml version="1.0" encoding="UTF-8"?>
<!DOCTYPE html PUBLIC "-//W3C//DTD XHTML 1.0 Transitional//EN"
    "http://www.w3.org/TR/xhtml1/DTD/xhtml1-transitional.dtd">
<html xmlns="http://www.w3.org/1999/xhtml" xml:lang="en" lang="en">
 <head>
  <title>
</title>
<meta http-equiv="Content-Type" content="text/html;charset=utf-8" />
  <meta name='ocr-system' content='tesseract 3.04.00' />
  <meta name='ocr-capabilities' content='ocr_page ocr_carea ocr_par ocr_line ocrx_word'/>
</head>
<body>
  <div class='ocr_page' id='page_1' title='image "./commentariiinvi00liongoog_0477.png"; bbox 0 0 2454 4500; ppageno 0'>
   <div class='ocr_carea' id='block_1_1' title="bbox 145 216 1082 373">
    <p class='ocr_par' dir='ltr' id='par_1_1' title="bbox 145 216 1082 373">
     <span class='ocr_line' id='line_1_1' title="bbox 145 216 1082 373; baseline 0.002 -45"><span class='ocrx_word' id='word_1_1' title='bbox 145 285 180 328; x_wconf 75' lang='lat' dir='ltr'>a</span> <span class='ocrx_word' id='word_1_2' title='bbox 202 216 356 331; x_wconf 81' lang='lat' dir='ltr'>naeu.</span> <span class='ocrx_word' id='word_1_3' title='bbox 381 264 554 341; x_wconf 76' lang='lat' dir='ltr'>eruam.</span> <span class='ocrx_word' id='word_1_4' title='bbox 574 264 654 327; x_wconf 82' lang='lat' dir='ltr'>ua.</span> <span class='ocrx_word' id='word_1_5' title='bbox 676 249 763 342; x_wconf 71' lang='lat' dir='ltr'>nm</span> <span class='ocrx_word' id='word_1_6' title='bbox 786 267 976 334; x_wconf 82' lang='lat'><strong>127-130·</strong></span> <span class='ocrx_word' id='word_1_7' title='bbox 996 360 999 373; x_wconf 29' lang='grc' dir='ltr'>Ι</span> <span class='ocrx_word' id='word_1_8' title='bbox 1018 242 1082 331; x_wconf 80' lang='lat' dir='ltr'>ui</span> 
     </span>
    </p>
   </div>
   <div class='ocr_carea' id='block_1_2' title="bbox 13 447 1200 4084">
    <p class='ocr_par' dir='ltr' id='par_1_2' title="bbox 23 447 1084 588">
     <span class='ocr_line' id='line_1_2' title="bbox 58 447 1084 523; baseline -0.005 -20"><span class='ocrx_word' id='word_1_9' title='bbox 58 450 137 503; x_wconf 87' lang='lat' dir='ltr'>enim</span> <span class='ocrx_word' id='word_1_10' title='bbox 154 466 204 502; x_wconf 86' lang='lat' dir='ltr'>nos</span> <span class='ocrx_word' id='word_1_11' title='bbox 215 449 359 522; x_wconf 86' lang='lat' dir='ltr'>pellimur,</span> <span class='ocrx_word' id='word_1_12' title='bbox 381 451 491 504; x_wconf 82' lang='lat' dir='ltr'>cedros</span> <span class='ocrx_word' id='word_1_13' title='bbox 507 449 627 504; x_wconf 80' lang='lat' dir='ltr'>servietis</span> <span class='ocrx_word' id='word_1_14' title='bbox 649 449 797 523; x_wconf 74' lang='lat' dir='ltr'><strong>postremi,</strong></span> <span class='ocrx_word' id='word_1_15' title='bbox 810 449 908 518; x_wconf 73' lang='lat' dir='ltr'>ipsam</span> <span class='ocrx_word' id='word_1_16' title='bbox 930 447 1084 519; x_wconf 84' lang='lat' dir='ltr'>proposuit:</span> 
     </span>
     <span class='ocr_line' id='line_1_3' title="bbox 23 518 1084 588; baseline -0.002 -18"><span class='ocrx_word' id='word_1_17' title='bbox 23 540 31 551; x_wconf 72' lang='lat'>=</span> <span class='ocrx_word' id='word_1_18' title='bbox 58 522 162 586; x_wconf 81' lang='lat' dir='ltr'>Accipe</span> <span class='ocrx_word' id='word_1_19' title='bbox 179 521 269 587; x_wconf 81' lang='lat' dir='ltr'>daque</span> <span class='ocrx_word' id='word_1_20' title='bbox 285 521 390 588; x_wconf 67' lang='lat' dir='ltr'>fldem</span> <span class='ocrx_word' id='word_1_21' title='bbox 411 520 447 572; x_wconf 90' lang='lat' dir='ltr'>ad</span> <span class='ocrx_word' id='word_1_22' title='bbox 468 521 597 571; x_wconf 89' lang='lat' dir='ltr'>ultimum</span> <span class='ocrx_word' id='word_1_23' title='bbox 612 535 755 588; x_wconf 85' lang='lat' dir='ltr'>possumus</span> <span class='ocrx_word' id='word_1_24' title='bbox 770 519 888 573; x_wconf 85' lang='lat' dir='ltr'>reddere</span> <span class='ocrx_word' id='word_1_25' title='bbox 904 518 1084 575; x_wconf 66' lang='lat' dir='ltr'>beneficium?</span> 
     </span>
    </p>

    <p class='ocr_par' dir='ltr' id='par_1_3' title="bbox 57 586 1085 658">
     <span class='ocr_line' id='line_1_4' title="bbox 57 586 1085 658; baseline -0.004 -19"><span class='ocrx_word' id='word_1_26' title='bbox 57 588 129 639; x_wconf 84' lang='lat' dir='ltr'>Sunt</span> <span class='ocrx_word' id='word_1_27' title='bbox 144 589 225 640; x_wconf 86' lang='lat' dir='ltr'>nobis</span> <span class='ocrx_word' id='word_1_28' title='bbox 240 590 323 640; x_wconf 82' lang='lat' dir='ltr'>fortia</span> <span class='ocrx_word' id='word_1_29' title='bbox 340 589 411 641; x_wconf 89' lang='lat' dir='ltr'>bello</span> <span class='ocrx_word' id='word_1_30' title='bbox 427 597 554 656; x_wconf 78' lang='lat' dir='ltr'><strong>pectora,</strong></span> <span class='ocrx_word' id='word_1_31' title='bbox 577 605 644 640; x_wconf 86' lang='lat' dir='ltr'>nam</span> <span class='ocrx_word' id='word_1_32' title='bbox 665 597 761 653; x_wconf 76' lang='lat' dir='ltr'>utrum</span> <span class='ocrx_word' id='word_1_33' title='bbox 782 595 873 658; x_wconf 84' lang='lat' dir='ltr'>posset</span> <span class='ocrx_word' id='word_1_34' title='bbox 895 586 951 640; x_wconf 85' lang='lat' dir='ltr'>isa</span> <span class='ocrx_word' id='word_1_35' title='bbox 988 602 1022 637; x_wconf 92' lang='lat' dir='ltr'>uo</span> <span class='ocrx_word' id='word_1_36' title='bbox 1038 602 1085 655; x_wconf 84' lang='lat' dir='ltr'>pe-</span> 
     </span>
    </p>

    <p class='ocr_par' dir='ltr' id='par_1_4' title="bbox 57 605 1084 725">
     <span class='ocr_line' id='line_1_5' title="bbox 57 605 1084 725; baseline 0.001 -19"><span class='ocrx_word' id='word_1_37' title='bbox 57 657 174 709; x_wconf 87' lang='lat' dir='ltr'>tebatur</span> <span class='ocrx_word' id='word_1_38' title='bbox 191 657 296 725; x_wconf 85' lang='lat' dir='ltr'>omisit,</span> <span class='ocrx_word' id='word_1_39' title='bbox 312 658 375 725; x_wconf 83' lang='lat' dir='ltr'>quia</span> <span class='ocrx_word' id='word_1_40' title='bbox 392 659 570 710; x_wconf 79' lang='lat' dir='ltr'>manifestum</span> <span class='ocrx_word' id='word_1_41' title='bbox 588 665 649 710; x_wconf 87' lang='lat' dir='ltr'>erat</span> <span class='ocrx_word' id='word_1_42' title='bbox 665 672 753 723; x_wconf 82' lang='lat' dir='ltr'>porse,</span> <span class='ocrx_word' id='word_1_43' title='bbox 770 663 799 708; x_wconf 89' lang='lat' dir='ltr'>et</span> <span class='ocrx_word' id='word_1_44' title='bbox 812 656 921 724; x_wconf 76' lang='lat' dir='ltr'>ignotus</span> <span class='ocrx_word' id='word_1_45' title='bbox 937 673 955 707; x_wconf 88' lang='lat' dir='ltr'>a</span> <span class='ocrx_word' id='word_1_46' title='bbox 967 605 1084 708; x_wconf 61' lang='lat' dir='ltr'>damon·</span> 
     </span>
    </p>

    <p class='ocr_par' dir='ltr' id='par_1_5' title="bbox 60 722 1085 796">
     <span class='ocr_line' id='line_1_6' title="bbox 60 722 1085 796; baseline -0.003 -21"><span class='ocrx_word' id='word_1_47' title='bbox 60 727 194 778; x_wconf 81' lang='lat' dir='ltr'>stratione</span> <span class='ocrx_word' id='word_1_48' title='bbox 210 741 343 796; x_wconf 80' lang='lat' dir='ltr'>personae</span> <span class='ocrx_word' id='word_1_49' title='bbox 360 741 424 777; x_wconf 86' lang='lat' dir='ltr'>suae</span> <span class='ocrx_word' id='word_1_50' title='bbox 441 726 563 794; x_wconf 84' lang='lat' dir='ltr'>incipere</span> <span class='ocrx_word' id='word_1_51' title='bbox 580 724 718 790; x_wconf 78' lang='lat' dir='ltr'>debebat]</span> <span class='ocrx_word' id='word_1_52' title='bbox 754 722 808 776; x_wconf 79' lang='lat' dir='ltr'>cut</span> <span class='ocrx_word' id='word_1_53' title='bbox 826 741 868 775; x_wconf 90' lang='lat' dir='ltr'>mc</span> <span class='ocrx_word' id='word_1_54' title='bbox 885 723 1007 792; x_wconf 80' lang='lat' dir='ltr'>fortuna</span> <span class='ocrx_word' id='word_1_55' title='bbox 1018 732 1085 789; x_wconf 81' lang='lat' dir='ltr'>‘pre-</span> 
     </span>
    </p>

    <p class='ocr_par' dir='ltr' id='par_1_6' title="bbox 58 784 1085 866">
     <span class='ocr_line' id='line_1_7' title="bbox 58 784 1085 866; baseline -0.001 -23"><span class='ocrx_word' id='word_1_56' title='bbox 58 796 141 866; x_wconf 60' lang='grc' dir='ltr'>φατὶ,</span> <span class='ocrx_word' id='word_1_57' title='bbox 167 794 292 862; x_wconf 82' lang='lat' dir='ltr'>[servavit</span> <span class='ocrx_word' id='word_1_58' title='bbox 314 789 345 845; x_wconf 84' lang='lat' dir='ltr'>ci</span> <span class='ocrx_word' id='word_1_59' title='bbox 364 798 468 862; x_wconf 74' lang='grc' dir='ltr'><em>πρέπον</em></span> <span class='ocrx_word' id='word_1_60' title='bbox 491 795 606 847; x_wconf 87' lang='lat' dir='ltr'>dicendo</span> <span class='ocrx_word' id='word_1_61' title='bbox 629 797 746 846; x_wconf 77' lang='lat' dir='ltr'>fortuna.</span> <span class='ocrx_word' id='word_1_62' title='bbox 771 793 816 857; x_wconf 62' lang='lat' dir='ltr'>,Et</span> <span class='ocrx_word' id='word_1_63' title='bbox 832 784 881 845; x_wconf 89' lang='lat' dir='ltr'>cu&#39;i</span> <span class='ocrx_word' id='word_1_64' title='bbox 898 810 939 843; x_wconf 88' lang='lat' dir='ltr'>me</span> <span class='ocrx_word' id='word_1_65' title='bbox 956 785 1085 859; x_wconf 65' lang='lat' dir='ltr'>precarii]</span> 
     </span>
    </p>

    <p class='ocr_par' dir='ltr' id='par_1_7' title="bbox 58 859 1086 930">
     <span class='ocr_line' id='line_1_8' title="bbox 58 859 1086 930; baseline 0.001 -16"><span class='ocrx_word' id='word_1_66' title='bbox 58 864 207 930; x_wconf 85' lang='lat' dir='ltr'>antiquum</span> <span class='ocrx_word' id='word_1_67' title='bbox 220 871 268 915; x_wconf 92' lang='lat' dir='ltr'>est.</span> <span class='ocrx_word' id='word_1_68' title='bbox 283 862 357 914; x_wconf 86' lang='lat' dir='ltr'>Nam</span> <span class='ocrx_word' id='word_1_69' title='bbox 370 864 452 914; x_wconf 87' lang='lat' dir='ltr'>modo</span> <span class='ocrx_word' id='word_1_70' title='bbox 468 879 551 930; x_wconf 82' lang='lat' dir='ltr'>quam</span> <span class='ocrx_word' id='word_1_71' title='bbox 561 863 662 930; x_wconf 87' lang='lat' dir='ltr'>(quem)</span> <span class='ocrx_word' id='word_1_72' title='bbox 675 863 785 928; x_wconf 79' lang='lat' dir='ltr'>precmi</span> <span class='ocrx_word' id='word_1_73' title='bbox 800 861 924 914; x_wconf 84' lang='lat' dir='ltr'>dicimus.</span> <span class='ocrx_word' id='word_1_74' title='bbox 940 859 1086 915; x_wconf 74' lang='lat' dir='ltr'>Terentius</span> 
     </span>
    </p>

    <p class='ocr_par' dir='ltr' id='par_1_8' title="bbox 56 929 1100 999">
     <span class='ocr_line' id='line_1_9' title="bbox 56 929 1100 999; baseline -0.001 -17"><span class='ocrx_word' id='word_1_75' title='bbox 56 931 181 998; x_wconf 52' lang='lat' dir='ltr'>§Phorm</span> <span class='ocrx_word' id='word_1_76' title='bbox 198 935 230 996; x_wconf 93' lang='lat'>1,</span> <span class='ocrx_word' id='word_1_77' title='bbox 246 939 279 996; x_wconf 83' lang='lat'>2,</span> <span class='ocrx_word' id='word_1_78' title='bbox 295 931 361 993; x_wconf 86' lang='lat'>91.):</span> <span class='ocrx_word' id='word_1_79' title='bbox 387 931 473 982; x_wconf 79' lang='lat' dir='ltr'>Credo</span> <span class='ocrx_word' id='word_1_80' title='bbox 497 933 547 999; x_wconf 80' lang='lat' dir='ltr'>qui</span> <span class='ocrx_word' id='word_1_81' title='bbox 572 931 643 982; x_wconf 78' lang='lat' dir='ltr'>milri</span> <span class='ocrx_word' id='word_1_82' title='bbox 665 933 707 981; x_wconf 85' lang='lat' dir='ltr'>sic</span> <span class='ocrx_word' id='word_1_83' title='bbox 724 943 790 983; x_wconf 84' lang='lat' dir='ltr'>oret.</span> <span class='ocrx_word' id='word_1_84' title='bbox 822 932 893 983; x_wconf 89' lang='lat' dir='ltr'>Item</span> <span class='ocrx_word' id='word_1_85' title='bbox 910 929 994 996; x_wconf 79' lang='lat' dir='ltr'>(Adel.</span> <span class='ocrx_word' id='word_1_86' title='bbox 1012 936 1044 993; x_wconf 84' lang='grc'>3,</span> <span class='ocrx_word' id='word_1_87' title='bbox 1061 930 1100 991; x_wconf 62' lang='grc'>5,,</span> 
     </span>
    </p>

    <p class='ocr_par' dir='ltr' id='par_1_9' title="bbox 56 997 1120 1064">
     <span class='ocr_line' id='line_1_10' title="bbox 56 997 1120 1064; baseline -0.004 -15"><span class='ocrx_word' id='word_1_88' title='bbox 56 1000 129 1061; x_wconf 76' lang='lat'><strong>45.):</strong></span> <span class='ocrx_word' id='word_1_89' title='bbox 152 997 261 1063; x_wconf 86' lang='lat' dir='ltr'>Facite,</span> <span class='ocrx_word' id='word_1_90' title='bbox 280 1009 310 1048; x_wconf 87' lang='lat' dir='ltr'>ut</span> <span class='ocrx_word' id='word_1_91' title='bbox 327 1001 405 1051; x_wconf 77' lang='lat' dir='ltr'>ociis</span> <span class='ocrx_word' id='word_1_92' title='bbox 423 1001 504 1051; x_wconf 83' lang='lat' dir='ltr'>decet.</span> <span class='ocrx_word' id='word_1_93' title='bbox 537 999 689 1052; x_wconf 73' lang='lat' dir='ltr'><strong>Sallustius:</strong></span> <span class='ocrx_word' id='word_1_94' title='bbox 715 997 826 1052; x_wconf 73' lang='lat' dir='ltr'>Locum</span> <span class='ocrx_word' id='word_1_95' title='bbox 839 1000 983 1051; x_wconf 84' lang='lat' dir='ltr'>editiorem</span> <span class='ocrx_word' id='word_1_96' title='bbox 1001 1011 1085 1064; x_wconf 82' lang='lat' dir='ltr'>quam</span> <span class='ocrx_word' id='word_1_97' title='bbox 1112 1050 1120 1063; x_wconf 37' lang='grc' dir='ltr'><em>Ι</em></span> 
     </span>
    </p>

    <p class='ocr_par' dir='ltr' id='par_1_10' title="bbox 57 1063 1084 1136">
     <span class='ocr_line' id='line_1_11' title="bbox 57 1063 1084 1136; baseline 0.007 -18"><span class='ocrx_word' id='word_1_98' title='bbox 57 1069 216 1118; x_wconf 81' lang='lat' dir='ltr'>victoribus</span> <span class='ocrx_word' id='word_1_99' title='bbox 242 1068 359 1119; x_wconf 81' lang='lat' dir='ltr'>decebat.</span> <span class='ocrx_word' id='word_1_100' title='bbox 399 1068 436 1119; x_wconf 91' lang='lat' dir='ltr'>Et</span> <span class='ocrx_word' id='word_1_101' title='bbox 462 1076 504 1121; x_wconf 84' lang='lat' dir='ltr'>est</span> <span class='ocrx_word' id='word_1_102' title='bbox 525 1067 680 1133; x_wconf 76' lang='lat' dir='ltr'>Graecum,</span> <span class='ocrx_word' id='word_1_103' title='bbox 709 1075 740 1119; x_wconf 95' lang='lat' dir='ltr'>ut</span> <span class='ocrx_word' id='word_1_104' title='bbox 762 1070 861 1136; x_wconf 88' lang='lat' dir='ltr'>(Hom.</span> <span class='ocrx_word' id='word_1_105' title='bbox 884 1067 915 1120; x_wconf 93' lang='lat' dir='ltr'>Il.</span> <span class='ocrx_word' id='word_1_106' title='bbox 938 1063 970 1132; x_wconf 79' lang='lat' dir='ltr'>d,</span> <span class='ocrx_word' id='word_1_107' title='bbox 993 1064 1084 1125; x_wconf 88' lang='lat'>101·)=</span> 
     </span>
    </p>

    <p class='ocr_par' dir='ltr' id='par_1_11' title="bbox 56 1129 1084 1208">
     <span class='ocr_line' id='line_1_12' title="bbox 56 1129 1084 1208; baseline -0.004 -20"><span class='ocrx_word' id='word_1_108' title='bbox 56 1130 134 1200; x_wconf 71' lang='grc' dir='ltr'><strong><em>εὔχεο</em></strong></span> <span class='ocrx_word' id='word_1_109' title='bbox 150 1129 312 1191; x_wconf 76' lang='grc' dir='ltr'><strong><em>Ἀπόλλωνι.</em></strong></span> <span class='ocrx_word' id='word_1_110' title='bbox 353 1135 434 1204; x_wconf 84' lang='lat' dir='ltr'>[Sanc</span> <span class='ocrx_word' id='word_1_111' title='bbox 458 1145 561 1188; x_wconf 77' lang='lat' dir='ltr'>ueteres</span> <span class='ocrx_word' id='word_1_112' title='bbox 584 1144 612 1188; x_wconf 90' lang='lat' dir='ltr'>et</span> <span class='ocrx_word' id='word_1_113' title='bbox 634 1153 731 1204; x_wconf 81' lang='lat' dir='ltr'><strong><em>precor</em></strong></span> <span class='ocrx_word' id='word_1_114' title='bbox 755 1139 816 1203; x_wconf 86' lang='lat' dir='ltr'>ilii,</span> <span class='ocrx_word' id='word_1_115' title='bbox 839 1152 892 1208; x_wconf 90' lang='lat' dir='ltr'>pro</span> <span class='ocrx_word' id='word_1_116' title='bbox 914 1153 1010 1204; x_wconf 80' lang='lat' dir='ltr'>precor</span> <span class='ocrx_word' id='word_1_117' title='bbox 1033 1150 1084 1201; x_wconf 78' lang='lat' dir='ltr'>pro</span> 
     </span>
    </p>

    <p class='ocr_par' dir='ltr' id='par_1_12' title="bbox 59 1203 1086 1275">
     <span class='ocr_line' id='line_1_13' title="bbox 59 1203 1086 1275; baseline -0.005 -19"><span class='ocrx_word' id='word_1_118' title='bbox 59 1209 113 1257; x_wconf 83' lang='lat' dir='ltr'>ilio</span> <span class='ocrx_word' id='word_1_119' title='bbox 138 1205 273 1258; x_wconf 81' lang='lat' dir='ltr'>dicebant</span> <span class='ocrx_word' id='word_1_120' title='bbox 297 1205 416 1255; x_wconf 52' lang='lat' dir='ltr'>(Plautus</span> <span class='ocrx_word' id='word_1_121' title='bbox 438 1204 469 1256; x_wconf 87' lang='lat' dir='ltr'>in</span> <span class='ocrx_word' id='word_1_122' title='bbox 491 1205 704 1275; x_wconf 67' lang='lat' dir='ltr'>Amphitryone:</span> <span class='ocrx_word' id='word_1_123' title='bbox 732 1204 802 1257; x_wconf 87' lang='lat' dir='ltr'>Noli</span> <span class='ocrx_word' id='word_1_124' title='bbox 822 1206 942 1272; x_wconf 83' lang='lat' dir='ltr'>pessimo</span> <span class='ocrx_word' id='word_1_125' title='bbox 967 1203 1086 1272; x_wconf 82' lang='lat' dir='ltr'>precari,</span> 
     </span>
    </p>

    <p class='ocr_par' dir='ltr' id='par_1_13' title="bbox 14 1271 1125 2444">
     <span class='ocr_line' id='line_1_14' title="bbox 14 1271 1085 1342; baseline -0.006 -15"><span class='ocrx_word' id='word_1_126' title='bbox 14 1272 20 1279; x_wconf 74' lang='grc'><strong>’</strong></span> <span class='ocrx_word' id='word_1_127' title='bbox 56 1275 114 1327; x_wconf 89' lang='lat' dir='ltr'>hoc</span> <span class='ocrx_word' id='word_1_128' title='bbox 131 1281 173 1326; x_wconf 87' lang='lat' dir='ltr'>est</span> <span class='ocrx_word' id='word_1_129' title='bbox 188 1291 238 1340; x_wconf 86' lang='lat' dir='ltr'>pro</span> <span class='ocrx_word' id='word_1_130' title='bbox 255 1275 376 1341; x_wconf 82' lang='lat' dir='ltr'>pessimo</span> <span class='ocrx_word' id='word_1_131' title='bbox 395 1274 456 1324; x_wconf 84' lang='lat' dir='ltr'>noli</span> <span class='ocrx_word' id='word_1_132' title='bbox 466 1276 597 1341; x_wconf 72' lang='lat' dir='ltr'>&#39;precaria</span> <span class='ocrx_word' id='word_1_133' title='bbox 621 1281 669 1323; x_wconf 77' lang='lat' dir='ltr'>atat</span> <span class='ocrx_word' id='word_1_134' title='bbox 690 1273 865 1342; x_wconf 76' lang='lat' dir='ltr'><strong>hyperbaton</strong></span> <span class='ocrx_word' id='word_1_135' title='bbox 881 1282 909 1328; x_wconf 89' lang='lat' dir='ltr'>et</span> <span class='ocrx_word' id='word_1_136' title='bbox 930 1274 985 1326; x_wconf 88' lang='lat' dir='ltr'>hoc</span> <span class='ocrx_word' id='word_1_137' title='bbox 1001 1271 1085 1323; x_wconf 89' lang='lat' dir='ltr'>modo</span> 
     </span>
     <span class='ocr_line' id='line_1_15' title="bbox 56 1341 1087 1412; baseline -0.001 -18"><span class='ocrx_word' id='word_1_138' title='bbox 56 1343 112 1394; x_wconf 85' lang='lat' dir='ltr'>tibi</span> <span class='ocrx_word' id='word_1_139' title='bbox 128 1358 176 1394; x_wconf 85' lang='lat' dir='ltr'>me</span> <span class='ocrx_word' id='word_1_140' title='bbox 197 1344 309 1394; x_wconf 80' lang='lat' dir='ltr'>fortuna</span> <span class='ocrx_word' id='word_1_141' title='bbox 332 1342 398 1392; x_wconf 88' lang='lat' dir='ltr'>vitta</span> <span class='ocrx_word' id='word_1_142' title='bbox 415 1350 538 1410; x_wconf 87' lang='lat' dir='ltr'>comptos</span> <span class='ocrx_word' id='word_1_143' title='bbox 555 1341 639 1393; x_wconf 88' lang='lat' dir='ltr'>voluit</span> <span class='ocrx_word' id='word_1_144' title='bbox 660 1344 842 1412; x_wconf 79' lang='lat' dir='ltr'>praetendere</span> <span class='ocrx_word' id='word_1_145' title='bbox 866 1358 961 1395; x_wconf 81' lang='lat' dir='ltr'>ramos</span> <span class='ocrx_word' id='word_1_146' title='bbox 978 1350 1007 1394; x_wconf 91' lang='lat' dir='ltr'>et</span> <span class='ocrx_word' id='word_1_147' title='bbox 1022 1356 1087 1408; x_wconf 83' lang='lat' dir='ltr'>pre·</span> 
     </span>
     <span class='ocr_line' id='line_1_16' title="bbox 57 1409 1086 1482; baseline -0.003 -20"><span class='ocrx_word' id='word_1_148' title='bbox 57 1410 139 1476; x_wconf 80' lang='lat' dir='ltr'>cari]</span> <span class='ocrx_word' id='word_1_149' title='bbox 155 1437 190 1448; x_wconf 93' lang='grc'><strong>-</strong></span> <span class='ocrx_word' id='word_1_150' title='bbox 224 1417 285 1467; x_wconf 76' lang='grc'><strong>128.</strong></span> <span class='ocrx_word' id='word_1_151' title='bbox 308 1409 385 1460; x_wconf 83' lang='lat' dir='ltr'>Vitta</span> <span class='ocrx_word' id='word_1_152' title='bbox 403 1423 507 1461; x_wconf 80' lang='lat' dir='ltr'>comtos</span> <span class='ocrx_word' id='word_1_153' title='bbox 525 1424 633 1475; x_wconf 83' lang='lat' dir='ltr'>ramos;</span> <span class='ocrx_word' id='word_1_154' title='bbox 654 1418 691 1461; x_wconf 88' lang='lat' dir='ltr'>-ut</span> <span class='ocrx_word' id='word_1_155' title='bbox 705 1413 735 1462; x_wconf 88' lang='lat' dir='ltr'>in</span> <span class='ocrx_word' id='word_1_156' title='bbox 750 1413 825 1480; x_wconf 81' lang='lat' dir='ltr'>pacis</span> <span class='ocrx_word' id='word_1_157' title='bbox 841 1411 973 1482; x_wconf 86' lang='lat' dir='ltr'>petitione</span> <span class='ocrx_word' id='word_1_158' title='bbox 989 1424 1086 1463; x_wconf 86' lang='lat' dir='ltr'>ramus</span> 
     </span>
     <span class='ocr_line' id='line_1_17' title="bbox 59 1475 1087 1550; baseline 0 -20"><span class='ocrx_word' id='word_1_159' title='bbox 59 1480 148 1547; x_wconf 77' lang='lat' dir='ltr'>olivae</span> <span class='ocrx_word' id='word_1_160' title='bbox 165 1495 229 1545; x_wconf 82' lang='lat' dir='ltr'>cum</span> <span class='ocrx_word' id='word_1_161' title='bbox 246 1477 318 1530; x_wconf 85' lang='lat' dir='ltr'>vittis</span> <span class='ocrx_word' id='word_1_162' title='bbox 335 1480 483 1543; x_wconf 76' lang='lat' dir='ltr'>offeratiu,</span> <span class='ocrx_word' id='word_1_163' title='bbox 505 1480 609 1545; x_wconf 86' lang='lat' dir='ltr'>partim</span> <span class='ocrx_word' id='word_1_164' title='bbox 624 1478 750 1546; x_wconf 84' lang='lat' dir='ltr'>fabulae,</span> <span class='ocrx_word' id='word_1_165' title='bbox 772 1482 874 1550; x_wconf 84' lang='lat' dir='ltr'>partim</span> <span class='ocrx_word' id='word_1_166' title='bbox 896 1488 1011 1533; x_wconf 86' lang='lat' dir='ltr'>naturae</span> <span class='ocrx_word' id='word_1_167' title='bbox 1028 1475 1087 1530; x_wconf 84' lang='lat' dir='ltr'>effi·</span> 
     </span>
     <span class='ocr_line' id='line_1_18' title="bbox 58 1547 1088 1617; baseline -0.003 -17"><span class='ocrx_word' id='word_1_168' title='bbox 58 1550 100 1600; x_wconf 89' lang='lat' dir='ltr'>cit</span> <span class='ocrx_word' id='word_1_169' title='bbox 115 1547 194 1600; x_wconf 83' lang='lat' dir='ltr'>ratio.</span> <span class='ocrx_word' id='word_1_170' title='bbox 229 1547 302 1599; x_wconf 73' lang='lat' dir='ltr'>nam</span> <span class='ocrx_word' id='word_1_171' title='bbox 319 1563 383 1597; x_wconf 90' lang='lat' dir='ltr'>cum</span> <span class='ocrx_word' id='word_1_172' title='bbox 399 1548 434 1598; x_wconf 90' lang='lat' dir='ltr'>de</span> <span class='ocrx_word' id='word_1_173' title='bbox 452 1547 564 1599; x_wconf 87' lang='lat' dir='ltr'>nomine</span> <span class='ocrx_word' id='word_1_174' title='bbox 576 1547 744 1599; x_wconf 81' lang='lat' dir='ltr'>Athenarum</span> <span class='ocrx_word' id='word_1_175' title='bbox 759 1549 901 1617; x_wconf 78' lang='lat' dir='ltr'>Neptrmus</span> <span class='ocrx_word' id='word_1_176' title='bbox 919 1556 947 1602; x_wconf 86' lang='lat' dir='ltr'>et</span> <span class='ocrx_word' id='word_1_177' title='bbox 962 1548 1088 1599; x_wconf 77' lang='lat' dir='ltr'>Minerva</span> 
     </span>
     <span class='ocr_line' id='line_1_19' title="bbox 57 1615 1086 1685; baseline -0.003 -17"><span class='ocrx_word' id='word_1_178' title='bbox 57 1616 272 1668; x_wconf 82' lang='lat' dir='ltr'>contenderent:</span> <span class='ocrx_word' id='word_1_179' title='bbox 302 1624 337 1679; x_wconf 66' lang='lat' dir='ltr'>ett</span> <span class='ocrx_word' id='word_1_180' title='bbox 353 1615 471 1666; x_wconf 84' lang='lat' dir='ltr'>iussisset</span> <span class='ocrx_word' id='word_1_181' title='bbox 491 1616 626 1685; x_wconf 87' lang='lat' dir='ltr'>Iuppiter,</span> <span class='ocrx_word' id='word_1_182' title='bbox 658 1622 690 1666; x_wconf 91' lang='lat' dir='ltr'>ut</span> <span class='ocrx_word' id='word_1_183' title='bbox 717 1616 790 1668; x_wconf 89' lang='lat' dir='ltr'>illius</span> <span class='ocrx_word' id='word_1_184' title='bbox 808 1615 926 1670; x_wconf 81' lang='lat' dir='ltr'>nomine</span> <span class='ocrx_word' id='word_1_185' title='bbox 949 1617 1086 1668; x_wconf 89' lang='lat' dir='ltr'>diceretur</span> 
     </span>
     <span class='ocr_line' id='line_1_20' title="bbox 56 1683 1088 1753; baseline -0.004 -17"><span class='ocrx_word' id='word_1_186' title='bbox 56 1687 169 1749; x_wconf 82' lang='lat' dir='ltr'>civitas,</span> <span class='ocrx_word' id='word_1_187' title='bbox 190 1685 238 1751; x_wconf 86' lang='lat' dir='ltr'>qui</span> <span class='ocrx_word' id='word_1_188' title='bbox 254 1699 354 1734; x_wconf 84' lang='lat' dir='ltr'>munus</span> <span class='ocrx_word' id='word_1_189' title='bbox 370 1684 468 1735; x_wconf 86' lang='lat' dir='ltr'>melius</span> <span class='ocrx_word' id='word_1_190' title='bbox 485 1683 626 1735; x_wconf 78' lang='lat' dir='ltr'>obtulisset</span> <span class='ocrx_word' id='word_1_191' title='bbox 648 1685 842 1752; x_wconf 84' lang='lat' dir='ltr'>[hominibus],</span> <span class='ocrx_word' id='word_1_192' title='bbox 865 1705 881 1738; x_wconf 91' lang='lat' dir='ltr'>e</span> <span class='ocrx_word' id='word_1_193' title='bbox 920 1702 968 1737; x_wconf 89' lang='lat' dir='ltr'>um</span> <span class='ocrx_word' id='word_1_194' title='bbox 983 1685 1088 1753; x_wconf 71' lang='lat' dir='ltr'>Neptu</span> 
     </span>
     <span class='ocr_line' id='line_1_21' title="bbox 57 1701 1125 1820; baseline 0 -13"><span class='ocrx_word' id='word_1_195' title='bbox 57 1769 127 1820; x_wconf 89' lang='lat' dir='ltr'>nus,</span> <span class='ocrx_word' id='word_1_196' title='bbox 149 1752 276 1805; x_wconf 85' lang='lat' dir='ltr'>Minerva</span> <span class='ocrx_word' id='word_1_197' title='bbox 298 1753 397 1803; x_wconf 88' lang='lat' dir='ltr'>olivam</span> <span class='ocrx_word' id='word_1_198' title='bbox 419 1751 549 1820; x_wconf 87' lang='lat' dir='ltr'>protulit,</span> <span class='ocrx_word' id='word_1_199' title='bbox 581 1759 609 1803; x_wconf 89' lang='lat' dir='ltr'>et</span> <span class='ocrx_word' id='word_1_200' title='bbox 631 1752 723 1804; x_wconf 82' lang='lat' dir='ltr'>statim</span> <span class='ocrx_word' id='word_1_201' title='bbox 746 1754 824 1820; x_wconf 85' lang='lat' dir='ltr'>vicit,</span> <span class='ocrx_word' id='word_1_202' title='bbox 845 1701 919 1807; x_wconf 61' lang='lat' dir='ltr'>uuili</span> <span class='ocrx_word' id='word_1_203' title='bbox 942 1770 1006 1805; x_wconf 91' lang='lat' dir='ltr'>cum</span> <span class='ocrx_word' id='word_1_204' title='bbox 1029 1751 1088 1805; x_wconf 86' lang='lat' dir='ltr'>eius</span> <span class='ocrx_word' id='word_1_205' title='bbox 1117 1791 1125 1807; x_wconf 84' lang='lat'><strong>.</strong></span> 
     </span>
     <span class='ocr_line' id='line_1_22' title="bbox 56 1819 1086 1887; baseline -0.004 -11"><span class='ocrx_word' id='word_1_206' title='bbox 56 1838 154 1876; x_wconf 87' lang='lat' dir='ltr'>ramus</span> <span class='ocrx_word' id='word_1_207' title='bbox 177 1820 259 1873; x_wconf 85' lang='lat' dir='ltr'>elicui</span> <span class='ocrx_word' id='word_1_208' title='bbox 283 1822 413 1886; x_wconf 84' lang='lat' dir='ltr'>offertur,</span> <span class='ocrx_word' id='word_1_209' title='bbox 441 1819 558 1887; x_wconf 88' lang='lat' dir='ltr'>indicat,</span> <span class='ocrx_word' id='word_1_210' title='bbox 588 1835 652 1873; x_wconf 85' lang='lat' dir='ltr'>eum</span> <span class='ocrx_word' id='word_1_211' title='bbox 675 1837 734 1874; x_wconf 84' lang='lat' dir='ltr'>esse</span> <span class='ocrx_word' id='word_1_212' title='bbox 758 1823 913 1876; x_wconf 86' lang='lat' dir='ltr'>meliorem.</span> <span class='ocrx_word' id='word_1_213' title='bbox 951 1822 1022 1873; x_wconf 91' lang='lat' dir='ltr'>Hinc</span> <span class='ocrx_word' id='word_1_214' title='bbox 1045 1826 1086 1873; x_wconf 86' lang='lat' dir='ltr'>est</span> 
     </span>
     <span class='ocr_line' id='line_1_23' title="bbox 57 1887 1086 1959; baseline -0.004 -15"><span class='ocrx_word' id='word_1_215' title='bbox 57 1890 128 1944; x_wconf 88' lang='lat' dir='ltr'>illud</span> <span class='ocrx_word' id='word_1_216' title='bbox 144 1888 479 1959; x_wconf 56' lang='lat' dir='ltr'>proverbiumrliericm</span> <span class='ocrx_word' id='word_1_217' title='bbox 496 1889 547 1941; x_wconf 78' lang='lat' dir='ltr'>ios</span> <span class='ocrx_word' id='word_1_218' title='bbox 564 1887 583 1939; x_wconf 90' lang='lat' dir='ltr'>i.</span> <span class='ocrx_word' id='word_1_219' title='bbox 598 1907 622 1940; x_wconf 91' lang='lat' dir='ltr'>e.</span> <span class='ocrx_word' id='word_1_220' title='bbox 632 1889 707 1950; x_wconf 80' lang='lat' dir='ltr'>cedo</span> <span class='ocrx_word' id='word_1_221' title='bbox 718 1889 872 1944; x_wconf 76' lang='lat' dir='ltr'>victoriam.</span> <span class='ocrx_word' id='word_1_222' title='bbox 906 1890 986 1959; x_wconf 86' lang='lat' dir='ltr'>Quod</span> <span class='ocrx_word' id='word_1_223' title='bbox 998 1892 1086 1942; x_wconf 83' lang='lat' dir='ltr'>Varro</span> 
     </span>
     <span class='ocr_line' id='line_1_24' title="bbox 56 1956 1087 2031; baseline -0.001 -21"><span class='ocrx_word' id='word_1_224' title='bbox 56 1961 89 2014; x_wconf 89' lang='lat' dir='ltr'>in</span> <span class='ocrx_word' id='word_1_225' title='bbox 106 1957 280 2031; x_wconf 73' lang='lat' dir='ltr'>Antiquitatis</span> <span class='ocrx_word' id='word_1_226' title='bbox 296 1956 373 2009; x_wconf 89' lang='lat' dir='ltr'>libris</span> <span class='ocrx_word' id='word_1_227' title='bbox 391 1957 492 2024; x_wconf 88' lang='lat' dir='ltr'>(Guelf.</span> <span class='ocrx_word' id='word_1_228' title='bbox 509 1957 530 2007; x_wconf 92' lang='grc' dir='ltr'>Ι.</span> <span class='ocrx_word' id='word_1_229' title='bbox 548 1959 628 2019; x_wconf 85' lang='lat' dir='ltr'>etiis;</span> <span class='ocrx_word' id='word_1_230' title='bbox 644 1957 677 2008; x_wconf 90' lang='lat' dir='ltr'>L.</span> <span class='ocrx_word' id='word_1_231' title='bbox 695 1958 726 2008; x_wconf 87' lang='lat' dir='ltr'>V.</span> <span class='ocrx_word' id='word_1_232' title='bbox 743 1960 803 2013; x_wconf 80' lang='lat' dir='ltr'>Vos.</span> <span class='ocrx_word' id='word_1_233' title='bbox 822 1959 913 2030; x_wconf 89' lang='lat' dir='ltr'>Steph.</span> <span class='ocrx_word' id='word_1_234' title='bbox 932 1963 963 2011; x_wconf 87' lang='lat' dir='ltr'>in</span> <span class='ocrx_word' id='word_1_235' title='bbox 981 1959 1087 2021; x_wconf 78' lang='lat' dir='ltr'>Aetiis;</span> 
     </span>
     <span class='ocr_line' id='line_1_25' title="bbox 58 2024 1088 2097; baseline -0.002 -18"><span class='ocrx_word' id='word_1_236' title='bbox 58 2027 134 2097; x_wconf 85' lang='lat' dir='ltr'>Lipo.</span> <span class='ocrx_word' id='word_1_237' title='bbox 153 2027 273 2088; x_wconf 80' lang='lat' dir='ltr'>invetas)</span> <span class='ocrx_word' id='word_1_238' title='bbox 290 2025 382 2096; x_wconf 88' lang='lat' dir='ltr'>ponit:</span> <span class='ocrx_word' id='word_1_239' title='bbox 409 2024 477 2075; x_wconf 79' lang='lat' dir='ltr'>Cum</span> <span class='ocrx_word' id='word_1_240' title='bbox 502 2026 534 2076; x_wconf 85' lang='lat' dir='ltr'>in</span> <span class='ocrx_word' id='word_1_241' title='bbox 558 2027 698 2092; x_wconf 77' lang='lat' dir='ltr'>agonibus</span> <span class='ocrx_word' id='word_1_242' title='bbox 715 2025 828 2079; x_wconf 78' lang='lat' dir='ltr'>herbam</span> <span class='ocrx_word' id='word_1_243' title='bbox 848 2031 879 2081; x_wconf 86' lang='lat' dir='ltr'>in</span> <span class='ocrx_word' id='word_1_244' title='bbox 898 2030 1010 2080; x_wconf 83' lang='lat' dir='ltr'>modum</span> <span class='ocrx_word' id='word_1_245' title='bbox 1027 2028 1088 2096; x_wconf 51' lang='lat' dir='ltr'>pale</span> 
     </span>
     <span class='ocr_line' id='line_1_26' title="bbox 58 2088 1089 2165; baseline 0.003 -21"><span class='ocrx_word' id='word_1_246' title='bbox 58 2112 120 2148; x_wconf 81' lang='lat' dir='ltr'>mne</span> <span class='ocrx_word' id='word_1_247' title='bbox 138 2096 187 2145; x_wconf 84' lang='lat' dir='ltr'>dat</span> <span class='ocrx_word' id='word_1_248' title='bbox 203 2095 311 2160; x_wconf 81' lang='lat' dir='ltr'>uliquis</span> <span class='ocrx_word' id='word_1_249' title='bbox 328 2095 369 2159; x_wconf 89' lang='lat' dir='ltr'>ei,</span> <span class='ocrx_word' id='word_1_250' title='bbox 386 2111 448 2143; x_wconf 76' lang='lat' dir='ltr'>cuin</span> <span class='ocrx_word' id='word_1_251' title='bbox 466 2110 520 2162; x_wconf 85' lang='lat' dir='ltr'>quo</span> <span class='ocrx_word' id='word_1_252' title='bbox 539 2095 700 2159; x_wconf 70' lang='lat' dir='ltr'>contendere</span> <span class='ocrx_word' id='word_1_253' title='bbox 718 2112 775 2150; x_wconf 86' lang='lat' dir='ltr'>non</span> <span class='ocrx_word' id='word_1_254' title='bbox 793 2088 912 2150; x_wconf 80' lang='lat' dir='ltr'>conatur</span> <span class='ocrx_word' id='word_1_255' title='bbox 929 2088 968 2165; x_wconf 83' lang='lat' dir='ltr'>(al</span> <span class='ocrx_word' id='word_1_256' title='bbox 992 2095 1089 2164; x_wconf 82' lang='lat' dir='ltr'>cupit),</span> 
     </span>
     <span class='ocr_line' id='line_1_27' title="bbox 59 2160 1087 2236; baseline -0.001 -19"><span class='ocrx_word' id='word_1_257' title='bbox 59 2177 86 2217; x_wconf 88' lang='lat' dir='ltr'>et</span> <span class='ocrx_word' id='word_1_258' title='bbox 97 2164 207 2232; x_wconf 77' lang='lat' dir='ltr'>fatetur</span> <span class='ocrx_word' id='word_1_259' title='bbox 224 2180 282 2215; x_wconf 83' lang='lat' dir='ltr'>esre</span> <span class='ocrx_word' id='word_1_260' title='bbox 301 2164 450 2214; x_wconf 85' lang='lat' dir='ltr'>meliorem.</span> <span class='ocrx_word' id='word_1_261' title='bbox 485 2162 544 2230; x_wconf 87' lang='lat' dir='ltr'>[Est</span> <span class='ocrx_word' id='word_1_262' title='bbox 566 2165 651 2214; x_wconf 89' lang='lat' dir='ltr'>etiam</span> <span class='ocrx_word' id='word_1_263' title='bbox 666 2163 736 2216; x_wconf 84' lang='lat' dir='ltr'>oliva</span> <span class='ocrx_word' id='word_1_264' title='bbox 777 2160 1028 2236; x_wconf 73' lang='lat' dir='ltr'>er‘Etymologiam</span> <span class='ocrx_word' id='word_1_265' title='bbox 1051 2163 1087 2216; x_wconf 72' lang='lat' dir='ltr'>ab</span> 
     </span>
     <span class='ocr_line' id='line_1_28' title="bbox 57 2185 1089 2300; baseline 0.004 -14"><span class='ocrx_word' id='word_1_266' title='bbox 57 2234 141 2299; x_wconf 85' lang='lat' dir='ltr'>Elea,</span> <span class='ocrx_word' id='word_1_267' title='bbox 169 2231 189 2282; x_wconf 85' lang='lat' dir='ltr'>i.</span> <span class='ocrx_word' id='word_1_268' title='bbox 212 2249 237 2284; x_wconf 89' lang='lat' dir='ltr'>e.</span> <span class='ocrx_word' id='word_1_269' title='bbox 260 2231 335 2295; x_wconf 89' lang='lat' dir='ltr'>olea,</span> <span class='ocrx_word' id='word_1_270' title='bbox 357 2232 431 2282; x_wconf 88' lang='lat' dir='ltr'>dicta</span> <span class='ocrx_word' id='word_1_271' title='bbox 453 2247 524 2300; x_wconf 87' lang='lat' dir='ltr'>quae</span> <span class='ocrx_word' id='word_1_272' title='bbox 546 2231 736 2285; x_wconf 81' lang='lat' dir='ltr'>misericordia</span> <span class='ocrx_word' id='word_1_273' title='bbox 757 2185 874 2298; x_wconf 58' lang='lat' dir='ltr'>diuitum</span> <span class='ocrx_word' id='word_1_274' title='bbox 902 2236 921 2288; x_wconf 90' lang='lat' dir='ltr'>i.</span> <span class='ocrx_word' id='word_1_275' title='bbox 945 2255 969 2288; x_wconf 91' lang='lat' dir='ltr'>e.</span> <span class='ocrx_word' id='word_1_276' title='bbox 996 2230 1089 2299; x_wconf 54' lang='grc' dir='ltr'>ἕλω]</span> 
     </span>
     <span class='ocr_line' id='line_1_29' title="bbox 63 2298 1089 2369; baseline 0.006 -18"><span class='ocrx_word' id='word_1_277' title='bbox 63 2301 156 2352; x_wconf 78' lang='lat' dir='ltr'>Vince</span> <span class='ocrx_word' id='word_1_278' title='bbox 172 2307 266 2352; x_wconf 84' lang='lat' dir='ltr'>autem</span> <span class='ocrx_word' id='word_1_279' title='bbox 282 2298 368 2351; x_wconf 86' lang='lat' dir='ltr'>habet</span> <span class='ocrx_word' id='word_1_280' title='bbox 384 2315 476 2351; x_wconf 85' lang='lat' dir='ltr'>ramus</span> <span class='ocrx_word' id='word_1_281' title='bbox 493 2299 578 2352; x_wconf 86' lang='lat' dir='ltr'>olivae</span> <span class='ocrx_word' id='word_1_282' title='bbox 594 2299 675 2367; x_wconf 87' lang='lat' dir='ltr'>ideo,</span> <span class='ocrx_word' id='word_1_283' title='bbox 694 2310 726 2353; x_wconf 90' lang='lat' dir='ltr'>ut</span> <span class='ocrx_word' id='word_1_284' title='bbox 748 2303 878 2357; x_wconf 87' lang='lat' dir='ltr'>inertiam</span> <span class='ocrx_word' id='word_1_285' title='bbox 895 2313 923 2357; x_wconf 90' lang='lat' dir='ltr'>et</span> <span class='ocrx_word' id='word_1_286' title='bbox 944 2303 1089 2369; x_wconf 70' lang='lat' dir='ltr'>imbecilli-</span> 
     </span>
     <span class='ocr_line' id='line_1_30' title="bbox 58 2366 1089 2444; baseline 0 -22"><span class='ocrx_word' id='word_1_287' title='bbox 58 2379 147 2422; x_wconf 83' lang='lat' dir='ltr'>tatem</span> <span class='ocrx_word' id='word_1_288' title='bbox 165 2368 304 2421; x_wconf 85' lang='lat' dir='ltr'>offerentis</span> <span class='ocrx_word' id='word_1_289' title='bbox 321 2370 452 2421; x_wconf 85' lang='lat' dir='ltr'>ostendat.</span> <span class='ocrx_word' id='word_1_290' title='bbox 485 2366 591 2420; x_wconf 86' lang='lat' dir='ltr'>Scimus</span> <span class='ocrx_word' id='word_1_291' title='bbox 607 2369 683 2422; x_wconf 89' lang='lat' dir='ltr'>enim</span> <span class='ocrx_word' id='word_1_292' title='bbox 699 2386 775 2438; x_wconf 85' lang='lat' dir='ltr'>oves,</span> <span class='ocrx_word' id='word_1_293' title='bbox 797 2375 883 2441; x_wconf 89' lang='lat' dir='ltr'>[unde</span> <span class='ocrx_word' id='word_1_294' title='bbox 898 2374 963 2427; x_wconf 81' lang='lat' dir='ltr'>lana</span> <span class='ocrx_word' id='word_1_295' title='bbox 979 2371 1089 2444; x_wconf 86' lang='lat' dir='ltr'>equarit</span> 
     </span>
    </p>

    <p class='ocr_par' dir='ltr' id='par_1_14' title="bbox 13 2436 1200 4084">
     <span class='ocr_line' id='line_1_31' title="bbox 13 2436 1089 2510; baseline 0.003 -20"><span class='ocrx_word' id='word_1_296' title='bbox 13 2490 16 2497; x_wconf 83' lang='grc'><strong>,</strong></span> <span class='ocrx_word' id='word_1_297' title='bbox 58 2441 74 2475; x_wconf 86' lang='lat'>*</span> <span class='ocrx_word' id='word_1_298' title='bbox 92 2444 121 2504; x_wconf 85' lang='lat' dir='ltr'>(e</span> <span class='ocrx_word' id='word_1_299' title='bbox 133 2455 189 2507; x_wconf 82' lang='lat' dir='ltr'>quc</span> <span class='ocrx_word' id='word_1_300' title='bbox 206 2439 293 2499; x_wconf 81' lang='lat' dir='ltr'>uittc3</span> <span class='ocrx_word' id='word_1_301' title='bbox 311 2438 344 2488; x_wconf 87' lang='lat' dir='ltr'>al.</span> <span class='ocrx_word' id='word_1_302' title='bbox 358 2440 415 2502; x_wconf 82' lang='lat' dir='ltr'>peti</span> <span class='ocrx_word' id='word_1_303' title='bbox 433 2436 547 2501; x_wconf 63' lang='lat' dir='ltr'>suerin]</span> <span class='ocrx_word' id='word_1_304' title='bbox 564 2453 648 2506; x_wconf 83' lang='lat' dir='ltr'>egere</span> <span class='ocrx_word' id='word_1_305' title='bbox 665 2438 755 2492; x_wconf 82' lang='lat' dir='ltr'>alieno</span> <span class='ocrx_word' id='word_1_306' title='bbox 772 2457 831 2494; x_wconf 86' lang='lat' dir='ltr'>sem</span> <span class='ocrx_word' id='word_1_307' title='bbox 851 2460 882 2495; x_wconf 90' lang='lat' dir='ltr'>er</span> <span class='ocrx_word' id='word_1_308' title='bbox 899 2443 1006 2495; x_wconf 83' lang='lat' dir='ltr'>auxilio.</span> <span class='ocrx_word' id='word_1_309' title='bbox 1026 2444 1089 2510; x_wconf 84' lang='lat' dir='ltr'>[Aut</span> 
     </span>
     <span class='ocr_line' id='line_1_32' title="bbox 58 2461 1089 2580; baseline 0.002 -21"><span class='ocrx_word' id='word_1_310' title='bbox 58 2508 126 2577; x_wconf 85' lang='lat' dir='ltr'>quia</span> <span class='ocrx_word' id='word_1_311' title='bbox 143 2514 170 2559; x_wconf 89' lang='lat' dir='ltr'>et</span> <span class='ocrx_word' id='word_1_312' title='bbox 186 2505 250 2558; x_wconf 85' lang='lat' dir='ltr'>lana</span> <span class='ocrx_word' id='word_1_313' title='bbox 265 2505 296 2556; x_wconf 90' lang='lat' dir='ltr'>in</span> <span class='ocrx_word' id='word_1_314' title='bbox 312 2506 398 2558; x_wconf 81' lang='lat' dir='ltr'>tutela</span> <span class='ocrx_word' id='word_1_315' title='bbox 414 2505 556 2558; x_wconf 88' lang='lat' dir='ltr'>Minervae</span> <span class='ocrx_word' id='word_1_316' title='bbox 573 2508 623 2572; x_wconf 87' lang='lat' dir='ltr'>sit,</span> <span class='ocrx_word' id='word_1_317' title='bbox 647 2524 717 2574; x_wconf 85' lang='lat' dir='ltr'>quae</span> <span class='ocrx_word' id='word_1_318' title='bbox 734 2511 809 2576; x_wconf 82' lang='lat' dir='ltr'>pacis</span> <span class='ocrx_word' id='word_1_319' title='bbox 831 2461 954 2580; x_wconf 54' lang='lat' dir='ltr'>lallique</span> <span class='ocrx_word' id='word_1_320' title='bbox 975 2513 1010 2564; x_wconf 88' lang='lat' dir='ltr'>sit</span> <span class='ocrx_word' id='word_1_321' title='bbox 1032 2510 1089 2562; x_wconf 91' lang='lat' dir='ltr'>cul-</span> 
     </span>
     <span class='ocr_line' id='line_1_33' title="bbox 58 2573 1084 2648; baseline 0.002 -21"><span class='ocrx_word' id='word_1_322' title='bbox 58 2575 129 2642; x_wconf 83' lang='lat' dir='ltr'>trix,</span> <span class='ocrx_word' id='word_1_323' title='bbox 150 2581 199 2626; x_wconf 88' lang='lat' dir='ltr'>aut</span> <span class='ocrx_word' id='word_1_324' title='bbox 214 2573 279 2640; x_wconf 87' lang='lat' dir='ltr'>quia</span> <span class='ocrx_word' id='word_1_325' title='bbox 301 2575 369 2626; x_wconf 88' lang='lat' dir='ltr'>mite</span> <span class='ocrx_word' id='word_1_326' title='bbox 393 2583 422 2639; x_wconf 81' lang='lat' dir='ltr'>et</span> <span class='ocrx_word' id='word_1_327' title='bbox 437 2573 562 2642; x_wconf 81' lang='lat' dir='ltr'>quietum</span> <span class='ocrx_word' id='word_1_328' title='bbox 584 2575 689 2627; x_wconf 81' lang='lat' dir='ltr'>ardmal</span> <span class='ocrx_word' id='word_1_329' title='bbox 704 2586 745 2628; x_wconf 80' lang='lat' dir='ltr'>eat</span> <span class='ocrx_word' id='word_1_330' title='bbox 768 2579 838 2646; x_wconf 83' lang='lat' dir='ltr'>ovis,</span> <span class='ocrx_word' id='word_1_331' title='bbox 859 2581 936 2631; x_wconf 88' lang='lat' dir='ltr'>cuius</span> <span class='ocrx_word' id='word_1_332' title='bbox 960 2579 1084 2648; x_wconf 86' lang='lat' dir='ltr'>quietem</span> 
     </span>
     <span class='ocr_line' id='line_1_34' title="bbox 58 2641 1088 2715; baseline 0 -17"><span class='ocrx_word' id='word_1_333' title='bbox 58 2644 165 2698; x_wconf 84' lang='lat' dir='ltr'>habere</span> <span class='ocrx_word' id='word_1_334' title='bbox 181 2642 298 2708; x_wconf 88' lang='lat' dir='ltr'>debent,</span> <span class='ocrx_word' id='word_1_335' title='bbox 322 2641 369 2709; x_wconf 92' lang='lat' dir='ltr'>qui</span> <span class='ocrx_word' id='word_1_336' title='bbox 391 2641 422 2693; x_wconf 89' lang='lat' dir='ltr'>in</span> <span class='ocrx_word' id='word_1_337' title='bbox 444 2641 540 2694; x_wconf 84' lang='lat' dir='ltr'>foedus</span> <span class='ocrx_word' id='word_1_338' title='bbox 564 2648 594 2694; x_wconf 91' lang='lat' dir='ltr'>et</span> <span class='ocrx_word' id='word_1_339' title='bbox 616 2644 769 2697; x_wconf 84' lang='lat' dir='ltr'>amicitiam</span> <span class='ocrx_word' id='word_1_340' title='bbox 792 2653 900 2700; x_wconf 74' lang='lat' dir='ltr'>coeunt.</span> <span class='ocrx_word' id='word_1_341' title='bbox 941 2647 1088 2715; x_wconf 82' lang='lat' dir='ltr'>Quaeritur</span> 
     </span>
     <span class='ocr_line' id='line_1_35' title="bbox 57 2710 1088 2793; baseline 0 -28"><span class='ocrx_word' id='word_1_342' title='bbox 57 2722 155 2766; x_wconf 87' lang='lat' dir='ltr'>autem</span> <span class='ocrx_word' id='word_1_343' title='bbox 178 2710 243 2779; x_wconf 87' lang='lat' dir='ltr'>quid</span> <span class='ocrx_word' id='word_1_344' title='bbox 260 2710 358 2763; x_wconf 84' lang='lat' dir='ltr'>dixerit</span> <span class='ocrx_word' id='word_1_345' title='bbox 374 2722 511 2793; x_wconf 78' lang='lat' dir='ltr'>comptos,</span> <span class='ocrx_word' id='word_1_346' title='bbox 533 2711 583 2762; x_wconf 87' lang='lat' dir='ltr'>sed</span> <span class='ocrx_word' id='word_1_347' title='bbox 605 2719 636 2762; x_wconf 91' lang='lat' dir='ltr'>ut</span> <span class='ocrx_word' id='word_1_348' title='bbox 658 2715 751 2763; x_wconf 81' lang='lat' dir='ltr'>crines</span> <span class='ocrx_word' id='word_1_349' title='bbox 774 2719 848 2767; x_wconf 89' lang='lat' dir='ltr'>comi</span> <span class='ocrx_word' id='word_1_350' title='bbox 871 2715 1000 2780; x_wconf 86' lang='lat' dir='ltr'>dicimus,</span> <span class='ocrx_word' id='word_1_351' title='bbox 1023 2730 1088 2767; x_wconf 89' lang='lat' dir='ltr'>cum</span> 
     </span>
     <span class='ocr_line' id='line_1_36' title="bbox 59 2778 1109 2851; baseline 0.002 -22"><span class='ocrx_word' id='word_1_352' title='bbox 59 2786 223 2843; x_wconf 80' lang='lat' dir='ltr'>nactrmtur,</span> <span class='ocrx_word' id='word_1_353' title='bbox 244 2778 284 2830; x_wconf 88' lang='lat' dir='ltr'>ita</span> <span class='ocrx_word' id='word_1_354' title='bbox 308 2785 335 2830; x_wconf 89' lang='lat' dir='ltr'>et</span> <span class='ocrx_word' id='word_1_355' title='bbox 357 2778 403 2833; x_wconf 90' lang='lat' dir='ltr'>hic</span> <span class='ocrx_word' id='word_1_356' title='bbox 421 2779 505 2830; x_wconf 83' lang='lat' dir='ltr'>etiam</span> <span class='ocrx_word' id='word_1_357' title='bbox 530 2796 624 2830; x_wconf 85' lang='lat' dir='ltr'>ramos</span> <span class='ocrx_word' id='word_1_358' title='bbox 641 2793 763 2847; x_wconf 85' lang='lat' dir='ltr'>comptos</span> <span class='ocrx_word' id='word_1_359' title='bbox 781 2791 810 2834; x_wconf 91' lang='lat' dir='ltr'>et</span> <span class='ocrx_word' id='word_1_360' title='bbox 824 2785 940 2851; x_wconf 79' lang='lat' dir='ltr'>illigatos</span> <span class='ocrx_word' id='word_1_361' title='bbox 956 2784 1088 2849; x_wconf 72' lang='lat' dir='ltr'>intellige,</span> <span class='ocrx_word' id='word_1_362' title='bbox 1106 2822 1109 2831; x_wconf 34' lang='grc' dir='ltr'><strong><em>ι</em></strong></span> 
     </span>
     <span class='ocr_line' id='line_1_37' title="bbox 58 2845 1088 2921; baseline 0.005 -25"><span class='ocrx_word' id='word_1_363' title='bbox 58 2859 92 2901; x_wconf 88' lang='lat' dir='ltr'>ut</span> <span class='ocrx_word' id='word_1_364' title='bbox 108 2849 167 2920; x_wconf 85' lang='lat' dir='ltr'>ipse</span> <span class='ocrx_word' id='word_1_365' title='bbox 184 2851 235 2913; x_wconf 85' lang='lat'>(7,</span> <span class='ocrx_word' id='word_1_366' title='bbox 252 2847 336 2906; x_wconf 77' lang='lat'>418.):</span> <span class='ocrx_word' id='word_1_367' title='bbox 361 2845 433 2897; x_wconf 87' lang='lat' dir='ltr'>Tum</span> <span class='ocrx_word' id='word_1_368' title='bbox 452 2860 562 2897; x_wconf 81' lang='lat' dir='ltr'>ramum</span> <span class='ocrx_word' id='word_1_369' title='bbox 580 2850 698 2900; x_wconf 80' lang='lat' dir='ltr'>innectit</span> <span class='ocrx_word' id='word_1_370' title='bbox 715 2850 814 2902; x_wconf 84' lang='lat' dir='ltr'>oliuae.</span> <span class='ocrx_word' id='word_1_371' title='bbox 849 2853 924 2921; x_wconf 73' lang='lat' dir='ltr'>Ergo</span> <span class='ocrx_word' id='word_1_372' title='bbox 942 2853 1014 2920; x_wconf 85' lang='lat' dir='ltr'>quod</span> <span class='ocrx_word' id='word_1_373' title='bbox 1032 2852 1088 2905; x_wconf 87' lang='lat' dir='ltr'>illic</span> 
     </span>
     <span class='ocr_line' id='line_1_38' title="bbox 60 2912 1089 2988; baseline 0.003 -21"><span class='ocrx_word' id='word_1_374' title='bbox 60 2919 195 2983; x_wconf 79' lang='lat' dir='ltr'>innectit,</span> <span class='ocrx_word' id='word_1_375' title='bbox 219 2914 265 2966; x_wconf 89' lang='lat' dir='ltr'>hic</span> <span class='ocrx_word' id='word_1_376' title='bbox 290 2927 411 2982; x_wconf 74' lang='lat' dir='ltr'>comptos</span> <span class='ocrx_word' id='word_1_377' title='bbox 434 2912 526 2978; x_wconf 80' lang='lat' dir='ltr'>dixit]</span> <span class='ocrx_word' id='word_1_378' title='bbox 571 2914 681 2979; x_wconf 78' lang='lat' dir='ltr'>Voluit3</span> <span class='ocrx_word' id='word_1_379' title='bbox 708 2917 775 2970; x_wconf 87' lang='lat' dir='ltr'>hinc</span> <span class='ocrx_word' id='word_1_380' title='bbox 797 2936 862 2972; x_wconf 89' lang='lat' dir='ltr'>eum</span> <span class='ocrx_word' id='word_1_381' title='bbox 886 2921 993 2984; x_wconf 87' lang='lat' dir='ltr'>laudat,</span> <span class='ocrx_word' id='word_1_382' title='bbox 1015 2920 1089 2988; x_wconf 86' lang='lat' dir='ltr'>quod</span> 
     </span>
     <span class='ocr_line' id='line_1_39' title="bbox 58 2982 1168 3056; baseline 0.001 -17"><span class='ocrx_word' id='word_1_383' title='bbox 58 2994 153 3039; x_wconf 86' lang='lat' dir='ltr'>tantus</span> <span class='ocrx_word' id='word_1_384' title='bbox 184 3000 249 3038; x_wconf 89' lang='lat' dir='ltr'>eum</span> <span class='ocrx_word' id='word_1_385' title='bbox 279 2983 319 3053; x_wconf 85' lang='lat' dir='ltr'>vir</span> <span class='ocrx_word' id='word_1_386' title='bbox 350 2999 451 3052; x_wconf 75' lang='lat' dir='ltr'>rogare</span> <span class='ocrx_word' id='word_1_387' title='bbox 481 2983 662 3050; x_wconf 85' lang='lat' dir='ltr'>compellitur.</span> <span class='ocrx_word' id='word_1_388' title='bbox 687 3010 742 3024; x_wconf 94' lang='lat'>·-·</span> <span class='ocrx_word' id='word_1_389' title='bbox 770 2993 831 3046; x_wconf 80' lang='lat'><strong>129.</strong></span> <span class='ocrx_word' id='word_1_390' title='bbox 855 2989 990 3041; x_wconf 85' lang='lat' dir='ltr'>Danaum</span> <span class='ocrx_word' id='word_1_391' title='bbox 1016 2982 1108 3056; x_wconf 79' lang='lat' dir='ltr'>quc&#39;i&#39;</span> <span class='ocrx_word' id='word_1_392' title='bbox 1164 3000 1168 3008; x_wconf 89' lang='grc'><strong><em>·</em></strong></span> 
     </span>
     <span class='ocr_line' id='line_1_40' title="bbox 59 3051 1089 3121; baseline 0 -14"><span class='ocrx_word' id='word_1_393' title='bbox 59 3058 176 3120; x_wconf 80' lang='lat' dir='ltr'>ductor,</span> <span class='ocrx_word' id='word_1_394' title='bbox 198 3064 223 3104; x_wconf 85' lang='lat' dir='ltr'>et</span> <span class='ocrx_word' id='word_1_395' title='bbox 239 3051 343 3114; x_wconf 78' lang='lat' dir='ltr'>Arecs3</span> <span class='ocrx_word' id='word_1_396' title='bbox 366 3069 419 3105; x_wconf 88' lang='lat' dir='ltr'>nec</span> <span class='ocrx_word' id='word_1_397' title='bbox 435 3051 509 3119; x_wconf 86' lang='lat' dir='ltr'>quod</span> <span class='ocrx_word' id='word_1_398' title='bbox 526 3051 734 3107; x_wconf 86' lang='lat' dir='ltr'>multitudinem</span> <span class='ocrx_word' id='word_1_399' title='bbox 750 3055 868 3121; x_wconf 80' lang='lat' dir='ltr'>haberer</span> <span class='ocrx_word' id='word_1_400' title='bbox 885 3058 1012 3112; x_wconf 83' lang='lat' dir='ltr'>extimui:</span> <span class='ocrx_word' id='word_1_401' title='bbox 1036 3073 1089 3112; x_wconf 85' lang='lat' dir='ltr'>uec</span> 
     </span>
     <span class='ocr_line' id='line_1_41' title="bbox 58 3119 1089 3194; baseline 0.003 -20"><span class='ocrx_word' id='word_1_402' title='bbox 58 3124 137 3194; x_wconf 86' lang='lat' dir='ltr'>quod</span> <span class='ocrx_word' id='word_1_403' title='bbox 152 3137 223 3174; x_wconf 85' lang='lat' dir='ltr'>esses</span> <span class='ocrx_word' id='word_1_404' title='bbox 240 3122 337 3185; x_wconf 82' lang='lat' dir='ltr'>Arcas,</span> <span class='ocrx_word' id='word_1_405' title='bbox 359 3129 391 3171; x_wconf 91' lang='lat' dir='ltr'>ut</span> <span class='ocrx_word' id='word_1_406' title='bbox 406 3120 470 3173; x_wconf 85' lang='lat' dir='ltr'>illuc</span> <span class='ocrx_word' id='word_1_407' title='bbox 494 3119 548 3170; x_wconf 86' lang='lat' dir='ltr'>huc</span> <span class='ocrx_word' id='word_1_408' title='bbox 564 3120 660 3173; x_wconf 87' lang='lat' dir='ltr'>tendat</span> <span class='ocrx_word' id='word_1_409' title='bbox 683 3123 785 3191; x_wconf 82' lang='lat' dir='ltr'>(Gueli.</span> <span class='ocrx_word' id='word_1_410' title='bbox 802 3126 822 3178; x_wconf 83' lang='lat' dir='ltr'>l.</span> <span class='ocrx_word' id='word_1_411' title='bbox 840 3128 915 3179; x_wconf 78' lang='lat' dir='ltr'>iliud</span> <span class='ocrx_word' id='word_1_412' title='bbox 933 3127 1089 3189; x_wconf 59' lang='lat' dir='ltr'>ostendant</span> 
     </span>
     <span class='ocr_line' id='line_1_42' title="bbox 58 3186 1089 3269; baseline 0.002 -28"><span class='ocrx_word' id='word_1_413' title='bbox 58 3191 204 3269; x_wconf 76' lang='lat' dir='ltr'>[Geminis</span> <span class='ocrx_word' id='word_1_414' title='bbox 229 3191 397 3241; x_wconf 83' lang='lat' dir='ltr'>coniunctus</span> <span class='ocrx_word' id='word_1_415' title='bbox 419 3186 563 3253; x_wconf 80' lang='lat' dir='ltr'>Atridis‚]</span> <span class='ocrx_word' id='word_1_416' title='bbox 591 3188 610 3241; x_wconf 89' lang='lat' dir='ltr'>i.</span> <span class='ocrx_word' id='word_1_417' title='bbox 635 3208 659 3241; x_wconf 86' lang='lat' dir='ltr'>e.</span> <span class='ocrx_word' id='word_1_418' title='bbox 684 3193 887 3259; x_wconf 79' lang='lat' dir='ltr'>Agamemnoni</span> <span class='ocrx_word' id='word_1_419' title='bbox 909 3204 938 3248; x_wconf 81' lang='lat' dir='ltr'>et</span> <span class='ocrx_word' id='word_1_420' title='bbox 962 3196 1089 3249; x_wconf 76' lang='lat' dir='ltr'>Menelao</span> 
     </span>
     <span class='ocr_line' id='line_1_43' title="bbox 60 3256 1091 3335; baseline 0.005 -24"><span class='ocrx_word' id='word_1_421' title='bbox 60 3257 225 3329; x_wconf 70' lang='lat' dir='ltr'>cognatione</span> <span class='ocrx_word' id='word_1_422' title='bbox 242 3257 409 3309; x_wconf 85' lang='lat' dir='ltr'>coniunctus.</span> <span class='ocrx_word' id='word_1_423' title='bbox 443 3256 481 3307; x_wconf 84' lang='lat' dir='ltr'>Et</span> <span class='ocrx_word' id='word_1_424' title='bbox 495 3257 549 3308; x_wconf 89' lang='lat' dir='ltr'>hoc</span> <span class='ocrx_word' id='word_1_425' title='bbox 566 3257 601 3308; x_wconf 91' lang='lat' dir='ltr'>ad</span> <span class='ocrx_word' id='word_1_426' title='bbox 617 3257 729 3313; x_wconf 83' lang='lat' dir='ltr'>laudem</span> <span class='ocrx_word' id='word_1_427' title='bbox 745 3261 869 3316; x_wconf 85' lang='lat' dir='ltr'>Euandri</span> <span class='ocrx_word' id='word_1_428' title='bbox 885 3264 1020 3335; x_wconf 87' lang='lat' dir='ltr'>pertinet,</span> <span class='ocrx_word' id='word_1_429' title='bbox 1041 3263 1091 3331; x_wconf 80' lang='lat' dir='ltr'>qui</span> 
     </span>
     <span class='ocr_line' id='line_1_44' title="bbox 59 3325 1092 3404; baseline 0.003 -23"><span class='ocrx_word' id='word_1_430' title='bbox 59 3329 193 3404; x_wconf 77' lang='lat' dir='ltr'>qualitate</span> <span class='ocrx_word' id='word_1_431' title='bbox 216 3341 327 3377; x_wconf 90' lang='lat' dir='ltr'>morum</span> <span class='ocrx_word' id='word_1_432' title='bbox 345 3325 448 3379; x_wconf 89' lang='lat' dir='ltr'>meruit</span> <span class='ocrx_word' id='word_1_433' title='bbox 469 3340 526 3377; x_wconf 87' lang='lat' dir='ltr'>non</span> <span class='ocrx_word' id='word_1_434' title='bbox 549 3325 652 3380; x_wconf 86' lang='lat' dir='ltr'>timeri.</span> <span class='ocrx_word' id='word_1_435' title='bbox 696 3330 783 3382; x_wconf 82' lang='lat' dir='ltr'>Fores</span> <span class='ocrx_word' id='word_1_436' title='bbox 790 3353 800 3393; x_wconf 93' lang='lat'>,·</span> <span class='ocrx_word' id='word_1_437' title='bbox 822 3349 874 3402; x_wconf 91' lang='lat' dir='ltr'>pro</span> <span class='ocrx_word' id='word_1_438' title='bbox 892 3334 1020 3402; x_wconf 63' lang='lat' dir='ltr'>fuissem</span> <span class='ocrx_word' id='word_1_439' title='bbox 1043 3330 1092 3384; x_wconf 82' lang='lat' dir='ltr'>sed</span> 
     </span>
     <span class='ocr_line' id='line_1_45' title="bbox 59 3393 1200 3466; baseline -0.01 -16"><span class='ocrx_word' id='word_1_440' title='bbox 59 3397 215 3456; x_wconf 79' lang='lat' dir='ltr'>notandum</span> <span class='ocrx_word' id='word_1_441' title='bbox 233 3393 315 3462; x_wconf 83' lang='lat' dir='ltr'>fores</span> <span class='ocrx_word' id='word_1_442' title='bbox 340 3396 375 3448; x_wconf 86' lang='lat' dir='ltr'>da</span> <span class='ocrx_word' id='word_1_443' title='bbox 397 3394 555 3465; x_wconf 85' lang='lat' dir='ltr'>praeterito.</span> <span class='ocrx_word' id='word_1_444' title='bbox 578 3421 613 3435; x_wconf 90' lang='lat'><em>-</em></span> <span class='ocrx_word' id='word_1_445' title='bbox 662 3403 723 3456; x_wconf 84' lang='lat'><strong>130.</strong></span> <span class='ocrx_word' id='word_1_446' title='bbox 746 3397 896 3466; x_wconf 84' lang='lat' dir='ltr'>[Geminis</span> <span class='ocrx_word' id='word_1_447' title='bbox 921 3401 1090 3453; x_wconf 85' lang='lat' dir='ltr'>coniunctus</span> <span class='ocrx_word' id='word_1_448' title='bbox 1196 3432 1200 3439; x_wconf 93' lang='lat'>.</span> 
     </span>
     <span class='ocr_line' id='line_1_46' title="bbox 59 3463 1092 3542; baseline 0.002 -25"><span class='ocrx_word' id='word_1_449' title='bbox 59 3467 187 3527; x_wconf 72' lang='lat' dir='ltr'>Atridi53</span> <span class='ocrx_word' id='word_1_450' title='bbox 217 3465 344 3532; x_wconf 77' lang='lat' dir='ltr'>gentinos</span> <span class='ocrx_word' id='word_1_451' title='bbox 374 3465 419 3516; x_wconf 89' lang='lat' dir='ltr'>hic</span> <span class='ocrx_word' id='word_1_452' title='bbox 446 3463 528 3524; x_wconf 64' lang='lat' dir='ltr'>duom</span> <span class='ocrx_word' id='word_1_453' title='bbox 559 3464 639 3519; x_wconf 88' lang='lat' dir='ltr'>aliter</span> <span class='ocrx_word' id='word_1_454' title='bbox 668 3469 790 3534; x_wconf 77' lang='lat' dir='ltr'>gemini,</span> <span class='ocrx_word' id='word_1_455' title='bbox 819 3485 875 3522; x_wconf 87' lang='lat' dir='ltr'>uno</span> <span class='ocrx_word' id='word_1_456' title='bbox 904 3479 985 3542; x_wconf 82' lang='lat' dir='ltr'>partu</span> <span class='ocrx_word' id='word_1_457' title='bbox 1016 3469 1092 3525; x_wconf 87' lang='lat' dir='ltr'>editi.</span> 
     </span>
     <span class='ocr_line' id='line_1_47' title="bbox 60 3530 1092 3608; baseline 0.004 -20"><span class='ocrx_word' id='word_1_458' title='bbox 60 3534 211 3608; x_wconf 79' lang='lat' dir='ltr'>Quaeritur</span> <span class='ocrx_word' id='word_1_459' title='bbox 228 3549 308 3597; x_wconf 85' lang='lat' dir='ltr'>rane,</span> <span class='ocrx_word' id='word_1_460' title='bbox 331 3533 402 3586; x_wconf 88' lang='lat' dir='ltr'>unde</span> <span class='ocrx_word' id='word_1_461' title='bbox 419 3531 550 3584; x_wconf 89' lang='lat' dir='ltr'>Euander</span> <span class='ocrx_word' id='word_1_462' title='bbox 566 3530 667 3586; x_wconf 79' lang='lat' dir='ltr'>Atridis</span> <span class='ocrx_word' id='word_1_463' title='bbox 684 3551 787 3603; x_wconf 78' lang='lat' dir='ltr'>genere</span> <span class='ocrx_word' id='word_1_464' title='bbox 811 3538 895 3592; x_wconf 90' lang='lat' dir='ltr'>fuerit</span> <span class='ocrx_word' id='word_1_465' title='bbox 911 3537 1092 3593; x_wconf 75' lang='lat' dir='ltr'>coniunctus?</span> 
     </span>
     <span class='ocr_line' id='line_1_48' title="bbox 60 3598 1092 3671; baseline 0.007 -20"><span class='ocrx_word' id='word_1_466' title='bbox 60 3616 91 3661; x_wconf 66' lang='lat' dir='ltr'>et</span> <span class='ocrx_word' id='word_1_467' title='bbox 120 3601 242 3671; x_wconf 86' lang='lat' dir='ltr'>quamvis</span> <span class='ocrx_word' id='word_1_468' title='bbox 264 3599 397 3654; x_wconf 80' lang='lat' dir='ltr'>Hosiodsu</span> <span class='ocrx_word' id='word_1_469' title='bbox 428 3598 516 3664; x_wconf 85' lang='lat' dir='ltr'>dicat,</span> <span class='ocrx_word' id='word_1_470' title='bbox 544 3602 662 3668; x_wconf 76' lang='lat' dir='ltr'>qualiter</span> <span class='ocrx_word' id='word_1_471' title='bbox 692 3604 852 3658; x_wconf 85' lang='lat' dir='ltr'>coniunctus</span> <span class='ocrx_word' id='word_1_472' title='bbox 881 3607 918 3660; x_wconf 85' lang='lat' dir='ltr'>sit</span> <span class='ocrx_word' id='word_1_473' title='bbox 947 3607 1092 3661; x_wconf 83' lang='lat' dir='ltr'>Euander:</span> 
     </span>
     <span class='ocr_line' id='line_1_49' title="bbox 60 3669 1091 3751; baseline 0.001 -23"><span class='ocrx_word' id='word_1_474' title='bbox 60 3686 160 3728; x_wconf 87' lang='lat' dir='ltr'>tamen</span> <span class='ocrx_word' id='word_1_475' title='bbox 222 3670 298 3722; x_wconf 87' lang='lat' dir='ltr'>idam</span> <span class='ocrx_word' id='word_1_476' title='bbox 320 3669 399 3723; x_wconf 88' lang='lat' dir='ltr'>aiunt</span> <span class='ocrx_word' id='word_1_477' title='bbox 415 3669 551 3735; x_wconf 85' lang='lat' dir='ltr'>Thyestae</span> <span class='ocrx_word' id='word_1_478' title='bbox 574 3669 643 3723; x_wconf 82' lang='lat' dir='ltr'>filias</span> <span class='ocrx_word' id='word_1_479' title='bbox 666 3671 773 3724; x_wconf 91' lang='lat' dir='ltr'>Ledam</span> <span class='ocrx_word' id='word_1_480' title='bbox 797 3682 826 3727; x_wconf 87' lang='lat' dir='ltr'>et</span> <span class='ocrx_word' id='word_1_481' title='bbox 847 3677 1091 3751; x_wconf 72' lang='lat' dir='ltr'>Hypermestram</span> 
     </span>
     <span class='ocr_line' id='line_1_50' title="bbox 59 3736 1141 3809; baseline 0.002 -16"><span class='ocrx_word' id='word_1_482' title='bbox 59 3742 158 3806; x_wconf 76' lang='lat' dir='ltr'>fuisse,</span> <span class='ocrx_word' id='word_1_483' title='bbox 212 3738 280 3791; x_wconf 84' lang='lat' dir='ltr'>edae</span> <span class='ocrx_word' id='word_1_484' title='bbox 311 3745 340 3791; x_wconf 88' lang='lat' dir='ltr'>et</span> <span class='ocrx_word' id='word_1_485' title='bbox 369 3737 508 3805; x_wconf 78' lang='lat' dir='ltr'>Tyndarei</span> <span class='ocrx_word' id='word_1_486' title='bbox 535 3736 604 3790; x_wconf 82' lang='lat' dir='ltr'>filias</span> <span class='ocrx_word' id='word_1_487' title='bbox 627 3739 869 3809; x_wconf 73' lang='lat' dir='ltr'>clytemnestram,</span> <span class='ocrx_word' id='word_1_488' title='bbox 901 3744 1035 3798; x_wconf 85' lang='lat' dir='ltr'>Helenam</span> <span class='ocrx_word' id='word_1_489' title='bbox 1064 3751 1095 3796; x_wconf 90' lang='lat' dir='ltr'>et</span> <span class='ocrx_word' id='word_1_490' title='bbox 1137 3782 1141 3791; x_wconf 79' lang='grc'><strong>,</strong></span> 
     </span>
     <span class='ocr_line' id='line_1_51' title="bbox 58 3806 1088 3880; baseline 0.003 -20"><span class='ocrx_word' id='word_1_491' title='bbox 58 3808 249 3880; x_wconf 73' lang='lat' dir='ltr'>Tymandram</span> <span class='ocrx_word' id='word_1_492' title='bbox 265 3807 347 3858; x_wconf 82' lang='lat' dir='ltr'>fuisse</span> <span class='ocrx_word' id='word_1_493' title='bbox 366 3823 450 3874; x_wconf 88' lang='lat' dir='ltr'>quam</span> <span class='ocrx_word' id='word_1_494' title='bbox 467 3806 543 3859; x_wconf 80' lang='lat' dir='ltr'>duxit</span> <span class='ocrx_word' id='word_1_495' title='bbox 558 3824 671 3861; x_wconf 82' lang='lat' dir='ltr'>uxorem</span> <span class='ocrx_word' id='word_1_496' title='bbox 688 3809 827 3862; x_wconf 86' lang='lat' dir='ltr'>Cohemus</span> <span class='ocrx_word' id='word_1_497' title='bbox 843 3814 856 3844; x_wconf 74' lang='lat'>⁴¹</span> <span class='ocrx_word' id='word_1_498' title='bbox 872 3813 1034 3878; x_wconf 67' lang='lat' dir='ltr'>(Echemm</span> <span class='ocrx_word' id='word_1_499' title='bbox 1052 3813 1088 3867; x_wconf 89' lang='lat' dir='ltr'>al.</span> 
     </span>
     <span class='ocr_line' id='line_1_52' title="bbox 59 3875 1094 3942; baseline 0.002 -13"><span class='ocrx_word' id='word_1_500' title='bbox 59 3880 205 3942; x_wconf 78' lang='lat' dir='ltr'>Echinus,</span> <span class='ocrx_word' id='word_1_501' title='bbox 227 3875 371 3926; x_wconf 79' lang='lat' dir='ltr'>Socenius.</span> <span class='ocrx_word' id='word_1_502' title='bbox 390 3891 413 3926; x_wconf 85' lang='lat' dir='ltr'>v.</span> <span class='ocrx_word' id='word_1_503' title='bbox 426 3875 544 3927; x_wconf 78' lang='lat' dir='ltr'>&#39;Pausan</span> <span class='ocrx_word' id='word_1_504' title='bbox 561 3882 596 3940; x_wconf 80' lang='grc'>8,</span> <span class='ocrx_word' id='word_1_505' title='bbox 613 3877 647 3939; x_wconf 83' lang='lat'>5.)</span> <span class='ocrx_word' id='word_1_506' title='bbox 663 3881 744 3930; x_wconf 82' lang='lat' dir='ltr'>Arcas</span> <span class='ocrx_word' id='word_1_507' title='bbox 768 3879 845 3931; x_wconf 80' lang='lat' dir='ltr'>cuitu</span> <span class='ocrx_word' id='word_1_508' title='bbox 868 3880 939 3933; x_wconf 84' lang='lat' dir='ltr'>lilius</span> <span class='ocrx_word' id='word_1_509' title='bbox 955 3881 1094 3941; x_wconf 82' lang='lat' dir='ltr'>Euander.</span> 
     </span>
     <span class='ocr_line' id='line_1_53' title="bbox 60 3943 1094 4018; baseline 0.003 -24"><span class='ocrx_word' id='word_1_510' title='bbox 60 3950 292 4018; x_wconf 76' lang='lat' dir='ltr'>Clytemestram</span> <span class='ocrx_word' id='word_1_511' title='bbox 317 3951 345 3995; x_wconf 91' lang='lat' dir='ltr'>et</span> <span class='ocrx_word' id='word_1_512' title='bbox 360 3943 495 3995; x_wconf 85' lang='lat' dir='ltr'>Helenam</span> <span class='ocrx_word' id='word_1_513' title='bbox 518 3952 617 3996; x_wconf 91' lang='lat' dir='ltr'>notum</span> <span class='ocrx_word' id='word_1_514' title='bbox 640 3953 682 3999; x_wconf 83' lang='lat' dir='ltr'>est</span> <span class='ocrx_word' id='word_1_515' title='bbox 696 3948 900 4015; x_wconf 78' lang='lat' dir='ltr'>Agamemnoni</span> <span class='ocrx_word' id='word_1_516' title='bbox 918 3957 947 4001; x_wconf 79' lang='lat' dir='ltr'>et</span> <span class='ocrx_word' id='word_1_517' title='bbox 962 3950 1094 4003; x_wconf 69' lang='lat' dir='ltr'>Menelao</span> 
     </span>
     <span class='ocr_line' id='line_1_54' title="bbox 62 4010 1097 4084; baseline -0.002 -13"><span class='ocrx_word' id='word_1_518' title='bbox 62 4023 171 4084; x_wconf 75' lang='lat' dir='ltr'>iunctas</span> <span class='ocrx_word' id='word_1_519' title='bbox 193 4013 285 4069; x_wconf 70' lang='lat' dir='ltr'>fuisse</span> <span class='ocrx_word' id='word_1_520' title='bbox 318 4011 372 4073; x_wconf 73' lang='lat' dir='ltr'>Alii</span> <span class='ocrx_word' id='word_1_521' title='bbox 393 4012 434 4067; x_wconf 72' lang='lat' dir='ltr'>itt</span> <span class='ocrx_word' id='word_1_522' title='bbox 457 4013 570 4068; x_wconf 64' lang='lat' dir='ltr'>uadunt</span> <span class='ocrx_word' id='word_1_523' title='bbox 585 4013 712 4083; x_wconf 67' lang='lat' dir='ltr'>simper</span> <span class='ocrx_word' id='word_1_524' title='bbox 734 4010 892 4070; x_wconf 73' lang='lat' dir='ltr'>ettrltlm&#39;rtis</span> <span class='ocrx_word' id='word_1_525' title='bbox 914 4018 984 4071; x_wconf 81' lang='lat' dir='ltr'>lilios</span> <span class='ocrx_word' id='word_1_526' title='bbox 1004 4018 1097 4073; x_wconf 88' lang='lat' dir='ltr'>Oeno·</span> 
     </span>
    </p>
   </div>
   <div class='ocr_carea' id='block_1_3' title="bbox 0 0 1234 4500">
    <p class='ocr_par' dir='ltr' id='par_1_15' title="bbox 0 0 1234 4500">
     <span class='ocr_line' id='line_1_55' title="bbox 0 0 1234 4500; baseline 0 0"><span class='ocrx_word' id='word_1_527' title='bbox 0 0 1234 4500; x_wconf 95' lang='lat' dir='ltr'> </span> 
     </span>
    </p>
   </div>
  </div>
 </body>
</html>
