2454 4500
172 286 209 331 n·
230 266 387 333 nncn.
405 236 576 332 sonim
597 265 677 330 us.
693 266 749 342 ιι,
770 268 963 337 sos-sos
1010 269 1075 335 εει

47 450 191 518 elocutio,
213 466 277 507 rem
292 451 346 505 loci
363 451 406 506 rel
422 451 554 535 temporis
571 450 607 505 nd
623 450 769 521 personam
790 449 1009 527 trmsietresuut
1025 465 1075 502 ns·

48 532 177 573 cturnus
193 526 282 588 senis,
297 534 418 577 secretus
430 521 512 591 secu.
546 518 646 637 Pirum
655 541 665 582 ς
681 518 731 569 sub
748 520 838 587 specie
855 516 981 596 sacrificii
997 533 1076 597 prpe⁴

109 595 140 641 at
154 590 251 641 mortis
267 591 399 659 exequias.
415 616 448 627 -—
482 594 544 647 495.
577 588 595 638 't
612 603 709 649 arrnoq
751 586 855 639 lodium
871 589 939 639 dicit
960 583 1077 638 abusive.

82 670 134 709 sm
154 657 194 711 nit
217 659 298 725 paulo
322 666 383 727 post
405 658 500 725 (507.):
522 656 676 722 Ensemque
701 602 751 707 rei

22 738 26 757 ¹
53 740 140 777 arms
163 734 225 777 sunt
247 742 317 805 qsue
341 743 435 777 armos
458 732 567 792 tegunt,
590 724 654 792 [hoc
678 731 718 775 est
739 732 847 774 scutum
869 723 943 792 quod
964 720 1091 774 Graecis.

53 788 124 847 ὅλον
138 785 222 846 ὅπλον
237 794 352 856 dicitiu,
373 809 437 845 cum
461 801 554 844 cetera
577 807 625 843 sue
642 795 755 844 nomina
771 792 907 859 habeant,
932 788 1003 842 unde
1019 790 1077 859 ipss

56 862 100 915 sit
117 864 170 941 (10,
181 862 269 926 841.)ι
285 864 321 913 Ar
337 859 465 911 Lausum
482 862 556 912 socii
572 862 727 911 exanimem
745 877 828 926 super
846 877 924 912 ormo
936 857 1077 927 serebant.

58 928 116 983 set
137 928 184 983 tur
205 929 267 983 ideo
290 930 457 999 generaliter
473 945 552 979 ormo
576 926 743 991 nominarit,
765 944 801 980 ne
825 928 980 981 inventione
996 926 1079 978 solius

55 996 143 1067 alodii
156 992 302 1049 'consilium
317 993 500 1068 proderetur]
515 1020 549 1034 -·
581 990 642 1053 496·
661 995 769 1062 [mrim
775 1015 784 1060 ὅ
808 997 856 1065 ‘1¹¹i
878 995 1000 1066 sshdium
1016 992 1081 1047 ¹⁸15·

87 1066 121 1117 u's
134 1065 246 1118 fruenti.
277 1066 336 1117 Hoc
352 1074 445 1117 autem
466 1072 586 1117 tractum
607 1072 648 1114 est
664 1064 698 1118 de
714 1067 851 1131 Homero,
870 1067 918 1134 qui
941 1063 1007 1115 dicit
1021 1061 1103 1130 glo·-

76 1134 138 1185 ium
160 1133 237 1185 Aiaci
257 1133 352 1185 dotum
375 1132 412 1185 ab
434 1132 567 1198 Hectore,
596 1138 625 1183 et
646 1133 758 1185 Hectori
783 1132 818 1184 sb
841 1135 923 1185 Aiace
948 1131 1081 1197 balteum,

154 1200 194 1254 eis
217 1201 298 1254 exitio
321 1203 439 1254 luerunt.
473 1200 547 1252 Nam
568 1198 638 1252 alter
660 1207 762 1252 tracuus
778 1208 820 1254 est
835 1199 941 1254 balteo:
963 1199 1031 1251 alter
1047 1214 1077 1252 se

57 1216 161 1323 ³³¹qu
176 1268 233 1321 telo
248 1269 403 1329 interemit3
419 1267 502 1337 [unde
518 1266 695 1336 proverbium
712 1275 808 1321 natum
825 1277 866 1321 est
887 1268 959 1340 apud
977 1265 1081 1335 Sopho-

56 1336 134 1391 clem
156 1337 246 1403 (Aine.
269 1337 364 1400 679.):
385 1331 513 1403 Ἕκθρῶν
535 1331 640 1405 it‘dosqo,
665 1332 730 1390 ssor’r
754 1331 894 1406 nivisium]
935 1337 1089 1401 Exuvias,

56 1412 145 1459 vestes
156 1408 280 1457 Aeneae:
297 1421 380 1474 quem
397 1406 505 1457 hostem
518 1405 622 1457 dixerat
637 1421 719 1476 supra
735 1410 834 1473 (malz
851 1406 868 1455 I
882 1424 978 1458 soror.-
996 1416 1081 1472 osque

42 1471 164 1525 ttossrm
181 1474 296 1540 supplex
314 1474 403 1593 rqffore
420 1472 577 1540 superbum.
611 1474 682 1525 Item
707 1476 801 1542 (651.):
826 1473 933 1529 Dulces
951 1475 1078 1525 esuvs'ns.

55 1538 237 1609 [Lectumque
254 1544 321 1608 iugo
335 1559 392 1606 em,·
419 1540 557 1609 eleganter
581 1541 666 1592 etiam
688 1541 718 1593 in
742 1550 850 1609 morte,
871 1549 1027 1615 perseverat
1048 1540 1080 1592 irs

55 1624 173 1675 amore,
189 1616 217 1663 et
232 1616 365 1678 quantenus
381 1615 471 1676 potest
486 1611 593 1661 Aeneae
610 1624 639 1660 se
656 1610 806 1679 coniungit,
820 1612 843 1663 si
859 1627 915 1662 uno
932 1612 996 1678 igne
1013 1624 1079 1660 curn

57 1676 117 1731 etus
133 1684 324 1731 concremetur
340 1674 458 1741 exuriit]
470 1702 504 1714 -
536 1680 597 1734 497.
616 1675 679 1743 Quo
696 1681 769 1757 perii
775 1700 784 1740 ,·
801 1678 915 1748 propter
932 1678 1081 1731 extinctum

77 1744 203 1799 odorem.
237 1744 361 1813 [Abolere
385 1744 504 1812 nefandi
508 1767 519 1809 ,·
542 1760 560 1797 a
582 1760 720 1798 memoris
741 1746 851 1812 tollere,
874 1755 905 1799 ut
927 1751 978 1814 (1,
993 1745 1081 1807 720·):

55 1762 204 1873 i'oulmim
228 1812 560 1865 surrentinorum-
592 1815 655 1869 496.
671 1815 754 1865 Iuvat
777 1827 965 1882 monstratque
991 1829 1082 1865 socer·

58 1882 128 1947 close
146 1888 175 1939 et
182 1881 278 1945 iuvet,
301 1885 443 1950 συμφέρει,
461 1881 515 1934 hoc
532 1887 586 1945 est,
610 1888 638 1932 et
652 1882 774 1935 volsinios
791 1882 861 1935 mihi
879 1892 933 1949 est,
949 1891 978 1936 et
993 1897 1082 1934 secer·

57 1950 109 2003 alos
123 1949 179 2001 hoc
216 1948 339 2017 rescipit.
376 1950 437 2017 Qus
461 1956 555 2001 autem
575 1964 626 2017 pro
644 1952 718 2001 enim
743 1952 840 2020 posuit.
858 1978 893 1989 -
925 1956 987 2010 499·
1003 1948 1082 2007 Horo

58 2018 147 2089 effato
166 1964 247 2082 siiet5
269 2017 390 2069 subitum
406 2017 560 2081 silentium,
582 2019 776 2084 imperfectam
790 2020 955 2071 =0rstioncm
972 2035 1003 2072 ex
1055 2034 1083 2070 r·

57 2085 218 2139 turbatione
240 2085 340 2138 mentis
364 2085 488 2138 ostendit.
523 2084 617 2135 Pallor
640 2087 727 2138 simul
751 2101 866 2154 occupat
890 2106 955 2153 στας
979 2036 1084 2140 sctiiiet

58 2169 92 2207 ex
114 2152 283 2206 conscientie
306 2168 338 2204 co
360 2153 439 2205 ‘tutae
461 2152 565 2207 mortis.
588 2180 623 2191 -
663 2162 722 2212 500.
746 2155 851 2220 ll'ovis3
877 2171 932 2223 pro
956 2152 1083 2223 usitatis]

58 2220 219 2273 Promsere
236 2167 366 2289 [eudemi¹
373 2223 545 2292 praevolare,
567 2221 745 2276 abscondere.
778 2225 825 2292 [Et
835 2231 888 2287 ‚est
904 2224 1082 2295 antistrophe,

57 2289 202 2343 inmeritos
216 2305 287 2341 nove
298 2305 377 2341 sacra
389 2296 555 2357 praeterere.
588 2290 662 2355 Ergo
676 2291 729 2342 hoc
742 2291 822 2343 dicit:
838 2294 917 2345 Anna
932 2308 989 2344 non
1006 2291 1081 2346 arbi·

57 2364 149 2410 tratur
172 2357 224 2408 sub
247 2348 368 2408 obtentu'
382 2357 579 2421 sacrificiorum
590 2374 726 2435 pompam
742 2360 833 2412 iusseri
850 2360 1031 2433 praeparari]
1047 2385 1081 2399 -

57 2430 119 2485 501.
139 2423 248 2476 Tonsos
257 2424 393 2495 furores,
430 2432 525 2477 uentos
541 2426 680 2493 cogitabat
695 2428 775 2479 Dido.
792 2456 827 2467 -
861 2437 922 2488 502.
941 2429 1082 2481 Graviora

58 2496 152 2559 ιίειιει,
173 2509 258 2560 quom
277 2505 361 2543 morte
377 2494 421 2553 Sic
443 2494 503 2554 oei;
527 2501 574 2543 sut
597 2511 681 2560 quom
698 2495 880 2549 detrahimus:
902 2507 931 2551 et
952 2505 1005 2553 stet
1027 2496 1082 2550 elo·

59 2560 148 2614 cutio:
170 2569 219 2612 aut
234 2560 424 2626 subaudimus,
446 2562 580 2627 graviora
597 2562 679 2614 timot
693 2580 771 2633 posse
789 2565 964 2635 contingere,
985 2568 1083 2635 [quam

57 2644 130 2699 quae
147 2636 241 2681 morte
255 2628 362 2682 Sichaei
377 2630 418 2681 vel
432 2628 513 2692 fecit,
529 2629 571 2681 rel
586 2644 663 2698 passa
680 2639 721 2683 est
736 2631 827 2698 Dido]
844 2662 878 2674 -
912 2640 972 2692 504.
989 2638 1022 2685 At
1041 2651 1082 2686 re·

741 656 834 707 ictum.
869 653 986 720 Proprie
1001 654 1077 706 enim
1181 690 1186 701 =

76 2699 128 2748 ino
146 2714 233 2764 pyrn3
250 2704 359 2749 notatus
375 2704 416 2749 est
431 2697 476 2749 hic
493 2712 597 2748 versus:
613 2697 707 2750 vitiose
724 2707 764 2750 est
780 2702 855 2753 enim
871 2701 996 2768 elocutio,
1012 2718 1083 2771 quae
1164 2726 1167 2735 ·

95 2764 146 2818 bet
161 2764 246 2817 erinis
263 2765 379 2816 similes:
403 2765 467 2817 licet
489 2764 524 2814 sit
547 2779 659 2816 casuum
676 2767 875 2820 dissimilitudo.
891 2797 926 2809 -
959 2777 1019 2830 506.
1036 2768 1083 2820 In·

53 2832 201 2900 tenditque
212 2832 309 2884 'torum
328 2835 423 2895 sertis3
447 2835 487 2900 [et
502 2827 620 2884 inte'ndit
635 2842 663 2886 et
685 2833 808 2903 infligat:
831 2844 861 2887 ιιι
876 2843 919 2904 (2,
935 2839 1022 2900 236.):
1048 2837 1083 2890 Et

59 2913 159 2967 stupeo
183 2901 300 2952 uinculo
325 2902 394 2953 sollo
420 2900 587 2951 intendunt:
619 2910 647 2952 et
671 2910 712 2953 est
728 2904 898 2973 ,Hypollagez
921 2909 975 2975 [est
998 2903 1084 2971 enim]

59 2968 186 3021 Intendit
210 2979 283 3019 serto
306 2987 355 3036 per
379 2970 487 3033 locum,·
511 2968 575 3035 [hoc
599 2976 639 3020 est
662 2977 709 3021 aut
732 2989 749 3023 a
772 2972 878 3040 pariete
901 2974 930 3027 in
947 2975 1084 3045 parietem

59 3035 139 3104 liget,
174 3036 230 3088 uod
244 3043 286 3087 est
302 3036 417 3090 extensis
433 3037 510 3090 sertis
527 3035 619 3087 locum
635 3054 665 3090 re
685 3038 731 3103 let,
746 3041 824 3108 quasi
835 3048 907 3094 serta
923 3056 974 3109 per
989 3043 1084 3095 locum

59 3052 222 3170 tenditi-
247 3104 461 3166 Ι507.,Ιῖ“ιιιιενε;
486 3118 617 3172 cypresso.
650 3056 780 3172 [lienium
797 3110 882 3160 moris
899 3110 952 3161 fuit
968 3119 1083 3180 propter
1172 3142 1174 3147 ·

57 3172 235 3225 ceremonias
256 3187 412 3234 sacrorum,
434 3172 532 3240 quibus
554 3171 668 3241 populus
685 3172 827 3229 Romanus
849 3176 994 3231 obstrictus
1017 3186 1086 3247 erat,

58 3247 93 3291 ιιι
106 3238 283 3309 potissimum
300 3255 455 3309 cupressus,
471 3255 540 3308 quse
557 3240 764 3295 excitaremur
782 3259 837 3297 non
854 3244 937 3312 solet,
959 3246 989 3299 in
1006 3248 1094 3300 vesti.

57 3306 127 3360 ltulo
144 3306 248 3359 mortui
264 3315 420 3374 poneretur,
436 3325 471 3359 ne
488 3306 548 3374 quis
563 3307 874 3374 imprudensfunestam
890 3314 1005 3367 domum
1021 3333 1084 3369 retu

58 3375 184 3429 divinem
198 3376 319 3427 facturus
335 3374 467 3439 irruerat,
483 3381 511 3426 et
527 3375 602 3441 quasi
621 3378 794 3430 attaminatus
810 3397 885 3433 susoe
905 3390 933 3434 ts
969 3401 1084 3453 magere

42 3442 240 3513 ,nou1possit3
268 3441 332 3493 liinc
356 3457 422 3511 ergo
440 3442 734 3512 funera-cupressos]
765 3447 837 3501 Nom
860 3451 955 3502 etiam
989 3470 1083 3521 supre-

37 3520 40 3525 '
59 3511 139 3563 dicta
154 3509 231 3577 ligna
247 3509 282 3563 ad
298 3511 378 3560 funus
395 3511 547 3579 pertinent:
563 3519 595 3561 ut
611 3518 652 3580 (6,
671 3515 754 3576 180.):
779 3514 967 3572 Procumbunt
981 3526 1085 3589 piceae,

59 3590 147 3631 sonat
171 3578 227 3629 icto
252 3578 397 3629 securibus
423 3578 486 3628 ileu.
510 3601 545 3615 -·
594 3587 652 3637 508.
684 3582 872 3665 Effigiemque
902 3599 962 3640 toro
994 3582 1082 3655 Ιοέει,1

58 3645 227 3715 [imaginem
239 3645 341 3697 scilicet
352 3646 470 3709 Aeneae,
486 3646 550 3714 quis
562 3646 650 3699 solent
662 3650 740 3718 Magi
757 3652 859 3721 efligies
876 3671 974 3708 eorum
990 3660 1084 3712 lacere

57 3722 176 3833 propter
192 3728 260 3782 quos
276 3728 388 3765 carmen
406 3713 562 3779 instituunt,
585 3717 660 3768 utin
677 3718 809 3771 Bucolicis
832 3728 874 3789 (8,
890 3725 959 3788 80.);
982 3725 1084 3779 Limus

60 3793 94 3833 ut
132 3783 315 3846 indurescit,
332 3793 357 3831 et
373 3781 439 3831 Isaeo
459 3795 488 3831 ut
506 3799 566 3834 cern
585 3784 729 3850 liquescit,
746 3795 773 3839 et
790 3790 830 3855 (E.
847 3795 959 3867 ὅκως
977 3796 1083 3864 Terque

59 3848 129 3901 tore
146 3851 252 3902 altario
271 3851 375 3901 circum
393 3850 524 3918 Effigiem
543 3852 629 3904 duco:
653 3855 781 3906 Horatius
805 3858 907 3923 (Serm.-
919 3867 950 3928 1,
967 3870 999 3929 8,
1016 3864 1084 3928 30.):

61 3915 160 3970 Lonsa
184 3918 294 3987 effigies
319 3929 392 3983 erat,
415 3920 504 3969 ‹sltero
529 3935 614 3972 orreo.
647 3922 684 3973 Et
701 3922 782 3988 bene]
804 3929 964 3996 exprimitur
981 3941 1083 3985 amoris

61 3988 192 4054 tilectus,
215 3987 289 4061 quod
312 3986 396 4039 etiam
418 3987 447 4039 in
471 3996 560 4040 morte
583 3990 668 4042 amoti
691 3990 807 4060 imagini
823 3995 931 4050 volebat
946 4015 1003 4052 esse
1020 4018 1083 4054 con-
