2454 4500
565 160 572 190 l

135 262 211 338 w194
363 285 368 291 ·
413 247 551 309 sanim
572 207 929 340 cosinauriitus

143 433 255 504 zetarium,
274 436 291 484 i.
310 451 333 484 e.
355 438 480 501 tempus,
502 432 610 484 dicitur.
645 428 740 485 Medio
766 445 868 501 ponto,·
892 430 1120 503 potestquideu}
1142 428 1182 481 iu·

143 505 234 573 redigi
257 500 411 563 secundum·
425 498 597 571 Sallustium,
619 501 701 569 longe
725 519 743 553 a
766 501 926 553 continenti.
960 499 1020 563 Sed
1036 499 1122 571 altior
1141 505 1182 549 est

147 576 202 627 hoc
224 573 285 624 loco
310 574 408 640 poetae
427 570 554 621 intuitus.
587 569 661 623 Nam
685 571 758 639 apud
775 568 1007 638 Cosmographos·
1020 568 1066 633 (R.
1085 569 1115 617 ·V.
1139 583 1181 617 co·

151 661 241 710 roga,
264 639 296 690 L.
324 653 453 704 conogn,
477 638 568 691 Guelf.
586 639 619 689 II.
638 656 765 704 cronogr.
789 639 861 690 Dan.
886 636 1031 704 Chorogr.)
1055 636 1181 702 legimus,

148 729 220 782 quae
242 707 331 759 insula
355 705 385 756 in
409 720 463 774 quo
488 707 523 756 sit
545 707 633 771 mari:
659 715 690 757 ut
713 707 839 759 Sardinia
862 706 892 758 in
916 705 1025 772 Africo,
1048 703 1181 755 Delos-in
1224 740 1226 745 -

104 776 106 779 ’
150 785 259 848 Aegeo:
277 776 311 829 de
329 775 387 826 aliis
405 773 564 842 [omnibus]
597 775 639 827 De
657 776 742 826 Creta
760 790 855 827 omnes
871 774 998 826 dubitant
1004 811 1012 840 ,
1028 773 1060 824 in
1068 787 1132 840 ·quo
1148 770 1182 822 sit

146 848 233 911 mari.
265 845 339 896 Nam
355 851 434 913 parte
452 843 602 911 Libycum,
624 851 707 913 parte
724 844 904 914 Aegyptium,
926 849 1006 912 parte
1024 841 1183 904 Achaicum,

78 920 81 934 ¹
148 924 229 988 perte
244 913 355 966 Ionium
377 910 497 981 respicit.
531 913 607 978 Ergo
626 914 715 963 medio
733 925 835 980 ponto,
858 928 890 962 ac
913 913 936 963 si
952 910 1008 962 dici
1025 910 1114 976 possit
1130 925 1181 959 me·

148 987 198 1040 dio
210 994 381 1050 pantorum:
400 980 473 1046 quod
490 981 623 1032 Latinitas
639 996 696 1032 non
712 980 819 1049 recipit.
831 1008 865 1018 -
900 985 959 1038 105.
977 977 1067 1030 Mons
1080 976 1181 1028 Idaeus

152 1057 217 1117 uti3
243 1051 346 1100 Idaeus
364 1048 542 1101 derivativum
566 1057 607 1100 est
629 1065 680 1118 pro
697 1049 856 1120 principali:
880 1055 909 1099 et
926 1055 966 1100 est
983 1043 1045 1114 ἴδη,
1073 1047 1183 1109 idaeus,

150 1131 182 1174 ut
204 1121 299 1184 αἴτνη,
323 1118 471 1167 Aetnaeus.
510 1117 660 1169 Cunrrbulo
684 1121 793 1185 gentis,-
816 1117 997 1169 nutrimenta.
1038 1110 1114 1167 Nam
1136 1114 1183 1165 ubi

150 1193 245 1244 iacent
261 1189 394 1249 infantes,
418 1202 507 1236 cunae
524 1193 664 1236 vocantur.
701 1187 737 1237 Et
752 1185 871 1238 latenter
888 1185 936 1237 dat
952 1185 1072 1252 gloriam
1089 1183 1183 1235 Trois-

151 1260 211 1325 nis,
227 1256 334 1321 dicens,
351 1269 396 1306 eos
414 1271 430 1305 a
447 1253 500 1304 diis
518 1253 782 1322 originemducere.
817 1254 895 1305 Unde
912 1261 954 1306 est
971 1256 1014 1321 (7,
1032 1252 1119 1314 219.):
1133 1252 1183 1309 ,At

152 1330 219 1381 loric
235 1325 409 1393 principium
431 1325 553 1389 generis.
589 1323 632 1374 lbi
657 1323 734 1374 enim
751 1331 779 1375 et
795 1324 830 1376 de
847 1321 993 1387 Dardano,
1016 1329 1046 1372 et
1062 1322 1097 1373 de
1114 1321 1184 1373 Teu·

62 1431 64 1437 ,
152 1413 201 1449 cro
218 1392 413 1460 intelligimus,
430 1391 508 1458 quasi
525 1391 594 1450 Iovis
612 1392 694 1441 cives.
712 1419 747 1429 -
782 1396 841 1451 106.
862 1390 948 1445 Urbes
966 1390 1115 1454 halitum,-
1130 1402 1186 1441 non
1210 1444 1213 1451 ,

152 1463 220 1517 dicit
244 1463 304 1529 qui.
325 1459 392 1511 ced
415 1458 595 1528 intelligimus
614 1460 780 1512 Cretenses..
809 1462 863 1511 Aut
886 1467 963 1513 certe
985 1459 1115 1511 habitant
1137 1454 1188 1529 pro

151 1531 327 1586 habitantur:
344 1535 376 1578 ut
393 1532 431 1595 (2,
448 1529 534 1590 229l:
552 1527 687 1579 insinuat
703 1547 799 1595 pavor.
833 1529 871 1579 Et
886 1529 980 1605 primo,
995 1527 1110 1597 quidem
1128 1543 1186 1577 cen·

153 1613 212 1652 tam
230 1598 327 1651 habuit
342 1596 477 1648 civitates:
493 1596 567 1648 surde
584 1604 612 1648 et
632 1596 841 1666 Hecatompolis
859 1597 931 1648 dicta
949 1602 997 1664 est,
1013 1605 1077 1665 post
1091 1595 1187 1667 viginti

152 1677 182 1724 et
205 1668 341 1737 quassos.
383 1664 450 1716 inde
474 1665 524 1731 [ut
546 1664 663 1730 dicitru]
688 1666 769 1731 dues,
793 1665 907 1716 Gnoson
931 1673 960 1717 et
973 1665 1188 1735 'Hierapidnarru

153 1739 245 1791 Guelf.
266 1737 286 1786 I.
313 1733 556 1800 Hierapydniam3
588 1733 679 1785 Guelf.
704 1736 738 1786 Π.
769 1734 803 1785 R.
830 1727 890 1784 Virs.
915 1734 1129 1803 Ierapidnt'om,
1157 1732 1185 1782 L.

153 1805 370 1874 Aerapidimam.
406 1801 548 1870 [Quamvis
565 1801 657 1852 Livius
680 1803 771 1872 plures
796 1821 812 1854 a
829 1801 944 1861 Metello
962 1819 996 1856 ex
1015 1809 1134 1870 agnatae
1149 1801 1187 1854 di-

153 1876 217 1943 cet]
253 1871 400 1925 Uberrima
420 1888 523 1936 regna5
547 1870 592 1921 hic
609 1871 760 1940 decipitur,
778 1871 844 1940 (pria
860 1871 959 1923 audiit:
1012 1874 1074 1923 bere
1092 1872 1186 1938 glebas

133 1946 255 2008 ,(laeto,·
280 1942 334 2005 95.)
353 1965 387 1976 -·
422 1945 482 1995 107.
499 1937 647 1989 Maximus
673 1942 745 1990 unde
763 1952 857 2006 patrm·
880 1940 993 1992 fallitur.
1028 1941 1103 1992 Nam
1119 1938 1188 1991 anti·

155 2012 235 2081 quior
260 2018 302 2062 est
326 2008 370 2075 (al.
388 2008 503 2075 dicitur)
527 2006 680 2059 Dardanus.
714 2009 778 2076 [Alii
802 2010 960 2081 maximus,
984 2009 1187 2077 antiquissimus
1220 2030 1224 2039 ·

76 2074 79 2082 ⁴
105 2122 115 2135 ,
153 2081 281 2141 tradunt3
304 2095 354 2148 per
370 2078 461 2144 patris
477 2084 579 2141 ,sutem
603 2076 817 2146 appellationem
835 2078 975 2128 maiorum
993 2077 1187 2148 cognationem

155 2144 292 2209 ostendit]
326 2147 358 2196 Si
378 2147 428 2195 rite
446 2146 547 2194 audita
567 2146 713 2210 recordor5
734 2147 810 2198 'bene
828 2146 997 2197 dubitatione
1021 2153 1132 2197 excusat
1149 2163 1188 2197 er·

153 2233 257 2270 rorem.
277 2239 311 2250 -
346 2220 405 2270 108.
425 2213 567 2280 'l'eucrns3
586 2215 631 2281 [de
648 2213 701 2264 hoc
718 2215 812 2267 fabula
820 2214 928 2282 duplex
947 2222 1002 2275 est;
1025 2231 1093 2266 nam
1111 2214 1187 2266 etde

154 2283 314 2357 parentibus
339 2283 397 2333 eius
421 2283 566 2350 dupliciter
588 2283 716 2334 traditur.
750 2284 802 2334 Alii
826 2285 901 2335 enim
918 2283 1035 2334 Curetas
1053 2282 1187 2350 (Curetis)

156 2363 184 2407 et
201 2352 265 2404 Idae
283 2353 405 2419 (Idaeae)
433 2352 586 2419 nympham
610 2352 656 2402 alii
664 2389 672 2416 ,
694 2353 767 2403 inter
784 2368 852 2419 quos
869 2360 897 2404 et
913 2352 1035 2419 Trogus,
1060 2351 1188 2402 Scaman-

155 2422 199 2475 dri
224 2421 312 2471 filium
333 2421 459 2483 tradunt,
491 2421 538 2487 qui
562 2419 729 2486 Scamander
760 2438 824 2470 cum
850 2421 933 2472 Creta
956 2421 1070 2488 frugum
1096 2422 1188 2490 inopia

156 2489 312 2553 laboraret,
336 2505 401 2538 cum
424 2495 502 2553 parte
527 2489 611 2540 tertia
632 2489 725 2559 populi
751 2489 786 2540 ad
804 2497 908 2540 exteras
924 2489 1000 2539 sedes
1018 2491 1188 2556 quaerendas

154 2561 294 2632 proiectus
317 2564 371 2621 est,
399 2557 434 2606 ab
457 2556 581 2624 Apolline
603 2559 740 2621 monitus,
769 2557 809 2609 ibi
833 2575 897 2609 eum
920 2557 1082 2608 habiturum
1105 2559 1190 2624 sedes,

155 2629 204 2678 uti
229 2634 311 2677 noctu
336 2642 352 2675 a
373 2625 521 2691 terrigenis
547 2634 716 2696 oppugnatus
741 2634 825 2691 esset,
849 2643 914 2677 curn
938 2626 973 2677 ad
996 2626 1123 2692 Frigiam
1147 2644 1189 2679 ve-

156 2697 241 2749 nisset
259 2703 285 2745 et
301 2701 391 2745 castra
416 2694 562 2763 posuisset,
588 2702 671 2745 noctu
689 2710 783 2745 mures
806 2711 924 2745 arcuum
948 2710 1046 2746 nervos
1070 2704 1098 2747 et
1120 2697 1190 2749 lora·

157 2772 253 2815 menta
289 2778 435 2825 armorum
473 2763 645 2814 adroserunt.
701 2763 870 2814 Scamander
906 2765 956 2815 hos
992 2763 1207 2832 interpretatus'

156 2833 247 2885 hostes
266 2848 323 2883 esse
339 2832 507 2897 terrigenas,
529 2832 558 2881 in
576 2832 639 2882 Idae
657 2833 759 2881 montis
774 2832 913 2884 radicibus
931 2832 1056 2883 aedilicia
1073 2833 1190 2884 colloca·

155 2903 208 2965 vit,
235 2902 280 2968 qui
299 2917 363 2950 eum
381 2900 507 2963 adversus
525 2899 661 2966 Bebrycas
678 2900 809 2950 finitimos
835 2901 936 2951 bellum
955 2909 1079 2968 gereret,
1103 2903 1189 2954 victor

157 2970 187 3021 in
205 2969 313 3020 Xantho
332 2969 448 3021 flumine
464 2967 554 3038 lapsus
572 2985 628 3020 non
646 2971 816 3038 comparuit,
832 2970 882 3035 qui
899 2977 960 3039 post
977 2987 993 3020 a
1011 2970 1190 3022 Cretensibus

149 3034 187 3089 ¹in
212 3037 348 3088 honorem
378 3037 450 3104 regis
480 3037 522 3088 sui
547 3036 714 3088 Scamander
738 3037 889 3108 appellatus
913 3045 967 3100 est,
997 3038 1110 3105 filioque
1133 3040 1191 3092 eius

158 3105 268 3158 Teucro
285 3121 404 3173 regnum
420 3105 562 3171 traditum,
579 3104 627 3174 qui
643 3105 713 3155 cives
730 3124 745 3156 e
763 3122 811 3156 suo
829 3107 942 3158 nomine
959 3106 1088 3158 Teucros
1099 3107 1192 3177 appel·

156 3173 236 3239 lavit,
260 3174 307 3242 qui
330 3180 391 3242 post
416 3192 432 3225 a
454 3190 522 3242 rege
538 3175 613 3225 Troo
632 3171 723 3240 (Troe)
742 3174 863 3226 Troiani·
880 3175 946 3226 dicti
969 3182 1032 3226 sunt
1039 3212 1047 3241 ,
1071 3182 1099 3241 et
1121 3184 1190 3230 tem·

157 3244 235 3315 plum
252 3241 369 3312 Apollini
392 3242 544 3307 constituit,
568 3260 652 3311 quem
669 3241 836 3293 Sminthium
861 3244 1010 3314 appellavit.
1047 3243 1191 3298 Cretenses

158 3313 235 3364 enim
259 3328 369 3365 murem
392 3310 575 3362 Sminthite'm
600 3312 701 3362 dicunt.
741 3308 796 3361 'Alii
818 3329 874 3363 non
899 3312 1115 3378 Scamandrum,
1144 3314 1191 3366 sed

73 3430 76 3437 ,
159 3380 300 3430 Teucrum
330 3381 420 3450 ipsum
436 3380 499 3430 sub
531 3380 688 3432 conditione
717 3381 867 3449 supradicti
899 3380 1003 3432 oraculi
1034 3385 1190 3450 protectum

160 3447 243 3500 Creta
262 3449 370 3512 dictust,
395 3456 423 3500 et
445 3449 583 3499 civitatem
608 3458 636 3500 et
660 3449 794 3518 templum
818 3450 983 3513 condidisse,
1006 3457 1035 3501 et
1053 3449 1190 3519 Sminthea

161 3531 254 3567 mures
272 3517 362 3568 vocari
380 3536 396 3568 a
414 3517 552 3584 Frigibus.
585 3518 710 3569 Tradunt
728 3522 870 3586 praeterea
888 3518 1013 3569 nonnulli
1029 3518 1191 3572 Dardanum

160 3601 177 3634 a
195 3583 302 3635 Teucro
319 3587 349 3636 in
367 3585 459 3652 Frigia
482 3585 625 3638 inventum
642 3587 727 3638 filiani
745 3603 823 3637 suam
848 3588 873 3639 ei
890 3588 1021 3650 sociasse,
1045 3595 1072 3638 et
1087 3587 1191 3640 Darda-

66 3688 73 3697 ,
160 3669 228 3704 num
246 3654 390 3721 populares
408 3671 469 3704 suos
482 3671 578 3706 socero
592 3656 770 3723 cognomines
780 3656 885 3708 fecisse.
919 3655 1039 3723 Quidam
1052 3656 1193 3708 Teucrum

160 3719 283 3771 Dardani
299 3721 385 3772 filiam
403 3738 517 3775 risorem
535 3724 638 3775 dimisse
654 3724 781 3789 tradunt,
806 3733 834 3775 et
855 3725 918 3775 ideo
936 3725 1057 3775 Teucros
1075 3727 1195 3796 appella·

160 3796 216 3839 tos:
242 3788 377 3840 Troianos
394 3798 487 3844 autern
506 3811 528 3843 ‘a
546 3793 621 3841 Troo
639 3792 731 3856 (Troe)
755 3810 829 3862 rege.
865 3793 1015 3852 Rhoeteum
1040 3793 1193 3845 Rhoeteum

160 3858 384 3976 promontorium
400 3859 531 3935 Troados,
547 3858 612 3911 licet
629 3861 673 3912 alii
690 3861 806 3912 Rhetios
824 3862 916 3929 legant
933 3870 1049 3932 propter
1062 3863 1195 3916 Rhetiam

187 3925 287 3977 hitonis
310 3926 404 3978 filiam.
439 3928 486 3992 Et]
508 3936 584 3980 amat
601 3930 728 3997 Virgilius
751 3931 946 3983 declinationes
963 3931 1099 3996 Graecas,
1124 3933 1195 3985 salvs

159 3993 273 4066 segidae
298 3997 467 4063 reverentia,
492 3998 521 4049 in
539 3995 651 4048 Latinas
668 4009 827 4052 convertere
845 4019 870 4050 ει
888 4001 1027 4051 Graecam
1046 4000 1199 4064 diphthon-
