2454 4500
167 259 212 327 oo
430 252 569 315 sunm
591 227 944 316 conuaurnams

164 434 233 496 fieti.
266 437 327 504 (vel
343 436 415 507 quod
433 435 493 490 Deo
512 449 580 505 opus
597 442 658 487 erat
694 442 725 489 ut
741 436 832 489 hostes
848 435 936 493 Poeni
953 439 1066 491 auctori
1081 438 1219 499 Romani,-

164 506 282 566 nominis
307 508 482 576 placarentur
505 507 629 562 Aeneae„
644 473 777 626 'clumam
799 508 865 558 sarie
889 515 1022 575 quattuor
1042 504 1219 561 Mereiuiosff

163 578 271 637 dicunt:
297 593 382 629 muun
399 575 468 627 lovis
492 582 520 626 et
536 575 628 627 Maiae
652 575 670 624 f'
685 575 755 638 'um;
780 575 899 645 alterum
916 576 994 628 Coeli
1019 577 1092 641 (cod.
1110 575 1195 641 Gocfl'l

164 655 194 698 et
208 643 287 706 Diei3
304 647 419 703 tertium
435 643 532 696 Liberi
549 652 577 695 ot
593 644 788 714 Proserpinam
807 652 938 711 quartum
956 644 1094 712 Cyllenie,
1111 662 1130 699 a
1163 660 1193 697 ao

162 717 249 781 Argus
267 715 372 764 occisus
389 722 429 765 est
444 768 446 773 ,
461 729 544 779 quem
561 713 667 789 ipsum,
691 713 728 762 ob
744 714 816 765 hanc
835 730 945 768 cainam
962 713 1086 766 Graecia
1105 730 1155 789 pro
1203 730 1208 739 ’

162 799 244 850 gum,
272 783 412 853 Aegyptiis
434 749 532 838 iiteras
555 783 755 836 demonstrasse
781 782 955 849 perhibent)
979 808 1014 825 -ν
1067 791 1131 845 298.
1160 779 1190 835 Ut

161 864 266 915 terrae‚·
291 860 406 924 propter
424 850 491 902 illud
508 853 581 919 quod
598 851 722 931 seqnitur
739 850 837 915 (dim-l:
860 850 994 918 Hospitio
1011 852 1189 919 prohibemur

161 916 289 971 harenae.
336 920 466 981 Puteant,·
499 929 613 987 propter
635 919 705 973 illud
729 920 844 984 (233.):
870 921 994 972 Cunetus
1021 922 1055 972 ob
1080 921 1185 973 Italiam

160 1001 299 1045 terrarum
331 990 475 1042 clauditur
506 992 590 1043 orbis.
616 1014 651 1030 -ι-
698 994 760 1046 299.
789 987 938 1055 Hospitio,·
970 989 1006 1045 ad
1037 990 1184 1059 hospitum

160 1058 300 1124 (Nonnulli
322 1074 388 1117 sane
411 1069 539 1126 pateant,
568 1066 681 1128 pacatae
706 1057 773 1129 sint,
804 1059 956 1128 accipiunt,
986 1065 1018 1107 ut
1042 1058 1183 1110 Sallustius:

159 1128 250 1178 Simul
268 1129 404 1183 immunis
422 1127 569 1179 hominum
588 1128 748 1181 vismultis
772 1145 785 1176 e
811 1128 897 1192 lacis,
922 1132 1053 1179 invasere
1071 1138 1181 1196 panum

159 1209 233 1260 tuin,
258 1208 283 1249 et
306 1198 387 1263 pacis
411 1197 491 1253 modo
506 1197 631 1273 effusas.
673 1196 725 1245 Hic
749 1197 827 1246 enirn
848 1197 957 1249 habitus
980 1198 1066 1277 pacis.
1104 1196 1140 1249 Et
1157 1194 1184 1247 it

160 1265 277 1316 Catilina
294 1264 371 1331 (10.)z
396 1264 503 1321 Cuncta
523 1268 614 1317 niariu
633 1279 775 1329 terraeque
792 1267 931 1330 patebant.
967 1265 1010 1318 Sic
1036 1268 1113 1323 euim
1128 1278 1179 1317 cou-

158 1342 215 1400 tra,
239 1351 304 1388 cum
328 1333 440 1391 dicitur:
474 1336 579 1388 Clausa
605 1335 718 1398 omnic,
744 1332 847 1385 bellum
870 1336 1060 1402 significatum,
1083 1333 1143 1387 uti

158 1409 195 1471 (8,
213 1404 298 1466 385.);
317 1400 395 1470 Quae
414 1407 525 1459 moenia
545 1406 652 1455 clausis
670 1402 787 1454 Ferrum
806 1417 912 1455 acuant
928 1405 1039 1471 portis.)
1076 1402 1118 1455 Ne
1127 1348 1179 1473 li:

159 1476 255 1525 nescia
274 1472 350 1522 Dido
359 1495 369 1537 ,-
392 1489 449 1525 non
466 1471 746 1536 sui,na1nsi=sciret
763 1471 867 1527 exitum
883 1490 979 1539 sumu,
996 1472 1086 1524 multo
1102 1470 1178 1539 magii
1210 1501 1211 1507 =

104 1564 107 1569 ·
155 1542 260 1593 vitaret.
295 1541 347 1592 Sed
374 1542 438 1594 Fati
461 1542 541 1608 dixit,
564 1541 709 1592 voluntatis
734 1541 819 1597 lovis:
844 1542 914 1592 sicut
938 1549 981 1609 (8,
999 1544 1089 1604 292.):
1109 1540 1177 1593 fau

157 1609 280 1665 Iunonis
305 1612 428 1679 iniquae.
463 1613 516 1662 Aut
539 1618 615 1662 certe
637 1610 689 1665 fati
713 1610 916 1674 Troianorum,
939 1613 987 1680 qui
1011 1626 1071 1662 non
1094 1615 1176 1680 smnio

156 1681 203 1733 sed
221 1680 381 1732 necessitate
396 1681 432 1735 ed
443 1680 567 1749 Africam
580 1686 725 1731 venerant:
744 1680 818 1748 quod
837 1681 929 1748 utique
946 1679 1099 1755 ignorabat
1107 1677 1176 1732 Dida
1214 1696 1219 1703 ·

154 1748 203 1801 nto
227 1749 304 1807 enim
327 1757 453 1819 tempore
478 1749 694 1802 invadendarum
716 1756 857 1799 terrariun
880 1766 962 1800 caina
993 1749 1090 1801 fuerat
1116 1744 1176 1802 uati
1211 1741 1219 1773 ἶ

156 1818 246 1886 gatio,
264 1826 294 1868 ut
310 1817 449 1869 Sallustius
466 1818 606 1871 meminit:
631 1817 706 1868 facili
723 1825 783 1867 trun
800 1819 953 1871 mutatione
970 1817 1094 1870 seslium:
1116 1810 1177 1891 qud

154 1888 241 1941 etiam
264 1897 390 1939 excusant
408 1887 523 1940 Troiani
541 1886 638 1954 (527.):
664 1885 730 1941 Non
757 1903 808 1940 uos
827 1899 876 1941 aut
893 1887 974 1959 serra
994 1885 1120 1955 Libycos
1138 1902 1176 1953 μ·

153 1959 252 2026 palare
271 1970 382 2025 penates
404 1956 546 2007 Venimus.
583 1957 658 2026 Ergo
685 1956 738 2006 hoe
763 1955 869 2021 agitur,
893 1959 924 2006 ut
947 1956 1035 2007 discat
1052 1956 1124 2009 Dido
1140 1968 1176 2007 stt
1216 1951 1219 1969 ⁵

154 2026 190 2082 ad
206 2023 314 2079 ltaliam
328 2024 450 2079 tendere.
485 2025 630 2092 Quomodo
648 2039 715 2094 ergo
732 2041 760 2077 se
778 2026 869 2091 imigit
884 2023 1013 2077 Aeneae?
1036 2023 1092 2077 sed
1113 2025 1176 2076 furt
1210 2022 1219 2089 i

151 2096 192 2145 ris
215 2093 282 2145 illud
306 2101 362 2158 est,
385 2109 441 2144 non
465 2093 578 2149 consilii,
619 2094 692 2143 Nam
709 2110 760 2144 nec
776 2093 963 2145 sacerdotibus
987 2094 1059 2147 haec
1077 2092 1176 2145 dicenti
1210 2088 1219 2120 ‘³

151 2161 204 2213 bus
222 2162 348 2220 credidit.¹
381 2161 459 2220 Unde
478 2171 518 2218 est
537 2166 578 2227 (l,
595 2162 664 2224 65.):
688 2160 765 2226 Quid
785 2175 848 2212 uota
860 2162 1022 2230 furentem,
1049 2161 1177 2242 Quiddp·
1214 2164 1219 2233 J

155 2233 237 2289 lubra
262 2229 383 2284 iuvant?
409 2258 444 2267 -
486 2237 547 2287 300.
575 2230 656 2281 Volat
681 2232 728 2281 ille
757 2239 822 2291 ete.;
853 2231 949 2281 similis
973 2232 1020 2283 hic
1047 2233 1175 2285 festinatio
1213 2244 1217 2253 “

152 2298 288 2352 Mercurii
312 2308 366 2363 est,
391 2307 421 2354 ut
444 2315 527 2374 supra
548 2299 683 2369 Neptuni3
706 2299 736 2356 in
761 2307 860 2366 quarto
886 2299 999 2370 (didit
1029 2301 1067 2352 Εἴ
1090 2298 1176 2353 talari!
1209 2306 1212 2311 ’

152 2368 254 2433 nectit,
286 2369 322 2421 Et
344 2370 452 2434 virgam
476 2369 562 2439 capit;
594 2375 621 2420 et
649 2369 708 2437 plus
733 2367 876 2429 moratur.)
900 2395 933 2406 ·-
968 2377 1030 2426 301.
1054 2370 1173 2438 nauigio
1194 2364 1219 2431 ,³

153 2440 281 2498 ulium,-
305 2438 448 2494 translatio
471 2439 631 2508 reciproca,
654 2446 683 2488 ut
706 2453 787 2507 supra
812 2430 940 2499 diximum
962 2455 1030 2505 nani
1054 2439 1121 2492 alibi
1141 2442 1175 2503 (3,

152 2507 236 2568 520.):
255 2507 378 2556 velorum
393 2507 546 2572 pandimus
561 2508 631 2558 alcis.
668 2506 776 2573 [Citus;
794 2523 844 2574 pro
858 2506 921 2571 cito,
934 2507 1100 2559 adverbium
1116 2517 1174 2558 tem
1211 2516 1219 2524 “

152 2576 226 2645 poi-is
256 2575 285 2625 in
310 2590 414 2625 nomen
436 2574 592 2639 deflexum]
633 2574 671 2623 Et
692 2575 763 2626 bene
788 2576 842 2633 hoo
866 2575 900 2626 de
925 2575 1088 2628 Mercurio:
1120 2583 1174 2626 cuia
1210 2574 1219 2637 ¹.

152 2644 227 2697 enim
244 2643 298 2694 alia
315 2643 393 2711 signa
409 2644 488 2694 tarde
507 2645 542 2694 ad
560 2652 633 2694 ortus
651 2659 713 2692 suos
730 2652 903 2707 recurrant‚.
914 2643 1072 2697 Mercurius
1090 2653 1172 2699 octavo
1211 2650 1219 2657 “

150 2711 258 2762 decimo
276 2712 320 2769 die
346 2712 376 2764 iu
400 2719 463 2761 ortu
487 2729 535 2761 suo
559 2709 703 2763 invenitm·.
738 2712 836 2773 Poeni3
864 2708 1031 2774 ἀντίστοιχον
1049 2712 1173 2781 estuanti

151 2781 252 2854 phoeni
276 2780 368 2849 (codd.
394 2781 489 2831 Burin.
517 2790 544 2842 et
567 2781 657 2831 Gueli.
676 2780 788 2848 foeni.)
810 2810 846 2820 -
880 2789 940 2842 303.
969 2774 1082 2834 Veiente
1108 2786 1173 2847 Deo5

149 2851 192 2899 vel
208 2849 348 2900 Mercurio
367 2848 408 2899 vel
424 2850 496 2902 Iove.
531 2850 565 2904 In
583 2845 700 2916 primis}
724 2851 880 2919 praecipue.
900 2876 933 2889 -·
969 2856 1030 2908 304.
1056 2854 1092 2902 In
1112 2853 1173 2903 Teu-

151 2935 228 2982 cros;
255 2934 304 2987 pru
323 2915 377 2985 [in]
396 2917 529 2983 Teucris,
553 2927 681 2988 utsupra
699 2918 780 2984 (231.)
804 2919 933 2969 diximus:
958 2918 1036 2985 [alibi
1060 2939 1092 2971 zu
1111 2922 1174 2978 Teu·

150 3005 227 3050 cros,
252 2986 396 3043 adversum
421 2987 550 3037 Teucros.
584 2986 620 3034 Ut
644 2994 684 3053 (7,
702 2986 789 3048 titul:
813 2986 979 3055 Absumptae
1006 2992 1037 3039 in
1059 2990 1173 3043 lleueros

149 3054 244 3120 vireu]
280 3053 411 3129 Quietum
431 3058 577 3118 anirnum‚·
600 3055 617 3105 i.
635 3075 659 3106 e.
685 3055 890 3108 benevolentiae
909 3057 1029 3125 plenum.
1049 3046 1087 3097 -’
1119 3065 1174 3118 305.

150 3126 195 3190 (At
212 3127 277 3190 pius
296 3125 352 3173 Aen
356 3161 466 3178 .....
487 3126 499 3153 t
521 3125 609 3174 filium
626 3126 730 3176 Aeneas
748 3141 891 3179 sacrorum
915 3126 1041 3179 onmium
1059 3130 1175 3189 docetur,

148 3211 179 3246 ex
197 3196 271 3246 ciuus
289 3209 406 3264 persona
422 3192 552 3256 latenter,
576 3210 646 3263 qiiae
668 3194 703 3248 ad
727 3195 898 3245 ceremonias
913 3202 1018 3244 veteres
1041 3198 1176 3264 pertinent

146 3281 228 3332 saepia
246 3270 442 3321 monstrantur.
478 3261 528 3312 Hic
547 3279 613 3329 ergo
630 3262 718 3325 Deus,
743 3263 843 3331 apicis,
866 3263 940 3333 qiiud
963 3263 1071 3329 insigne
1088 3265 1175 3317 simui·

148 3346 215 3385 num
238 3333 291 3383 luit
314 3330 347 3382 de
372 3345 426 3399 quo
449 3329 510 3379 loco
536 3347 584 3380 sno
606 3332 635 3381 in
659 3332 691 3382 ll.
716 3334 787 3395 (cod.
810 3332 838 3383 in
865 3340 962 3398 quarto
985 3331 1072 3397 libro)
1096 3342 1124 3386 et
1144 3333 1173 3383 L

146 3399 218 3449 libro
243 3401 348 3451 dietum
372 3406 419 3450 est.
454 3396 516 3447 Vult
540 3401 683 3458 ostendere
706 3401 806 3467 igitur,
830 3401 938 3451 llamini
962 3407 1038 3454 extra
1054 3402 1175 3453 inedium

147 3469 303 3523 amieriam
322 3475 382 3538 post
397 3466 459 3518 solis
478 3482 603 3517 oceasum
621 3469 729 3541 apicem
747 3484 849 3537 ponere
866 3486 921 3520 non
947 3468 1040 3521 licere.
1075 3472 1177 3523 Aeneas

147 3522 214 3603 ingo
245 3536 290 3586 liic
314 3537 349 3587 ad
374 3535 547 3597 Carthaginis
571 3538 633 3586 litus
657 3538 800 3613 appulsus,
831 3539 982 3589 ostenditur
1011 3539 1071 3590 siue
1101 3538 1176 3609 apice

144 3608 243 3669 tunsa,
267 3605 285 3654 i.
303 3611 325 3655 e.
344 3605 417 3662 nudo
435 3603 534 3671 capite.
569 3605 641 3654 Nam
658 3623 723 3656 cuni
740 3606 791 3657 ait:
809 3608 843 3656 At
859 3611 926 3674 pius
944 3613 1010 3673 eto,
1033 3611 1186 3661 niaiiileste·

145 3674 252 3739 longius
277 3673 312 3722 ab
330 3672 399 3722 urbe
424 3671 600 3739 intelligitur3
624 3676 696 3729 unde
722 3675 997 3735 animadvertendum
1022 3683 1078 3742 est,
1101 3686 1177 3731 eitra

145 3743 301 3812 pomerium
317 3741 414 3806 luisse,
437 3757 504 3791 nam
528 3741 557 3790 in
574 3741 800 3810 subsequentibus
824 3745 988 3806 ostenditur,
1013 3761 1079 3798 euin
1102 3754 1177 3801 extre

144 3811 301 3879 pomerium
324 3809 423 3876 fuisse,
447 3825 511 3860 cum
535 3808 574 3863 eit
597 3811 687 3865 Venus
712 3814 810 3875 (tulus
837 3813 872 3861 lit
895 3831 951 3881 aaa
977 3823 1001 3864 te
1026 3816 1105 3867 ducis
1121 3818 1178 3881 via,

145 3881 236 3943 dirige
253 3895 387 3946 gressum.
425 3879 530 3931 Nnme
558 3879 705 3944 augmium
723 3881 748 3931 ei
772 3882 801 3932 in
824 3883 924 3933 tinibus
946 3883 1066 3952 pomerii
1090 3892 1177 3949 osten·

143 3962 205 4000 sinu
222 3956 270 4011 est,
288 3947 362 4019 quod
380 3953 407 3996 et
423 3948 515 4019 ipsum
527 3951 649 3998 Aeneam
666 3951 880 4026 respondentem
898 3952 1032 4019 signatius
1049 3953 1177 4017 declara,

143 4018 202 4068 sine
226 4017 302 4087 apice
326 4014 424 4082 luisse,
447 4015 591 4068 timentem
616 4016 705 4085 enim,
738 4037 773 4071 ne
797 4018 937 4090 piacidum
961 4020 1132 4090 incurreret,
1154 4022 1177 4075 si
