2454 4500
64 314 71 324 =
181 296 218 341 m
239 270 992 350 wncmouuu1u.un.1V,219-229.
1042 272 1108 339 271

71 478 138 516 oras
157 460 302 529 dixerunt,
326 462 396 516 sicut
416 460 560 526 Valerios,
585 458 730 525 Valerios,
751 453 871 526 Fusios,
894 454 1014 523 Furios,
1036 450 1112 526 quod

72 532 161 585 Varro
184 532 260 585 libro
279 534 379 602 quinto
401 534 509 587 Rerum
533 531 688 583 divinarum
709 529 817 603 plenitu
839 535 944 582 narret.
992 523 1111 577 Necesse

73 604 149 651 enim
168 613 230 652 erat
246 618 314 653 aras
332 620 350 652 a
367 601 601 670 sacrificantibus
619 601 717 663 teneri,
734 600 809 664 quod
827 601 854 649 si
872 615 929 650 aon
941 592 1034 664 fieret,
1051 597 1110 647 diis

76 668 252 739 sacrificatio
269 682 353 739 grata
371 688 428 723 noa
446 682 516 722 esset
522 692 532 734 ,-
549 669 624 738 quod
640 668 748 736 plenius
759 667 878 738 intelligi
890 666 987 784 effluit,
998 664 1112 733 metum

76 736 125 789 hoc
143 738 206 791 esec
221 739 390 804 numinibus,
406 738 598 808 subiungeudo
612 738 740 805 Ararque
757 747 891 788 maerstem
930 735 1003 785 adiit
1018 735 1110 786 omni·

76 804 193 872 potens-J
216 833 253 845 ·-
294 815 357 866 220.
383 808 542 875 oculosque
566 806 603 857 ad
626 808 739 858 moenia
767 809 863 869 torsit,
885 813 916 856 ut
939 805 1004 856 iude
1027 803 1113 874 pellat

76 876 216 928 Aeneam:
243 891 297 930 nec
319 878 388 942 (ne)
411 876 536 930 videatur
560 892 618 929 esse
641 875 829 941 contrarium,
858 873 933 943 qsiod
961 870 1112 924 turbantur

76 944 169 996 omnia
185 944 250 998 lore
266 945 391 997 Africam
413 940 587 1016 respiciente.
620 943 694 996 Nam
714 951 867 1011 ¹utrumque
884 961 901 996 a
918 940 994 1009 turpi
1009 940 1112 993 liberat
1163 1000 1168 1009 .

73 1010 156 1064 lama.
171 1037 221 1053 --
243 1017 307 1071 221.
329 1015 453 1083 [Oblitos
462 1016 565 1095 famae
583 1013 710 1065 melioris
727 1025 869 1075 amantem
894 1011 995 1062 oblitos
1018 1016 1047 1062 et
1064 1022 1112 1062 eos

71 1076 192 1133 dicimus
209 1081 259 1151 qui
274 1080 378 1151 aliquid
394 1084 551 1153 neghgunt,
572 1081 615 1134 vel
630 1081 729 1151 quibus
746 1081 857 1149 aliquod
874 1078 986 1145 excidit,
1007 1086 1039 1130 ut
1056 1077 1110 1130 hoc

71 1145 142 1215 loco,
159 1156 191 1202 et
205 1151 236 1201 id
253 1151 327 1218 quod
342 1152 378 1204 de
394 1154 533 1205 memmio
546 1150 653 1203 excidit.
686 1149 740 1201 Sed
756 1149 882 1217 humato,
898 1157 929 1200 ut
946 1149 988 1212 (E.
1004 1152 1029 1212 9,
1043 1146 1112 1209 53.):

70 1215 268 1270 Naacaotica
287 1219 361 1271 mihi
376 1231 418 1273 tot
436 1223 573 1272 carmina.
608 1217 713 1270 Famae
729 1225 824 1270 etitem
841 1220 984 1276 melioris:
999 1216 1054 1268 hoc
1070 1221 1112 1269 ert

71 1285 173 1350 (170.):
198 1283 294 1354 Neque
312 1291 387 1339 enim
412 1293 501 1358 specie
517 1290 637 1358 famave
661 1300 794 1339 movetur.
812 1313 847 1325 —
881 1294 943 1344 223.
966 1281 1041 1336 Vade
1058 1298 1111 1353 age

71 1367 158 1420 aoce3
181 1354 297 1423 singulis
313 1357 402 1410 verbis
420 1366 449 1411 et
463 1357 598 1421 iubentis,
619 1364 651 1407 ut
674 1356 758 1420 vade,
782 1362 811 1407 et
831 1351 983 1420 hortantis,
1003 1361 1035 1405 ut
1051 1368 1113 1421 age,

71 1429 101 1474 et
122 1422 307 1490 bunnensis,
330 1433 362 1476 ut
390 1439 470 1493 aare,
494 1420 800 1494 expressitaliectum]
843 1422 917 1474 Voca
941 1422 1112 1491 Zephyros,-

70 1496 122 1542 uut
139 1490 243 1561 quibus
258 1494 364 1546 Aeneas
379 1499 503 1564 surigen
522 1493 594 1558 unde
612 1501 653 1546 est
669 1493 765 1559 (562.):
781 1490 840 1547 Nec
852 1489 1004 1560 Zephyros
1024 1492 1111 1542 audis

70 1562 188 1627 spirare
206 1563 352 1615 secundos.
388 1565 441 1614 Am
464 1563 512 1633 qui
534 1560 635 1614 vehent
651 1560 839 1613 Mercurium:
863 1567 894 1612 ut
916 1560 1012 1626 (257.):
1042 1557 1112 1611 Ven-

69 1632 174 1696 totque
192 1631 311 1683 secabat.
344 1632 416 1684 Item
439 1631 535 1700 (niu
556 1630 668 1699 Rapido
693 1631 799 1698 pariter
823 1644 886 1679 cum
905 1630 1029 1696 flamine
1046 1646 1111 1697 por-

69 1707 146 1747 tant.
162 1720 200 1735 -·
233 1702 296 1756 294.
313 1696 561 1768 [Dardaniumque
579 1702 693 1763 ducem
711 1696 778 1749 crdo
796 1704 849 1749 est:
873 1697 1112 1765 Dardaniumque

71 1765 175 1816 ducem
193 1763 342 1833 alloquere.
378 1769 466 1837 Tyria
487 1768 673 1836 Carthagine3
697 1766 786 1835 [quasi
802 1767 911 1819 homini
926 1765 1026 1832 iratus,
1047 1764 1111 1819 ciri·

70 1834 125 1885 tati
135 1833 291 1903 ¹epitheton
303 1839 425 1906 patrium
441 1836 524 1890 dedit.
560 1837 729 1904 Carthagine
743 1833 848 1899 atium]
859 1849 911 1905 pro
927 1834 1112 1905 Carthagini}

72 1909 103 1954 et
120 1915 175 1969 pro
192 1903 324 1957 adverbio
346 1907 377 1957 in
393 1907 469 1973 loco,
493 1907 528 1957 de
552 1905 613 1957 loco
636 1904 740 1976 posuit:
763 1904 801 1954 sic
818 1903 947 1962 Horatius
971 1905 1069 1973 (Epist.
1087 1910 1113 1971 1,

67 1972 199 2035 '8‚12.):
222 1970 329 2025 Romae
347 1974 445 2042 Tybur
470 1992 594 2039 amnem,
617 1986 751 2025 ventosus
770 1973 882 2040 Tyhure
899 1972 1035 2039 Romam,
1078 1990 1112 2026 ro

74 2038 199 2106 Tylruri.
223 2066 258 2077 -
299 2051 361 2102 225.
386 2040 534 2109 Expectem
564 2051 704 2106 moratur,
733 2041 835 2093 deterit
866 2049 984 2109 tempus.
1025 1992 1077 2110 [hi

73 2110 193 2173 respicit
216 2108 316 2175 urbes,·
346 2127 404 2164 non
428 2112 530 2180 cogitat
553 2129 619 2163 cum
648 2111 727 2162 illum
751 2126 863 2163 neeesse
886 2111 921 2160 sit
944 2110 980 2162 ad
1002 2111 1113 2167 Italiam

72 2176 218 2243 navigare.
255 2177 378 2244 curren
404 2194 456 2247 pro
475 2182 545 2233 celer
567 2181 610 2233 vel
633 2177 778 2243 celeriter]
795 2203 827 2216 ·-
863 2187 925 2236 227.
943 2179 1010 2233 Non
1028 2182 1111 2233 illum

76 2247 178 2310 ποθέῃ·
197 2240 266 2299 ecci
284 2243 316 2301 asi
334 2245 507 2317 σιωπώμενον
524 2249 711 2319 intelligimus.
746 2247 954 2314 Pulcherrima5
971 2249 1112 2319 epitheton

73 2322 258 2385 perpetuum,
280 2335 332 2370 nec
350 2319 385 2371 ad
400 2335 530 2386 praesens
552 2318 696 2386 negotium
719 2318 865 2397 pertinens.
883 2343 917 2355 —
953 2324 1015 2374 228.
1040 2315 1112 2371 Gra-

77 2386 195 2450 iumque
214 2384 275 2435 ideo
300 2388 345 2438 bis
363 2389 491 2438 vindicat
507 2389 612 2451 armis3
634 2385 681 2438 alii
705 2387 801 2438 dicturi
824 2388 868 2437 bis
886 2386 988 2454 (Guelf.
1004 2387 1025 2439 I.
1049 2385 1110 2440 add.

77 2452 126 2503 alii
151 2450 255 2515 semel)
285 2457 371 2508 semel
394 2475 411 2508 a
435 2456 577 2509 Diomedis
604 2452 737 2524 singulari
760 2456 929 2507 certamine:
959 2456 988 2506 in
1034 2471 1069 2508 uo
1094 2472 1112 2511 a

76 2520 215 2573 Diomede
239 2538 381 2592 percussus
404 2532 445 2576 est
466 2539 537 2576 saxo.
577 2524 620 2576 Sic
643 2523 776 2576 Iuvenalis
803 2529 869 2590 (15,
886 2521 954 2586 553:
985 2473 1033 2576 Vei
1052 2540 1111 2646 ¹pun
1208 2592 1213 2601 ι

78 2589 204 2656 Tydides
221 2599 360 2657 percussit
377 2595 497 2661 pondere
515 2609 612 2645 coeam
631 2594 751 2654 Aeaeae,
775 2600 803 2644 et
823 2592 929 2645 iterum
946 2594 976 2644 in
993 2594 1051 2645 exci
1071 2595 1113 2646 io:

77 2654 148 2708 sicut
161 2655 281 2725 legimus
299 2665 344 2727 (2,
360 2662 447 2725 6323:
465 2661 609 2714 Descendo
629 2679 663 2712 ac
681 2664 796 2712 ducente
814 2664 863 2713 deo
882 2662 982 2727 (Gueli.
999 2664 1019 2716 1.
1038 2664 1111 2717 desc.

78 2724 232 2778 abducente
250 2729 300 2778 dea
307 2753 316 2793 ,·
335 2733 433 2783 abduc.
458 2732 545 2784 etiam
560 2731 592 2781 L.
609 2729 643 2781 R.
661 2729 733 2794 Vos.)
751 2732 791 2797 [et
807 2735 849 2797 (2,
865 2731 951 2793 hirti-h
974 2732 1035 2785 Hoc
1054 2744 1120 2783 erat·

79 2795 155 2846 alma
172 2795 295 2863 perenn]
328 2799 382 2851 Alii
397 2802 491 2853 dicunt
526 2807 622 2866 ropter
634 2797 779 2852 Diomedis
793 2807 821 2850 et
832 2796 940 2850 Achillis
957 2802 1114 2855 certamina

79 2863 230 2933 singularia
246 2868 355 2935 [centra
372 2819 524 2935 Aeneam]p
547 2868 599 2919 Sed
622 2869 732 2935 quando
756 2883 822 2917 cum
837 2866 942 2920 Achille
965 2868 1113 2936 dimicavit,

80 2934 249 3002 aNeptuno
273 2935 405 2989 liberatus
433 2947 487 2999 est,
516 2935 643 3006 [quando
667 2951 732 2986 cum
756 2933 890 2988 Diomede
932 2953 949 2988 a
971 2937 1113 3004 Venere;]

80 3008 169 3068 potest
183 3008 280 3055 tamen
297 3006 370 3073 quod
386 3022 437 3076 pro
455 3010 564 3058 Venere
582 3005 614 3055 fit
631 3023 648 3056 a
665 3006 772 3056 Venere
791 2971 930 3071 (GuelffI.
956 3004 991 3057 ab
1008 3007 1112 3070 Aenea)

81 3072 184 3123 iachim
207 3070 303 3124 videri.
344 3075 387 3126 Sic
412 3075 509 3143 [enim]
534 3077 602 3126 Iuno
625 3073 745 3143 imputat
768 3073 881 3139 Veneri,
905 3074 978 3142 quod
1002 3092 1055 3146 pro
1080 3091 1114 3128 eu

82 3140 184 3191 factum
201 3147 258 3204 est,
274 3141 368 3196 dicens
386 3148 445 3210 (10,
462 3143 529 3203 83.);
546 3143 581 3192 Et
598 3153 676 3209 potes
695 3144 727 3192 in
744 3141 857 3193 totidem
876 3142 980 3194 classes
999 3161 1113 3196 conver·

84 3217 134 3260 tere
150 3208 308 3278 Nymphas.
343 3214 436 3265 Potest
459 3212 546 3264 etiam
566 3210 620 3279 [et]
637 3210 708 3263 alter
725 3226 782 3263 esse
799 3225 900 3262 sensus.
936 3213 1009 3264 Nam
1027 3214 1113 3267 Troia

85 3282 163 3331 nuo
182 3278 218 3331 eb
236 3279 368 3346 Hercule,
385 3281 434 3350 qui
451 3282 553 3349 etipse
571 3280 695 3332 Graecus
712 3278 780 3344 fuit,
795 3286 876 3346 cepta
895 3288 950 3333 est:
967 3289 998 3332 ut
1015 3281 1115 3335 intelli·

85 3359 193 3414 gumus,
214 3346 272 3405 iam
288 3351 483 3402 tunchenean
500 3357 597 3403 neuim
613 3346 706 3401 fuisse.
739 3349 797 3400 Nec
815 3348 890 3399 enim
907 3348 1027 3401 multum
1044 3358 1115 3404 tem·

84 3428 129 3481 pus
150 3415 292 3469 interfuit:
316 3433 381 3468 cnm
404 3427 524 3483 constet,
546 3417 658 3470 Priamo
683 3425 748 3469 tunc
767 3418 802 3469 ab
821 3416 939 3469 Hercule
962 3418 1114 3487 imperium

85 3482 220 3536 traditum.
262 3484 415 3551 [Vindicat
437 3493 533 3540 autem
557 3502 608 3554 pro
634 3484 807 3553 vindicavit,
839 3493 867 3538 et
889 3488 1024 3553 quaedam
1049 3484 1113 3542 ideo

84 3555 220 3619 praesenti
244 3568 296 3621 pro
320 3555 474 3622 praeterito
490 3565 617 3626 tempore
634 3563 790 3624 ponuntur,
807 3557 841 3607 ad
859 3555 994 3608 maiorem
1011 3553 1114 3626 signifi·

83 3624 218 3675 ostionem
243 3623 431 3690 figiuandam,
455 3632 485 3674 ut
508 3630 551 3692 (1,
569 3624 653 3687 316.);
681 3623 729 3674 Vel
754 3626 849 3691 qualis
874 3640 959 3692 equos
978 3623 1113 3678 Threissa

79 3688 194 3760 fatigat.
212 3689 257 3742 (G.
276 3699 300 3756 1,
317 3693 401 3755 279.):
420 3692 575 3761 Coeumque
588 3696 712 3762 inpetum
735 3710 768 3743 ue
786 3705 875 3758 creat;
894 3702 925 3744 ut
942 3712 957 3746 e
974 3696 1114 3748 contrario

81 3751 263 3829 praeteritum
285 3768 394 3831 tempus
411 3763 446 3814 ad
463 3764 671 3833 exprimendam
688 3710 876 3828 coierintem,
899 3769 930 3813 ut
954 3767 1009 3830 (11,
1024 3763 1113 3828 488.);
1140 3810 1143 3815 .

1073 2056 1189 2095 οη-

80 3829 167 3881 Suras
187 3829 344 3880 incluserat
361 3848 447 3894 aura,
471 3840 498 3884 et
515 3833 558 3898 (G.
578 3842 611 3898 2,
628 3832 697 3893 81.):
724 3828 804 3881 Exiit
827 3833 865 3882 ad
890 3830 996 3883 coeium
1023 3834 1112 3884 ramis
1207 3840 1212 3852 “

74 3895 215 3968 felicibus
233 3899 325 3949 arbos.
360 3901 395 3949 Et
413 3900 553 3965 vindicat,
581 3901 677 3972 eripit,
703 3909 734 3950 ut
752 3899 810 3965 Qui
829 3903 859 3951 in
879 3900 1031 3952 libertatem
1050 3903 1112 3953 vire·

77 3970 168 4034 dicat,
193 3965 564 4046 i.e.e1·ipieservit11ti.]-
599 3977 660 4027 229.
680 3968 835 4019 Gravidam
855 3972 1000 4037 imperiis‚·
1023 3969 1113 4040 [quasi
1156 3972 1158 3979 ’
1202 4006 1215 4023 .

72 4039 233 4107 parituram
250 4032 384 4107 imperia,
407 4034 465 4102 vel]
488 4037 561 4091 unde
572 4037 660 4092 vmulti
682 4038 864 4111 imperatores
880 4046 990 4109 possent
1006 4039 1112 4092 meari:
