2454 4500
19 268 62 338 te
142 224 173 353 J
233 349 237 357 ,
277 274 420 340 suam
441 230 804 383 ,conuuurnarus

851 410 860 431 ἱ

21 441 126 531 Biatia:
147 454 216 507 num
239 456 362 511 venetiis
385 466 434 511 est.
471 455 546 521 Bene
569 443 852 531 ‘atitemsuspicatur
876 477 925 533 pro
943 448 993 512 10¹

23 521 154 638 ptthtata
172 525 282 578 habitus
301 543 499 596 personaeque.
536 532 636 598 (Petite
655 540 751 584 autem
771 524 993 600 poeta'dicendl'

45 588 126 668 hpelri
149 611 247 660 soror,
276 596 383 649 videtur
409 598 443 652 de
468 601 581 651 nomine
605 600 751 668 Apollinis.
765 603 904 654 dubitare.
946 590 993 649 00

24 672 116 738 enuit,
147 661 221 717 htmc
245 664 329 718 deum
353 683 370 718 a
394 667 505 718 diversis
526 669 658 735 gentihus
684 670 726 720 vel
749 671 922 736 civitatibus,
946 663 993 719 di⁴

22 728 182 807 npnunibus
201 734 352 800 appellari,
370 736 523 788 secuudum
540 753 644 805 genera
662 738 885 805 beneficiorum,
902 755 964 807 quae
980 737 993 765 ⁴

24 794 171 852 divinitatis
195 817 300 879 genere
323 813 465 870 praestare
482 814 635 859 consuevit:
660 806 705 856 cui
722 808 776 858 deo
793 809 908 874 sagittas
924 807 993 875 data&n

23 866 99 930 lunt,
123 870 204 938 quia,
229 879 260 923 ut
283 873 321 924 v'is
345 873 454 937 morbi,
479 874 518 926 ita
544 875 597 926 hoe
621 876 710 926 telum
735 876 772 937 sit
796 877 942 928 occultum.
977 873 993 925 l.

24 944 119 988 tauron
142 938 236 992 Deum
268 949 296 995 et
320 943 356 994 ad
382 943 501 996 uberum
534 945 647 1009 (Burm.
675 945 813 1010 liberum,
836 961 857 996 s.
883 947 982 996 librum

25 1005 180 1083 librorum,
212 1014 260 1076 (sc.
286 1009 499 1079 Sibyllinorum)
523 1029 543 1063 s.
568 1008 773 1076 nemorumss.
799 1015 949 1080 pecorum)
970 1027 993 1062 ct

26 1075 118 1141 diam,
143 1085 173 1128 et
196 1079 232 1130 ad
248 1079 419 1134 divinitatem
447 1083 558 1142 (Burin.
583 1082 652 1132 coni.
679 1082 902 1145 divinationem)
927 1089 954 1135 et
968 1079 993 1132 ai

25 1141 162 1222 urlicnas,
186 1163 257 1217 quac
282 1150 407 1215 placidae
431 1159 508 1216 srmt,
537 1160 566 1203 et
587 1151 623 1203 ad
649 1150 723 1201 bella
740 1151 886 1216 pertinere
904 1150 993 1229 longia

28 1213 202 1291 cmtlaurum
219 1218 282 1273 ideo
299 1228 508 1285 consecratam,
531 1220 596 1288 quia
619 1220 688 1271 haec
705 1219 794 1270 arhor
818 1219 983 1272 suffimenta

29 1283 241 1360 gationibusque
268 1287 446 1354 adhibeatur,
471 1296 502 1340 ut
518 1287 695 1351 ostendatur,
720 1288 832 1339 nullum
850 1289 990 1357 templum

27 1364 80 1401 rusi
100 1367 204 1419 purum
219 1355 331 1422 ingredi
348 1358 457 1410 debere.
493 1358 612 1409 Cautum
630 1359 706 1408 enim
724 1363 779 1420 est,
809 1375 846 1408 ne
865 1357 992 1410 sacerdos

28 1419 146 1472 domum
171 1424 357 1492 ingrediatur,
383 1427 413 1477 in
440 1441 494 1494 qua
521 1436 585 1478 ante
611 1427 737 1496 quintam
763 1424 839 1476 diem
864 1427 949 1480 funus
974 1425 994 1476 ft

28 1487 149 1557 Quidam
173 1500 270 1546 tamen
288 1495 331 1544 An
357 1511 410 1562 pro
435 1499 495 1546 rive
520 1496 632 1564 antique
657 1495 764 1546 dictum
790 1493 893 1545 volunt„
936 1487 993 1543 Nor

27 1557 255 1615 coniunctionem
280 1573 419 1616 mutatam
437 1565 580 1628 adserunt,
605 1579 670 1631 pro:
694 1563 749 1612 Aut
768 1560 872 1613 Phoebi
890 1560 993 1630 [soror]

27 1626 226 1709 Nymphnrm
250 1637 404 1700 sanguinis
440 1650 506 1683 una.
551 1634 605 1684 Alii
635 1640 739 1691 autem,
765 1631 993 1683 coniunctionem

25 1695 178 1751 iunot1vam
200 1703 308 1767 vohun,
337 1711 368 1753 ut
391 1702 542 1753 Sallustius:
574 1701 717 1753 Perrexere
750 1702 781 1750 in
805 1698 983 1767 Hispaniam

27 1764 220 1833 Sardiniam.)
271 1773 319 1821 An·
340 1771 535 1839 Nympharum
566 1771 740 1838 sanguinis5
772 1768 790 1818 i.
818 1786 843 1819 e.
879 1769 993 1822 Generis

27 1841 90 1894 330.
110 1837 156 1890 Sis
168 1840 263 1909 felin3
289 1841 410 1908 propitia
428 1841 500 1906 (hoc
520 1837 574 1902 est}
590 1839 753 1897 felicitatem
771 1844 911 1904 praestes:
936 1839 993 1905 rel,

28 1903 119 1959 mihin
154 1909 229 1960 Felix
253 1911 328 1961 enim
347 1911 447 1962 dicitur
463 1915 494 1960 et
510 1908 559 1976 qui
573 1906 659 1960 habet
681 1906 860 1971 felicitatem,
885 1906 981 1975 etqui

27 1991 86 2027 esse
103 1970 221 2029 felicem.
255 1979 336 2029 Utin
353 1978 495 2035 Bucolicis,
511 1979 560 2041 (E.
577 1983 609 2041 5,
626 1977 698 2040 65.):
720 1975 782 2040 Sis,
808 1977 917 2041 bonus,
934 1995 969 2041 o,
980 1983 993 2045 j

29 2048 166 2110 quernis.
203 2045 282 2098 Unde
307 2050 335 2112 (e
352 2047 494 2099 contrario
514 2047 554 2112 (A.
572 2055 605 2110 2,
622 2046 710 2108 245.):
735 2055 760 2092 et
779 2056 939 2095 monstrum
964 2048 993 2111 in

29 2119 58 2163 et
76 2118 113 2179 (3,
130 2113 218 2176 mi:
236 2115 330 2166 infelix
347 2123 429 2165 vates.
465 2115 501 2164 Et
518 2114 596 2176 alibi)
615 2122 644 2164 et
660 2119 759 2163 contra
775 2115 844 2163 Iuno
862 2113 893 2163 in
910 2114 966 2163 VII.
984 2119 993 2178 (

29 2180 110 2232 dicit:
136 2181 215 2248 Quae
233 2186 314 2248 potui
334 2183 453 2251 infelix,
469 2183 488 2233 i.
506 2202 529 2234 e.
547 2184 660 2234 adversa
678 2181 814 2232 Troianis.
849 2180 954 2244 Leves5
979 2183 993 2233 l.

29 2250 124 2310 facias.
158 2251 195 2300 Ut
212 2252 311 2315 (145.):
335 2250 423 2301 Levat
442 2253 500 2316 ipse
519 2253 641 2302 tridenti.
678 2249 885 2316 Quaecunque‚·
904 2251 993 2302 seul]

30 2334 79 2370 seu
100 2315 232 2387 nympha.
270 2319 331 2386 Quo
351 2322 403 2370 sub
424 2323 514 2380 coelo;
537 2330 585 2372 aut
601 2319 652 2370 sub
670 2336 725 2387 qua
743 2327 822 2385 parte
847 2320 933 2384 coeli,
956 2335 993 2369 au

29 2389 152 2439 cundum
169 2387 337 2455 Epicureos,
363 2389 410 2456 qui
435 2389 528 2454 plures
553 2388 647 2438 volunt
664 2406 721 2440 esse
740 2383 846 2452 coelos,
872 2395 903 2437 ut
920 2389 993 2439 Cicer

28 2455 183 2509 Hortensio.
199 2483 235 2493 -
270 2465 330 2515 331.
350 2458 491 2521 Tamiani,-
515 2457 645 2508 hocloco
662 2465 741 2508 vacat
763 2457 884 2506 tandem.
910 2455 993 2507 »Sciet

29 2540 111 2592 sane,
136 2523 236 2577 multas
260 2525 409 2592 particulas
434 2526 468 2576 ad
493 2535 622 2577 ornatum
639 2526 779 2592 pertinere
802 2523 993 2576 tantummodo

30 2601 111 2660 puta,
136 2597 226 2661 enim,
248 2596 331 2661 dum,
352 2596 494 2662 gentium,
519 2594 659 2660 iocorum,
683 2607 822 2646 terrarum
848 2595 890 2660 [ut
916 2594 993 2644 Cicer

30 2662 193 2715 Hortensio:
222 2662 277 2714 Ant
301 2666 413 2714 tandem
437 2665 552 2730 docens,
584 2665 657 2730 quod
681 2665 731 2714 vix
757 2665 912 2728 quoiquam
939 2680 990 2712 con

30 2731 85 2782 Aut
108 2733 234 2798 tandem,
271 2749 323 2800 pro
348 2734 479 2799 expletiva
503 2733 638 2800 particula
663 2731 721 2794 est]
766 2732 845 2795 (cod.
870 2732 899 2780 F.
927 2743 993 2782 terra

31 2799 194 2869 significatio
219 2805 308 2869 posita
331 2803 367 2853 ad
390 2809 518 2863 ornatum
542 2800 668 2868 pertinet
711 2800 767 2848 Aut
791 2798 824 2865 Q.
850 2796 967 2865 docens,

31 2871 82 2920 vix
99 2868 150 2921 hoc
169 2887 275 2938 quoque
295 2873 427 2938 contigit,
450 2878 498 2921 aut
515 2872 576 2933 etc.)
594 2894 637 2906 -··
662 2875 725 2926 332.
743 2867 970 2933 Hominumque,

34 2955 165 3006 rumque‚·
188 2941 385 3007 Hypermetrus
402 2954 508 2990 versus:
534 2954 619 2989 unam
643 2939 719 2988 enim
741 2938 800 3005 plus
816 2935 901 2988 habet
918 2936 993 3003 syllal

33 3007 81 3074 qui
106 3008 232 3076 quotiens
255 3009 301 3073 lit,
325 3009 408 3060 debet
431 3023 546 3073 sequens
563 3022 654 3058 versus
680 3023 694 3056 a
714 3007 800 3057 vocali
822 3003 948 3074 incipere
965 3012 993 3055 ut

31 3073 101 3128 loco.
134 3077 207 3128 Item
230 3079 275 3144 (4,
294 3077 377 3137 558.):
404 3075 509 3126 Omnia
528 3074 671 3125 Mercurio
695 3077 805 3126 -similis
822 3091 969 3140 vocemque

34 3162 158 3212 remque,
183 3145 218 3196 Et
236 3149 328 3197 crines
339 3145 445 3214 flavos.
481 3143 541 3194 Nisi
563 3145 635 3194 forte
653 3143 802 3210 synaeresis
820 3142 908 3209 (codd.
932 3145 992 3193 sini

32 3230 53 3267 a.
72 3218 157 3266 siner.
178 3214 269 3269 Guelf.
285 3216 305 3266 Ι.
332 3210 476 3274 tincheris)
501 3212 550 3264 fiat
570 3212 600 3263 in
623 3208 693 3277 line,
710 3213 727 3262 i.
747 3231 770 3263 e.
794 3211 931 3262 vocalium
954 3213 993 3262 col

33 3281 71 3334 t't
88 3291 128 3336 est
145 3284 184 3351 (E.
206 3290 236 3350 1,
254 3286 324 3345 33.):
347 3281 406 3334 Nec
422 3292 493 3349 'curn
512 3281 612 3348 peculi.
638 3282 697 3331 ·Hic
721 3281 796 3332 enim
813 3293 870 3330 non
889 3287 931 3330 est
947 3297 993 3331 ner

32 3358 65 3401 ut
87 3368 202 3421 sequens
232 3368 324 3404 versus
340 3370 363 3402 -n
390 3350 477 3401 vocali
506 3350 629 3416 incipiat
652 3377 688 3387 -
729 3353 790 3406 334.
814 3347 918 3399 Hostia
952 3348 993 3398 dea

32 3416 151 3472 Hostiae
177 3421 305 3472 dicuntur
329 3419 477 3483 sacrificia,
504 3437 574 3486 quae
598 3419 633 3469 ab
651 3416 700 3468 =his
724 3417 807 3482 liunt,
832 3418 880 3484 qui
900 3417 931 3468 in
956 3418 991 3467 ho

30 3497 160 3607 pergunt.
199 3488 334 3547 Victimae
358 3503 439 3551 vero,
464 3488 613 3552 sacrificia,
637 3503 707 3554 quae
730 3494 793 3553 post
815 3485 961 3538 victoriam
985 3487 993 3536 l

51 3559 85 3610 ed
102 3558 171 3613 haec
187 3555 464 3609 licenter‘confundit
481 3557 635 3606 auctoritas.
653 3579 687 3592 -··
721 3562 781 3611 335.
801 3554 993 3620 [Εᾳιιὶἀιιηςα

33 3642 85 3694 ego
110 3626 223 3695 quidem
244 3625 396 3694 significat,
426 3624 493 3674 alias
517 3622 648 3691 eipletiva
672 3620 806 3690 particula
829 3621 889 3686 est]
932 3623 993 3673 Tati

33 3695 139 3763 dignor
161 3693 280 3757 honore5
298 3695 315 3763 i.
335 3712 359 3745 e.
381 3692 522 3742 sacrificio.
556 3694 593 3743 Et
608 3700 657 3743 aut
672 3693 730 3743 vult
750 3708 779 3741 se
797 3691 916 3756 probare
940 3707 993 3744 nou

31 3780 113 3827 mon,
135 3763 185 3816 sed
208 3762 345 3828 virginem
362 3762 489 3828 Tyriam:
512 3764 571 3826 (aut
594 3761 658 3812 ideo
681 3777 738 3811 non
762 3760 938 3825 amplectitur
963 3777 991 3811 sa

31 3833 123 3896 cium,
148 3840 179 3882 ut
195 3829 295 3882 diutius
317 3830 432 3891 lateat:)
453 3836 505 3891 ,aut
522 3836 612 3894 certe,
636 3830 700 3897 quia
724 3825 843 3895 Paphiae
868 3829 970 3880 Veneri
992 3856 993 3864 κ

30 3900 117 3967 Cvpri
134 3901 241 3965 colitur,
257 3906 319 3951 ture
338 3907 446 3951 tantum
463 3897 631 3948 sacrificatur
645 3901 674 3950 et
690 3897 820 3948 floribus:
838 3894 898 3965 (qui
912 3897 953 3948 sit
966 3898 993 3965 (4

32 3956 89 4020 Uti
106 3971 236 4036 templum
256 3967 301 4018 illi
320 3980 480 4032 centumque
495 3965 598 4016 Sabaeo
618 3966 711 4016 Thure
729 3967 820 4016 colent
837 3981 912 4032 arae,
928 3971 993 4018 serti

32 4041 189 4091 recentibus
213 4036 334 4100 halant.)
368 4035 497 4104 Dignam
521 4032 635 4104 digitum
659 4052 705 4087 rue
728 4034 827 4086 iudico.
861 4035 898 4085 Ut
913 4039 943 4100 (3
951 4038 993 4100 ,4
