2454 4500
172 295 210 337 m
232 258 390 337 nucu.
411 272 580 336 sanun.
602 272 681 339 uu
703 274 745 349 11,
768 278 917 347 sr—os
939 282 945 307 ·
993 280 1056 343 sas

59 464 97 509 to
121 464 152 509 et
176 458 289 510 invento
313 472 397 521 suro,
461 456 497 509 od
523 454 582 526 ipse
607 461 789 523 pernoctem
817 457 952 527 corruptis
974 458 1057 511 serris

59 524 228 592 nutrierat,
251 526 409 579 Palamedes
424 473 567 597 ldpidibus
590 524 770 592 interemptus
787 532 834 575 est.
867 526 945 575 Hunc
961 535 1055 579 etitem

59 600 138 647 meat
164 594 250 647 udae
272 594 444 665 prudentem.
487 595 560 645 Nem
583 600 612 644 et
637 590 761 643 tabidum
784 592 862 659 (Vos.
887 594 976 643 aleam
1000 598 1055 647 tob.

59 678 125 715 trin.
147 663 221 715 coni.
242 675 268 713 et
290 665 382 714 oleam
407 679 441 712 oc
464 663 534 725 tub.)
565 661 623 728 ipse
654 660 755 711 iuveuit
777 660 812 712 ad
835 661 1054 731 comprimendas

59 732 114 783 icsi
127 732 275 783 seditiones
292 732 440 795 exercitus,
457 739 487 781 ut
499 733 584 782 Varro
601 736 722 781 testatur.
755 727 910 781 Secundum
922 732 1055 797 quosdam

59 812 93 853 te
107 800 230 871 repperit
245 799 347 851 literas.
382 798 519 867 Quaeres
536 797 580 868 [si]
595 800 666 849 sorte
683 798 718 847 sit
732 796 824 861 dubia,
838 806 932 850 temen
946 809 1055 851 certum

59 870 92 935 t,
111 870 149 934 θ,
172 888 210 937 φ,
232 884 249 931 χ
272 869 309 921 ab
332 866 385 919 hoc
408 864 529 919 inventes
552 882 617 917 cum
639 865 812 936 aspiratione.
853 866 898 931 (L.
921 864 969 917 R.:
1001 866 1055 919 Clu·

59 948 64 969 ⁸
90 934 296 989 hainoensem
314 954 377 987 cum
391 934 420 985 ll
437 938 522 1003 aspir.
538 935 627 986 Guell.
639 934 671 987 ll.
688 949 704 996 ι
722 935 756 985 ab
775 934 826 985 hoc
844 936 972 986 inventas
989 952 1053 985 cum

59 1006 139 1069 rete,-
162 1006 224 1056 Vos.
241 1006 274 1057 ll.
290 1004 322 1071 κζ
334 1026 364 1057 u.
384 1012 435 1065 att
455 1004 527 1055 Edit.
544 1002 625 1055 Basil.
650 1003 750 1053 Coum
767 1000 796 1051 ll
819 1005 905 1070 aspir.
932 1018 1054 1069 respectes

86 1072 178 1127 literae
201 1072 261 1127 sine
284 1074 377 1145 aspir.)
394 1098 428 1111 —
462 1078 506 1129 82.
524 1072 626 1123 Inclita
650 1070 759 1139 gloric5
782 1080 895 1142 propter
917 1071 1054 1125 delectum

87 1142 232 1193 stramenta.
253 1168 288 1181 -
323 1148 366 1199 83.
388 1140 475 1190 Falsa
500 1142 550 1191 sub
575 1141 749 1207 proditione,-
773 1140 823 1190 sub
844 1138 913 1191 lalso
935 1140 1054 1195 crimine

59 1208 202 1263 otffionis.
234 1210 272 1261 Et
292 1226 354 1263 rem
371 1217 467 1261 notum
508 1226 538 1261 er
561 1208 707 1261 transitum
723 1208 797 1260 dicit
832 1208 910 1261 Unde
926 1216 955 1261 et
989 1210 1054 1260 aido

59 1284 107 1329 tst':
127 1276 215 1327 Haud
232 1278 330 1345 ignota
348 1279 455 1344 loquor.
489 1227 652 1345 lpamqmm
669 1276 708 1327 ibi
725 1275 810 1347 possit
824 1276 952 1345 intelligi,
970 1226 1053 1329 liaud
1154 1268 1159 1279 ¹

59 1356 129 1397 'usta
145 1347 243 1399 nodis.-
259 1348 307 1399 sed
323 1348 395 1399 lorte
413 1346 497 1398 etiam
511 1345 602 1397 advos
620 1346 708 1416 potuit
723 1344 873 1415 pervenire.
907 1345 1053 1398 &ciendum

59 1426 98 1467 ne
119 1416 225 1467 lactum
249 1414 302 1467 hoc
326 1431 405 1479 vere,
434 1423 463 1466 et
485 1412 618 1465 Troianos
640 1414 728 1465 scisse.
774 1412 826 1465 Sed
848 1412 931 1467 Sinon
954 1414 1053 1471 callido

59 1480 109 1542 tasi
129 1482 322 1551 ignorantibus
339 1500 410 1552 quae
432 1498 497 1533 vera
520 1489 597 1546 nint,
620 1479 701 1533 dicit:
724 1489 755 1532 ut
776 1480 861 1535 fidem
877 1484 1052 1551 sequentibus

59 1552 121 1603 cist.
154 1548 280 1619 [Pelasgi
285 1576 295 1615 t
321 1568 338 1603 a
360 1551 471 1617 Pelasgo
495 1557 586 1601 terrm
609 1548 664 1601 lilio
687 1548 734 1617 qui
757 1550 787 1601 in
808 1551 922 1604 Arcadis
945 1552 1054 1619 penitus

59 1618 166 1684 ioitur),
189 1626 220 1670 ut
234 1620 366 1673 Hesiodus
388 1617 491 1683 tradit]
508 1644 541 1655 -
574 1621 618 1675 811.
642 1616 764 1686 Infando
791 1620 915 1683 indicio,-
938 1628 1054 1689 propter

59 1704 130 1739 rum
145 1686 219 1739 clam
236 1688 412 1759 suppositum.
446 1688 567 1755 [Indicio
586 1694 679 1739 utitem
696 1686 850 1753 delatione]
884 1686 959 1755 Quia
979 1690 1052 1741 mlta

59 1758 153 1821 mbas,
177 1757 236 1809 iam
252 1758 305 1809 hoc
328 1756 429 1809 falsum
446 1764 500 1809 est:
524 1755 571 1808 sed
588 1754 687 1805 dicitur
705 1755 739 1807 ad
756 1754 860 1807 Sinonis
877 1758 1053 1809 commenda·

59 1840 149 1887 inem,
171 1828 251 1894 [nam
274 1826 358 1877 aliam
383 1824 418 1875 ob
441 1840 551 1877 carosam
574 1822 733 1875 Palamedes
755 1822 865 1893 periit]
906 1824 959 1891 (Et
980 1825 1054 1879 bene

74 1894 246 1961 captandam
262 1894 338 1945 circa
354 1894 455 1944 amicos
473 1893 529 1945 eius
546 1891 695 1957 miseriem,
711 1891 882 1960 adiimgitur,
897 1894 961 1963 quis
977 1896 1053 1964 pacis

59 1972 122 2015 otor
145 1962 223 2041 luit.)
246 1990 281 2002 —
314 1969 358 2021 85.
384 1961 517 2042 Cassum
541 1960 693 2040 privatum,
716 1977 846 2025 vacuum,
870 1964 916 2031 [et
938 1979 1051 2013 cassum

59 2068 97 2153 ta
132 2030 1052 2165 ‘'dds‘t‘t't.‘.‘..}.¹¹¹.¹}‚¹..t.⁰.¹.²{¹¹‡t¹¹:.’.titttfffttdttttt:

59 2185 137 2231 rm,
159 2166 209 2235 qui
226 2168 345 2220 multum
361 2168 391 2219 in
415 2185 443 2219 se
459 2166 536 2218 vacui
552 2166 680 2218 habeant.
715 2166 803 2230 (Sans
818 2167 875 2218 vult
890 2166 974 2219 Sinon
990 2184 1053 2221 sua·

59 2255 105 2298 re,
123 2251 190 2287 rere
207 2237 309 2305 fugisse
327 2236 461 2299 Graecos,
483 2234 507 2285 si
523 2234 700 2287 Palamedem
723 2234 818 2303 lugere
861 2243 998 2289 otuerunt.
1015 2262 1051 2277 -
1091 2288 1094 2295 ,

59 2345 61 2355 .
88 2304 144 2355 11Ιί
168 2320 211 2354 ms
236 2308 378 2369 comitem,-
403 2304 523 2356 oratorie
547 2320 575 2356 se
598 2304 782 2357 commendat
824 2255 891 2369 Illi,-
914 2305 932 2357 i.
956 2324 979 2357 e.
1002 2306 1051 2374 qui

59 2374 93 2427 lla
113 2373 241 2435 vetabot3
259 2381 286 2427 et
303 2374 373 2426 bene
392 2374 533 2437 comitem,
550 2387 606 2422 non
624 2372 755 2437 militem,
772 2389 854 2441 quem
872 2373 930 2425 eius
946 2373 1051 2427 inimiot‘

59 2450 93 2493 nt
111 2440 263 2511 subparem
279 2442 495 2509 insequerentur.
529 2440 564 2489 Et
582 2443 827 2508 consanguinitate
843 2444 1050 2510 propinquum,-

59 2508 160 2561 :usatio
187 2526 204 2561 a
227 2510 441 2573 necessitudine,
465 2506 513 2560 sed
537 2507 590 2560 hoc
613 2516 702 2560 totum
726 2510 825 2562 laistim
848 2514 915 2571 est)
939 2537 973 2547 —
1007 2516 1050 2568 87.

60 2596 148 2645 uper;
167 2579 313 2642 (exornatio
330 2599 347 2632 a
364 2577 505 2639 lortrmaz)
523 2576 592 2629 haec
609 2578 685 2629 enim
701 2579 793 2630 fuerat
808 2596 889 2631 causa
906 2579 1052 2643 militandi,
1080 2576 1084 2585 “

71 2647 234 2698 Terentius.
247 2646 374 2718 (Adelph.
394 2654 425 2710 3,
448 2649 480 2709 4,
497 2645 568 2706 20.):
593 2643 687 2711 Quum
713 2646 779 2697 hinc
803 2664 885 2715 egens
908 2648 1051 2716 profugiat

59 2720 121 2783 'quo
139 2716 302 2767 militatum.
337 2713 452 2783 [Primis
470 2715 573 2775 usmis3
597 2723 645 2766 aut
667 2715 880 2781 adolescentiae,
904 2725 951 2767 aut
968 2714 1052 2783 bellt]

59 2791 125 2835 :est
141 2784 293 2850 excusatio,
317 2783 382 2854 quia
405 2782 478 2852 patri
494 2783 649 2901 parendum
666 2783 818 2836 necessario
835 2784 901 2849 suin
924 2784 986 2853 ideo
1003 2800 1051 2835 au·

59 2868 77 2902 ιι
103 2849 203 2913 misit.)
219 2877 253 2889 -
287 2858 330 2910 88.
354 2852 431 2901 Dum
449 2863 492 2901 sta
512 2862 541 2900 ot
560 2868 642 2918 regno
662 2853 830 2914 incolumis,
854 2852 919 2920 quia
944 2860 972 2904 et
993 2869 1052 2925 lpse

59 2937 92 2971 us
110 2920 145 2973 de
163 2918 275 2986 regibus
291 2921 351 2972 luit.
385 2920 437 2986 (Et
459 2919 531 2971 bene
557 2919 661 2971 addidit
685 2920 849 2987 dignitatem
872 2921 944 2985 eius,
967 2936 1052 2989 quem

59 2988 143 3054 gebat
166 2987 368 3069 propinquum,
392 2995 423 3037 ιιι
446 2989 472 3039 ei
493 2988 564 3040 iusta
588 3002 669 3039 causa
692 2988 776 3039 luerit
791 2988 987 3057 indignationis
1004 2990 1052 3041 ed·

59 3073 112 3109 rsus
128 3054 256 3119 Ulixem.)
273 3083 308 3093 —
342 3062 386 3112 89.
402 3055 437 3106 Ει
455 3073 523 3118 nos,·
548 3055 659 3127 pluralis
683 3072 813 3108 numerus
837 3072 887 3127 pro
910 3054 1052 3124 singulari,

59 3124 242 3177 imitandam
257 3122 426 3188 iactantiam,
445 3131 474 3174 nt
487 3122 638 3175 Sallustius:
655 3123 716 3175 Nos
734 3127 765 3174 in
784 3136 861 3175 tonso
876 3126 1053 3177 doctissimo-

60 3211 85 3242 m
102 3194 193 3261 copia.
228 3194 271 3245 An
288 3210 355 3256 nos,
371 3210 399 3245 se
418 3201 445 3244 et
460 3200 569 3260 patrem
586 3191 652 3243 dixit
669 3200 699 3242 ut
715 3192 892 3258 Palamedes]
925 3190 1051 3257 Nomen,

59 3261 154 3327 niam,
178 3268 209 3311 ιιι
253 3266 301 3326 12,
326 3260 417 3322 515.);
447 3261 556 3311 Nomen
579 3259 758 3325 Echionium,
787 3261 936 3329 matrisque
965 3276 1052 3329 genus

59 3330 169 3390 1rideae3
192 3328 236 3397 [ve
263 3337 294 3379 ut
309 3328 357 3381 alii
380 3329 569 3391 nobilitatem,
593 3335 622 3377 ut
646 3331 692 3393 (5,
708 3326 797 3391 621.):
821 3328 876 3379 Cui
898 3346 1003 3396 genus,
1025 3342 1052 3381 es

59 3400 163 3448 tondum
183 3414 284 3448 nomen
302 3399 416 3514 natipue
433 3392 584 3466 fuissent]
618 3395 732 3446 Invidia
740 3419 750 3460 ,-
791 3405 885 3467 ropter
909 3398 1051 3451 advectum

59 3474 202 3519 mentum
219 3492 254 3502 —
289 3472 332 3521 90.
380 3467 494 3529 eliacim·
519 3482 569 3535 per
593 3463 738 3516 blanditias
761 3415 929 3536 decipientis.
970 3464 1051 3519 Pelli-

59 3552 82 3583 re
106 3534 183 3587 enim
201 3541 242 3584 est
258 3532 424 3585 blandiendo
443 3534 555 3595 elicere,
571 3531 618 3600 (al.
635 3534 777 3599 decipere.)
795 3560 830 3570 —
865 3538 907 3591 91.
923 3534 1051 3603 [Conces-

59 3614 77 3664 t,·
93 3617 143 3673 pro
162 3599 296 3665 decessit]
314 3629 348 3639 -
383 3608 425 3658 92.
445 3601 593 3670 (Afflictis,
619 3602 853 3670 suspendendum,
876 3621 911 3655 ne
928 3598 1051 3656 videatur

59 3671 150 3721 t'ectum
174 3686 204 3721 se
228 3669 335 3735 dicere,
358 3671 422 3735 quia
446 3671 476 3722 in
498 3670 620 3723 tenebris
642 3672 725 3721 vitam
750 3668 891 3734 trahebat,
913 3672 960 3724 scd
985 3672 1052 3740 quia

59 3739 138 3789 ticum
156 3737 315 3806 perdiderit.
355 3738 463 3801 Vitam,·
480 3741 542 3792 ideo
559 3738 714 3806 lugentibus
730 3738 843 3791 inimica
858 3738 903 3790 lux
920 3748 967 3803 est,
984 3741 1052 3808 quia

59 3814 169 3860 ruerunt
185 3823 219 3858 ea
235 3805 264 3857 hi
271 3844 279 3870 ,
303 3823 370 3874 quos
387 3809 493 3868 dolent;
517 3808 578 3861 ideo
598 3807 729 3860 tenebras
752 3815 864 3875 petunt,
888 3816 918 3857 ιιι
940 3808 1049 3861 videan-

59 3892 145 3927 :cum
164 3873 298 3927 defunctis
317 3891 416 3940 agere,
433 3877 572 3930 imitantes
589 3875 710 3928 tenebris
727 3875 881 3926 inferorum
897 3876 1051 3927 laniem.—

59 3983 62 3992 .
86 3942 215 3993 lnsonu's
233 3946 335 4007 amici‚·
361 3944 413 3995 :tuo
432 3946 537 4011 posuit,
561 3952 590 3996 et
607 3945 746 4008 insontis,
769 3952 797 3995 et
820 3943 915 4006 amici3
939 3953 966 3995 et
988 3946 1049 4011 plus

63 4049 72 4077 ,
93 4012 312 4081 quod'oms'cum
330 4012 409 4079 duit,
434 4029 519 4083 qtsam
540 4009 746 4080 propinquum)
779 4008 891 4063 Mecum
915 4013 1049 4080 indigna·
