2454 4500
170 247 237 314 464
419 246 569 312 -SERVII
591 174 942 314 coMMuuTnmub
971 262 975 267 '

171 429 289 498 exarsit]
321 424 386 484 Atro
403 432 479 486 Felle
495 436 590 502 dolon
607 453 663 506 quo
678 438 824 490 irascimur
839 418 995 491 mimium
1012 438 1183 517 Physicoe‚u
1205 464 1209 471 ·

172 504 265 569 splene
282 500 411 554 ridemus.
444 505 551 555 Persius
568 511 619 573 (1,
636 507 710 567 16.):
734 507 787 557 Sed
804 524 867 557 sunt
884 510 1031 574 petulanti
1048 513 1183 577 splenem

171 572 284 622 chinno.
300 594 336 633 ···,
369 578 431 627 220.
447 572 534 641 Rapit
550 583 602 626 etc.
614 591 623 637 ;
637 574 705 641 {duo
721 574 819 639 dixin]
835 577 950 643 sagittae
966 580 1010 646 [et
1027 579 1154 645 clavem]
1166 588 1183 632 et
1218 576 1221 641 i

136 651 139 667 ²
170 656 228 693 non
250 647 327 691 vacet
346 655 410 706 ·que.
451 641 523 693 Nam
551 643 575 694 si
604 659 748 694 armorum
769 645 933 713 Eponegesis
965 656 1023 699 est:
1059 648 1184 717 Nodisqu
1218 648 1221 701 :

170 725 323 777 gracorum
351 709 452 777 robur,
477 719 555 762 vocat
578 729 637 778 que.
673 712 831 763 Gravatum
853 721 947 764 autem
974 731 1028 783 pro
1046 734 1132 783 grem
1152 734 1184 784 po

169 783 230 830 suit.
264 778 336 827 Nam
352 794 437 843 grau
453 791 494 831 est
510 796 560 849 per
576 789 704 833 naturam
721 780 919 850 ponderosum:
941 797 1116 851 grauatum,
1131 785 1185 854 quot

168 853 300 899 oneretur
323 845 494 900 extrinsecus.
546 846 616 916 [Sed
646 851 757 916 quidam
781 849 880 900 melius
913 865 1090 919 gravatum,
1120 870 1184 923 (μω
1219 866 1221 885 ¹

189 933 254 966 rave
269 914 374 966 dictum
390 916 482 966 volunt
498 918 575 986 qsiasi
598 920 762 969 extrinsecus
784 918 850 968 nodi
872 918 928 969 sint
951 921 1051 972 additi.
1069 948 1107 959 -
1138 931 1184 979 222.
1219 922 1221 927 ’

168 936 242 1035 l'um
258 984 396 1064 primum3
421 984 439 1034 i.
456 1002 480 1037 e.
504 985 595 1054 primo
612 987 735 1037 Herculis
758 986 913 1050 beneficio]
929 1014 982 1067 ᾗ,
1003 996 1073 1046 223.
1093 990 1184 1043 Turta·

166 1052 1184 1192 tltzl‘lgu‚²²2ttirpttzttttptlttsttltttutat
1217 1094 1221 1207 l

168 1191 252 1241 oculi.
288 1189 392 1255 [llicet,·
416 1197 505 1259 potest
522 1192 598 1241 ilicet
613 1192 703 1262 accipi
727 1208 778 1259 pro
802 1194 893 1258 igitur
915 1200 968 1243 aut
984 1196 1183 1261 continuo.]-
1217 1214 1221 1289 q

166 1264 228 1315 226.
245 1257 308 1307 Arte
320 1268 459 1322 ·paterno3
484 1269 640 1326 perseverat
663 1261 693 1311 in
715 1260 818 1311 febrili.
852 1259 933 1329 [Sene
959 1269 992 1313 et
1015 1262 1102 1316 aliter
1117 1267 1183 1327 ferro,
1218 1292 1221 1331 Ι

165 1328 244 1379 etlter
261 1324 342 1390 orte]
359 1352 393 1363 —
427 1336 489 1383 227.
506 1327 652 1393 Emnniie5
675 1329 966 1396 [tryseeronproterom
990 1331 1074 1383 fulsit
1096 1341 1183 1383 sumu
1218 1338 1221 1351 '

163 1396 215 1447 niu
238 1402 328 1447 essent
351 1394 389 1460 et]
408 1397 527 1449 emuniit
550 1397 620 1447 sicut
637 1401 753 1464 mugiit,
795 1413 826 1447 ro
845 1399 970 1464 mugivit
994 1407 1024 1451 et
1049 1403 1180 1453 emuniuit
1218 1362 1221 1451 l

165 1465 252 1517 Obice
268 1475 375 1528 postes5
399 1463 472 1514 benc
490 1466 593 1516 obicem
612 1466 736 1517 dicimus.
772 1416 808 1515 Bt
824 1467 886 1530 (10,
902 1467 994 1529 377.):
1017 1467 1094 1520 Ecce
1110 1473 1181 1521 meris
1219 1474 1221 1499 ¹

165 1540 267 1600 m'ogne
307 1532 416 1583 claudit
452 1542 511 1585 no's.
538 1534 616 1585 obice
644 1544 756 1602 pontus,
808 1532 945 1585 Dubitent
984 1536 1068 1587 enim
1105 1538 1183 1600 milti,
1219 1546 1221 1567 ²

162 1610 257 1653 utrum
273 1601 457 1652 masculinum
473 1603 524 1666 eit,
546 1605 594 1671 [tn
610 1599 797 1673 femininum]
813 1624 846 1641 ···
880 1609 943 1659 228.
965 1602 1182 1671 Tirymleiusfs
1219 1658 1221 1675 ι

161 1670 305 1739 Tirynthia
321 1670 351 1721 in
368 1686 423 1738 qua
439 1670 559 1723 nutritus
575 1679 618 1723 est
634 1672 755 1723 civitate:
773 1670 804 1720 u't
820 1670 937 1721 diximus
953 1687 1042 1741 supra
1061 1679 1100 1740 (7,
1116 1677 1182 1737 662),
1218 1678 1221 1743 l

160 1741 200 1808 [et
216 1747 257 1791 est
273 1755 365 1790 versus
387 1740 588 1808 hypermetrus.
605 1766 640 1778 -
674 1747 736 1797 230.
752 1739 894 1789 Dentibus
917 1739 1110 1807 infrendens,·
1132 1758 1182 1811 prov
1217 1746 1221 1801 j

160 1808 221 1875 pris
239 1806 404 1875 infrendens
416 1817 457 1861 est
472 1808 544 1858 inter
562 1824 591 1861 se
605 1809 794 1876 comprimens
806 1806 918 1868 deutes;
935 1825 1006 1859 num
1020 1818 1051 1862 et
1062 1812 1181 1881 frendere
1216 1862 1220 1873 ,

159 1876 294 1943 significat
317 1877 443 1928 dentibus
465 1878 612 1945 frangere,
642 1879 715 1930 unde
737 1884 766 1928 et
789 1877 937 1943 nefrendes
962 1877 1104 1945 infantes,
1131 1879 1180 1948 quis
1216 1882 1219 1887 '

159 1946 284 1997 nondum
299 1945 404 1997 habent
420 1946 530 2011 dentes,
546 1953 576 1998 et
591 1948 679 1999 Varro
690 1945 875 2014 frenos-hinc
891 1952 974 2014 putat
989 1947 1098 2000 dictos:
1109 1948 1179 2016 seen

160 2016 221 2064 iere
235 2029 302 2081 ergo
316 2014 454 2081 quomodo
467 2014 616 2083 frangere?
633 2015 670 2065 Ut
679 2013 884 2082 fresmfctulo
899 2013 1016 2080 (fate),
1029 2016 1180 2082 fractu]-

157 2090 219 2138 231.
244 2082 377 2132 Aventini
408 2094 542 2147 montem;
572 2091 604 2133 ut
626 2084 737 2152 fontem
763 2082 892 2141 Timavi,
921 2082 1061 2134 Buthroti
1094 2088 1181 2152 urben,

156 2151 184 2219 [i.
209 2169 233 2203 e.
257 2152 420 2202 Aventinum
444 2149 590 2214 montem]
611 2179 645 2189 —
690 2161 760 2215 232„
776 2150 830 2200 Ter
848 2151 949 2218 sessus
974 2153 1051 2202 velle
1078 2157 1181 2217 resedit,-

156 2235 238 2284 egens
262 2220 377 2269 consilii.
410 2219 563 2270 Sallustius:
587 2220 690 2271 Fessus
716 2224 746 2270 in
772 2219 963 2286 Pamphiliem
988 2238 1018 2269 se
1046 2235 1179 2288 receperat.

155 2287 227 2337 Nam
244 2302 361 2356 corpore
374 2287 533 2355 fatigatum
551 2289 683 2355 dicimus,
708 2289 801 2340 animo
826 2305 889 2338 vero
908 2287 1044 2354 fessum.-
1072 2293 1181 2359 quamvis

154 2357 206 2406 hoc
229 2373 308 2425 saepe
333 2358 482 2406 confundat
505 2359 659 2410 aiictorites.
695 2357 775 2425 [Serre
799 2357 913 2425 quidam
937 2357 977 2406 sic
1004 2359 1181 2427 distinguunt:

155 2424 208 2474 Ter
231 2442 316 2473 saxea
342 2436 428 2474 tentat
454 2427 571 2488 limine,
596 2435 624 2478 et
648 2427 828 2492 subiungunt:
859 2427 1052 2493 nequicquam
1078 2441 1134 2493 ter,
1154 2445 1179 2479 nc

152 2501 228 2560 ports
253 2493 353 2560 fessus
377 2494 451 2543 velle
477 2496 592 2556 resedit,
616 2502 646 2544 ut
668 2496 752 2546 semel
773 2492 900 2556 sederit]
923 2520 960 2531 -
1001 2504 1069 2553 233.
1095 2498 1179 2547 Stolos

151 2574 235 2611 acuta
254 2563 341 2628 silee;
359 2581 447 2632 paene
464 2578 560 2614 omnes
578 2563 653 2611 hune
670 2566 777 2613 silicem
796 2564 928 2613 dixerunt.
965 2563 1042 2614 Noni
1060 2572 1090 2615 et
1103 2568 1178 2616 Varro

150 2639 180 2682 et
203 2631 347 2683 Lucretius
380 2636 429 2697 (1,
448 2633 523 2692 572.)
554 2633 595 2682 ita
618 2632 719 2682 dicunt.
763 2632 853 2681 Tanta
883 2637 980 2685 tumen
1012 2640 1058 2684 est
1082 2632 1178 2701 Virgilii

149 2700 311 2759 auctoritas,
336 2708 367 2749 ut
390 2703 552 2770 persuadeat
575 2699 669 2763 nobis,
693 2700 777 2752 etiem
795 2700 868 2748 hane
894 2701 1003 2748 silicem
1032 2700 1098 2752 dici.
1133 2702 1178 2751 Di·

150 2786 247 2818 rarum
265 2769 427 2835 volucrum3
451 2771 534 2820 modo
553 2771 681 2819 dirarum
699 2785 755 2819 non
772 2767 839 2818 mali
857 2767 957 2819 ominis
975 2769 1061 2833 dicit,
1079 2777 1110 2818 ut
1124 2777 1178 2820 sunt

148 2835 285 2888 bubones:
304 2838 350 2888 sed
367 2856 438 2906 quae
454 2839 583 2889 humanis
600 2838 775 2889 cadaveribus
792 2834 979 2887 vescebantur.
1016 2837 1095 2888 Dixit
1111 2839 1176 2889 enim

147 2906 245 2969 (196.):
272 2905 446 2973 Foribusque
465 2907 556 2974 affixa
575 2909 703 2972 superbis
723 2906 782 2955 Orc
802 2907 911 2967 virum,
928 2906 1009 2954 tristi
1027 2907 1176 2972 pendebant

145 2974 254 3037 pallida
273 2977 344 3025 talo.
361 3003 396 3011 -
431 2983 491 3032 237.
511 2976 641 3042 [Dantem
658 2975 711 3025 hoc
726 2982 766 3025 est
778 2991 794 3024 a
808 2974 902 3024 dextro
915 2980 995 3040 parte
1011 2973 1176 3039 consistens]

146 3042 311 3100 Concussi't;
342 3043 432 3107 solvit,
463 3044 579 3111 impulit.
627 3042 696 3092 Satis
725 3041 837 3107 signatis
869 3056 930 3090 usus
956 3049 997 3091 est
1022 3043 1124 3097 verbis.
1146 3069 1174 3079 -

144 3113 205 3166 240.
225 3110 384 3176 Refluitque
403 3116 553 3162 exterritus
578 3114 688 3175 emnis;
713 3127 774 3161 rem
798 3118 912 3160 naturae
936 3109 1024 3159 vertit
1050 3113 1082 3162 in
1105 3112 1176 3162 iebu-

143 3177 215 3242 lam,
238 3196 302 3231 cum
319 3181 399 3230 ruino
417 3181 492 3249 rupis
510 3181 539 3231 in
557 3196 585 3229 ee
602 3196 746 3229 recurrere
764 3181 805 3244 (V.
823 3178 913 3227 Guelf.
933 3177 966 3225 ΙΙ.
992 3197 1050 3230 rec.
1068 3180 1173 3247 jesias,-

143 3247 370 3299 Guelf.1.1²abr.
396 3249 428 3299 al.
457 3251 488 3298 in
512 3267 541 3297 se
567 3265 653 3297 recur.
673 3264 730 3297 non
747 3248 855 3312 possit‚.
877 3258 901 3294 et
919 3262 1067 3298 recurrere
1087 3251 1117 3297 in
1134 3265 1172 3310 se;

140 3315 221 3367 Febr.
240 3317 299 3367 add.
311 3316 418 3396 faeiat)
436 3333 547 3368 neeesse
565 3316 599 3366 sit
616 3317 753 3382 impetum
769 3314 901 3363 fluminis.
918 3341 954 3352 ···
988 3321 1057 3372 242·
1077 3315 1172 3383 Ingens

142 3388 236 3449 regie,·
260 3401 352 3452 regia,
375 3386 445 3434 sicut
462 3385 548 3434 Cacus
572 3384 693 3453 putabet.
731 3384 774 3432 sic
799 3392 839 3433 est
861 3389 890 3432 et
910 3382 978 3433 illud
1002 3384 1113 3434 dictum
1134 3389 1172 3450 (t,

140 3453 226 3510 140.);
244 3454 299 3503 Illa
318 3473 346 3503 se
365 3457 446 3504 iactet
464 3455 496 3502 in
515 3454 582 3501 aula
596 3456 707 3503 Aeolus.
744 3452 858 3501 Penitus
875 3462 1006 3514 patuere,·
1027 3454 1171 3504 admissum

138 3518 233 3569 lumen
251 3529 392 3589 estusque
411 3522 445 3572 ad
463 3529 568 3573 secreta
586 3522 741 3589 speluncae.
777 3519 918 3568 Cavernes
943 3527 1042 3570 autem
1068 3524 1170 3588 spelun-

138 3602 187 3634 cce
203 3605 252 3654 per
271 3589 420 3656 Tapinosin
438 3588 511 3639 dixit.
548 3588 629 3654 [Sane
648 3599 753 3640 veteres
770 3587 829 3637 locu
846 3602 982 3650 concava,
1007 3590 1054 3640 vel
1070 3592 1093 3641 si
1109 3588 1168 3658 quid

135 3653 282 3704 incurvum
299 3659 392 3709 fuisset
406 3674 541 3706 cnvemcs
556 3654 750 3724 appellabant]
762 3680 794 3691 ·—
829 3662 891 3711 243.
911 3655 1000 3721 Siqua
1017 3661 1065 3722 oi,·
1083 3667 1168 3711 terras

135 3721 225 3771 hiatus
243 3739 299 3773 uon
316 3727 367 3775 nisi
387 3743 418 3775 ex
435 3732 525 3776 terrae
542 3733 620 3774 motu
638 3727 683 3788 fit,
707 3723 755 3792 qui
772 3725 904 3791 quonium
921 3732 971 3773 eut
987 3740 1072 3775 motu
1088 3743 1168 3795 uqsue

134 3790 274 3841 inferioris
291 3795 428 3856 nascitur,
453 3802 500 3842 aut
517 3793 620 3843 crebris
644 3791 807 3855 tonitribus,
832 3800 880 3841 urit
898 3792 930 3842 de
949 3796 1078 3846 concavis
1094 3794 1168 3848 terris

135 3859 341 3925 erumpentibus
359 3863 458 3912 ventis:
476 3861 537 3912 ideo
555 3862 606 3911 eit:
630 3861 717 3926 Siqua
736 3862 773 3909 oi.
809 3859 887 3926 Quod
906 3869 1003 3910 autem
1022 3864 1102 3915 dicit:
1124 3862 1166 3911 ln·

127 3925 232 3994 fernes
252 3940 351 3977 reseret
368 3931 460 3994 sedes,
484 3930 637 3981 notandum
655 3938 709 3993 est,
726 3929 810 3980 etiam
828 3928 862 3979 de
879 3928 1098 3996 impossibilibus
1112 3930 1166 3983 tien

132 4010 210 4066 posse
233 3998 481 4064 comparationem.
499 4024 532 4037 -
567 4001 628 4059 245·
646 3998 715 4050 Diis
740 3998 851 4058 invisat
876 3998 983 4065 superis
1008 3999 1121 4055 scilicet.
1135 4022 1167 4041 ···

206 4342 305 4438 fl
345 4300 347 4305 ,
