2454 4500
69 343 72 347 ,
155 263 200 339 m}
214 275 379 340 VIRGIL.
398 272 567 339 turtum.
590 272 671 337 LIB.
696 274 749 350 vl,
771 274 967 343 eto-tos.
1019 278 1085 343 ³93

53 478 170 517 nomen.
185 486 222 500 -
253 463 316 521 645.
333 458 450 512 Necnon
468 457 618 511 Threicius
635 464 705 519 etc.;
729 456 857 529 Orpbeus
874 447 1015 527 Calliopes,
1026 464 1104 507 mu·

51 549 119 600 rae,
141 538 169 584 et
192 529 296 598 Oeagri
318 528 441 581 fluminis
463 527 535 580 lilius
555 527 624 594 luit,
647 525 695 595 qui
717 526 823 598 primus
846 524 933 594 Orgia
955 524 1087 579 instituit:
1148 566 1152 579 ,

12 656 17 663 ,
52 601 163 673 primus
179 599 265 651 etism
281 595 464 665 deprehendit
484 597 676 660 harmoniam,
698 594 717 646 i.
734 613 757 646 e.
782 594 949 647 circuituum
972 594 1088 645 mundu-

53 684 160 722 norum
183 682 298 732 sonum,
328 682 394 734 quos
424 679 524 717 novem
554 679 613 716 esse
635 663 774 719 novimus:
803 680 819 715 e
842 663 940 732 quibus
964 678 1088 714 summus
1149 708 1152 713 ,

52 752 144 806 quem
163 730 294 804 ivoorpov
310 734 406 786 dicum
421 733 459 801 [i.
476 751 500 786 e.
517 733 576 799 sine
593 730 705 797 astris,]
727 746 795 784 sono
819 739 905 783 osset
937 732 1011 784 Item
1027 728 1089 789 ulli:

52 820 118 857 mus
135 805 183 874 qui
199 811 325 857 terrenus
343 811 392 854 est.
425 801 536 870 Reliqui
552 809 658 871 septem
682 807 759 867 sunt,
781 815 902 868 quorum
926 815 1026 852 sonum
1042 799 1089 850 de-

52 873 205 944 prehendit
227 871 363 940 Orpheus.
402 869 482 922 Unde
505 869 600 938 utique
622 876 728 937 septem
751 868 840 935 (codd.
863 866 982 920 undeet
1003 868 1034 919 in
1057 865 1089 928 e.)
1138 926 1141 931 q

51 941 172 1021 tingitur
188 940 307 992 chordis.
341 937 471 1009 Longam
488 946 583 1005 autem
596 950 707 1003 uestem,
722 944 772 988 sut
786 935 946 1019 cytharoedi
962 936 1099 988 habitum.
1142 948 1148 955 ·

53 1010 141 1074 diors,
163 1016 212 1061 aut
227 1009 341 1075 longam
359 1008 483 1059 borboni.
516 1006 590 1058 Nam
606 1024 622 1058 e
639 1005 779 1058 contrario
796 1007 945 1072 imberbes,
970 1007 1089 1056 investes

29 1082 196 1129 'vocamus
236 1076 371 1127 Sacerdos
397 1085 506 1140 sutem,
535 1074 602 1144 quia
624 1082 653 1127 at
675 1073 832 1141 Theologus
855 1074 922 1138 luit,
953 1082 981 1126 et
1003 1073 1091 1142 Orgia
1136 1086 1142 1097 '

54 1144 166 1219 prunus
178 1145 304 1197 instituit.
331 1145 392 1212 Ipse
405 1144 490 1197 etiam
501 1143 628 1196 homines
641 1142 707 1210 e(sl
716 1141 762 1204 de)
773 1143 842 1194 teris
855 1150 884 1195 et
898 1142 974 1194 duris
986 1141 1092 1211 [mites]

56 1213 225 1281 composuit.
264 1213 342 1265 Unde
365 1212 466 1263 dicitur
487 1211 604 1265 arbores
626 1219 655 1272 et
675 1226 739 1271 sara
761 1210 891 1263 movisse:
921 1218 953 1262 ut
974 1211 1091 1263 diximus

55 1299 152 1353 supra.
184 1281 332 1351 [Horatius
348 1281 414 1398 lim
431 1279 460 1333 P.
477 1281 565 1346 391.):
586 1279 732 1349 silvestres
756 1279 884 1332 homines
908 1295 988 1331 sacer
1005 1283 1091 1331 inter·
1129 1322 1133 1327 .

56 1366 178 1418 presque
201 1349 336 1401 Deorum·
373 1349 506 1416 aedibus,
534 1360 560 1400 et
582 1351 661 1401 victu
680 1348 768 1419 foedo
792 1349 927 1400 deterruit
951 1348 1094 1416 Orpheus,

56 1410 165 1471 Dicius
183 1419 216 1471 ob
235 1416 287 1470 boe
305 1419 392 1470 lenire
416 1418 519 1485 tigres,
543 1419 712 1485 rabidosque
730 1415 843 1483 leones]
858 1443 894 1456 -
926 1421 987 1476 646.
1006 1418 1091 1470 Oblo·
1140 1468 1143 1476 ,

56 1491 159 1609 guitur
183 1489 309 1567 numeris
316 1510 326 1552 5
349 1485 464 1564 dicendo
489 1486 666 1553 obloquitur,
688 1485 857 1568 chordirrum
880 1485 1092 1566 expressitlau-
1123 1518 1126 1525 ι

57 1552 1109 1692 rshzqtttiitttiit„littei-‘litttit't‘summisit:·

59 1695 106 1746 ris
112 1715 122 1757 ,-
138 1691 392 1760 rhythmis,'sonis:
409 1698 440 1741 ut
458 1691 500 1757 (E.
517 1692 550 1756 9,
564 1691 635 1754 45.);
651 1682 793 1755 Numeros
810 1693 941 1757 memini,
963 1693 992 1744 si
1007 1691 1092 1742 uerba
1130 1695 1147 1751 ,,”
1208 1706 1214 1711 ·

58 1774 190 1814 tenerem.
229 1761 334 1826 Septem
358 1759 544 1823 discrimino,
574 1759 641 1828 quia
664 1774 759 1827 omnes
782 1760 902 1813 chordae
924 1759 1128 1815 dissimiliter

55 1836 168 1882 sonent.
185 1854 221 1865 -
244 1831 315 1886 ,647.
333 1828 394 1877 Iam
412 1828 535 1895 pectine,
552 1827 611 1879 iam
627 1843 709 1880 nuno.
742 1825 805 1880 Hoc
821 1831 862 1896 (V.
881 1829 944 1894 bic;
963 1827 1099 1881 Guelfu.

58 1898 110 1950 lei'o
127 1899 171 1949 uel
188 1895 250 1958 boc)
267 1904 362 1948 sutem
378 1907 472 1962 pecten
489 1895 656 1962 declinatur,
679 1903 711 1946 ut
732 1896 803 1964 lien,
827 1913 948 1949 carmen.
964 1923 999 1935 -
1032 1901 1095 1955 648.
1138 1946 1142 1959 ,

58 1967 119 2020 Hic
136 1982 228 2034 genus
245 1966 409 2032 antiquum3
433 1963 507 2031 quod
522 1978 579 2016 non
596 1979 692 2015 omnes
708 1964 780 2016 viros
795 1966 881 2018 fortes
904 1966 934 2018 in
950 1964 1041 2034 Elysio
1056 1965 1095 2016 si·
1117 2018 1123 2027 ,

59 2051 107 2088 sus
124 2050 181 2089 esse
198 2039 408 2098 commemorat,
425 2031 494 2084 haec
510 2032 583 2083 ratio
599 2041 654 2086 est:
670 2032 736 2101 quia
751 2034 798 2085 isti
813 2034 917 2086 divinos
933 2041 1095 2087 meruerant

60 2104 197 2157 honores:
220 2101 294 2170 qnod
310 2100 404 2168 'I’ydeo
422 2101 464 2152 vel
479 2100 522 2152 his
539 2116 706 2168 quos-supra
722 2103 900 2169 memoravit,
916 2119 973 2155 uon
990 2103 1096 2154 contin·

41 2172 113 2242 ‘git
141 2171 220 2223 Nem
236 2169 301 2221 ideo
319 2173 469 2236 antiquum
486 2169 604 2222 addidit:
626 2170 704 2239 quasi
720 2171 816 2223 stillis
832 2171 915 2240 Elysii
930 2187 988 2224 non
1004 2171 1096 2236 ¹(codd.

61 2238 155 2304 omitt.
172 2227 454 2306 non)'contingerent
475 2237 582 2320 campi,
606 2238 628 2291 si
653 2237 692 2291 eis
715 2255 853 2292 annorum
875 2256 932 2293 nou
949 2240 1096 2310 derogaret

59 2314 191 2362 retrusas.
202 2333 238 2344 -
271 2309 333 2364 649.
347 2305 418 2356 Nati
435 2307 601 2359 melioribus
617 2309 718 2372 annis,
734 2308 898 2378 plerumque
914 2308 990 2362 enim
1006 2309 1085 2361 homi

60 2392 133 2430 num
161 2375 245 2426 virtus
267 2374 442 2426 decoloratur
471 2376 605 2446 temporis
627 2376 797 2429 infelicioris.
838 2378 950 2430 Cicero:
984 2377 1019 2429 Ut
1043 2379 1095 2430 illo
1194 2404 1199 2411 ·

61 2445 136 2513 laus
148 2455 310 2511 temporum,
328 2460 386 2493 non
403 2443 550 2495 bominum
561 2443 659 2512 fuisse
676 2447 813 2496 videatur.
830 2471 866 2483 -
900 2453 962 2504 650.
976 2447 1097 2515 Ilusque
1194 2486 1197 2491 .

61 2514 293 2578 Assaracusque3
310 2511 425 2564 Troiani
440 2527 521 2580 reges
532 2513 651 2569 fuerunt.
687 2514 790 2566 Troiae
804 2514 962 2567 Dardanus
981 2527 1096 2580 auctor3

61 2580 186 2637 hunein
202 2580 318 2650 septimo
336 2579 410 2633 inter
428 2579 493 2633 deos
509 2578 577 2632 dicit
592 2581 727 2636 relatum:
743 2591 775 2633 ut
791 2586 828 2649 (7,
846 2584 933 2643 211.):
949 2583 984 2635 Et
1002 2601 1097 2634 nume·

19 2646 27 2677 ·’
63 2667 130 2704 rum
158 2650 288 2700 divorum
313 2649 453 2701 altaribus
476 2661 567 2716 auget.
613 2648 668 2702 Sed
690 2658 722 2702 ut
744 2651 859 2702 diximus
888 2667 970 2722 supra
994 2652 1099 2720 (134),

63 2720 220 2775 Homerum
244 2716 393 2785 sequitur,
434 2718 454 2768 si
476 2716 583 2770 inducit
604 2718 783 2771 simulacrum
800 2720 923 2772 Herculis
939 2723 1013 2788 apud
1029 2722 1098 2772 infe·

28 2824 32 2839 .
63 2803 111 2839 ros
134 2786 231 2858 visum.
252 2811 289 2847 ,-
328 2791 391 2844 652.
445 2785 535 2854 efisae
558 2785 655 2837 hastae
662 2810 672 2852 ,·
702 2787 830 2839 subaudis
857 2789 965 2840 inanes.
1012 2789 1098 2841 Item:

65 2872 154 2923 equos
177 2854 287 2919 inanes.
307 2879 340 2890 -
374 2859 436 2912 653.
456 2854 537 2920 Quae
560 2857 656 2922 gratia
681 2871 811 2919 currum3
835 2855 950 2908 detraxit
966 2873 1052 2909 turum
1070 2873 1099 2923 u,

65 2923 192 2988 lieentia,
215 2937 270 2992 qua
292 2922 427 2974 Latinitas
451 2923 573 2974 Graecos
596 2929 688 2981 secuta
712 2924 831 2992 genitivo
849 2925 949 2992 plurali
965 2926 1098 2994 syllabam

67 3001 117 3047 aut
133 2990 224 3057 addit,
237 2999 288 3043 'stit
304 2990 438 3043 detrahit:
459 2990 513 3042 hoc
530 2990 739 3058 locudetrsxit,
755 2994 988 3060 sicut(l,119.):
1014 2995 1099 3046 Arma

48 3063 173 3115 fuirum.
209 3058 318 3113 Contra
342 3059 447 3112 eddidit
480 3058 547 3112 alibi
575 3064 622 3126 (θ,
645 3058 723 3125 27.):
753 3061 880 3112 Alituum
911 3064 1100 3135 pecudumque

68 3146 177 3199 genus:
206 3142 258 3198 pro
283 3129 399 3194 alitum,
430 3129 500 3180 deut
525 3127 628 3180 Graeci
653 3125 791 3183 Μουσάων
812 3125 1039 3186 ‘Eleuwueotboiuu
1064 3156 1101 3168 -

50 3203 131 3258 ·654.
149 3195 293 3263 Nitentes3
318 3198 447 3265 pingues:
471 3195 506 3248 ab
525 3212 558 3249 eo
575 3196 649 3264 quod
665 3199 804 3266 sequitur,
825 3200 855 3252 id
871 3201 945 3268 quod
961 3199 1102 3270 praecedit

51 3265 157 3333 vintelli
179 3264 207 3316 ἐ.
240 3266 294 3316 Per
311 3269 405 3317 omnia
421 3272 514 3317 aritein
532 3280 604 3334 qrrse
620 3264 741 3320 dicturus
765 3275 806 3320 est
827 3268 1036 3336 intelligendum
1060 3274 1109 3320 est-

51 3337 137 3390 “hoor
155 3281 236 3401 &uae
252 3336 347 3402 gratio
359 3332 423 3403 fuit
441 3335 532 3397 vivis,
549 3335 643 3384 eadem
662 3337 788 3403 sequitur
805 3337 903 3389 tellure
927 3350 1102 3405 repostos.—

68 3410 132 3464 657.
152 3402 263 3454 Paeana
281 3413 427 3466 canentem
451 3401 563 3473 proprie
579 3403 710 3469 Apollinis
727 3405 834 3471 laudes,
856 3405 930 3474 quod
947 3421 1020 3458 nunc
1037 3420 1101 3456 con-

31 3532 35 3539 ,
69 3470 148 3542 gruit'
163 3478 277 3540 propter
292 3471 365 3523 lauri
382 3485 492 3523 nemus:
510 3469 620 3522 abusive
634 3473 759 3524 omniurn
770 3475 893 3526 deorum.
930 3473 1004 3524 Sicut
1016 3473 1102 3542 Orgia

70 3542 186 3613 proprie
203 3539 314 3592 Liberi:
341 3538 466 3603 abusive,
489 3539 623 3608 omniurnx
638 3540 754 3593 deorum
777 3559 863 3595 sacra.
879 3566 914 3580 -·
947 3548 1008 3600 658.
1027 3543 1103 3594 Odo-

72 3622 184 3672 rotum;
206 3624 257 3678 pro
276 3609 411 3661 odorum.-
436 3613 468 3656 ut
492 3607 610 3658 diximus
633 3625 715 3679 supra
734 3613 775 3677 (4,
794 3611 874 3674 132).
891 3636 925 3648 -
960 3615 1021 3669 659.
1035 3611 1102 3666 Eri·
1184 3616 1187 3627 ’

71 3680 159 3741 doni3
182 3675 342 3731 Eridanum
359 3678 457 3727 Arnim
479 3677 508 3727 in
533 3675 612 3727 coelo
629 3695 687 3729 esse
704 3679 783 3746 dixit,
805 3680 879 3731 haud
901 3679 983 3746 longe
1000 3696 1016 3732 a
1034 3679 1103 3732 Ceto

71 3747 175 3817 (Guelf.
192 3749 213 3798 Ι.
237 3744 362 3813 synthol.
396 3744 447 3795 Hic
471 3752 500 3796 et
522 3744 551 3796 in
574 3745 656 3797 terris
681 3755 736 3813 est,
759 3746 807 3816 qui
827 3748 859 3801 in
875 3746 967 3812 Italia,
988 3748 1049 3800 i.'e·
1074 3749 1104 3803 itt

72 3817 215 3880 Venetia,
228 3814 322 3865 Padus
339 3821 465 3864 vocatur:
490 3829 574 3881 quem
598 3814 645 3867 alii
662 3816 746 3866 etiam
763 3817 798 3869 ad
814 3817 919 3869 Inferos
936 3817 1029 3871 volunt
1044 3824 1105 3870 ten·

72 3886 156 3950 dere,
173 3883 221 3935 elii
237 3885 313 3935 nasci
331 3884 402 3952 apud
416 3880 535 3946 inferos,
552 3890 580 3934 et
596 3885 671 3935 exire
687 3885 716 3935 in
732 3894 829 3937 terras.
862 3886 926 3938 Ideo
941 3892 1037 3938 autem
1052 3886 1106 3937 ista

70 3955 237 4022 finguntur,
261 3953 377 4021 quiade
395 3950 531 4018 Apennini
554 3959 632 4020 parte
650 3953 751 4019 oritur,
777 3970 846 4020 quae
863 3961 968 4022 spectat
983 3955 1107 4007 inferum

72 4041 171 4088 mare,
196 4029 223 4074 et
242 4021 332 4075 tendit
348 4036 433 4092 usquc
451 4019 486 4071 sd
502 4035 645 4089 superum·
681 4021 755 4090 Ergo
772 4023 818 4075 hic
834 4039 926 4079 sensus
943 4031 995 4076 est:
1020 4023 1108 4075 cane-
