2454 4500
794 158 800 181 t
838 172 845 193 a

155 292 220 403 aas
326 326 334 365 >
414 323 558 390 sanun
581 294 954 389 conuanrmms'
1118 338 1129 384 i

159 511 287 569 comeus
309 508 399 562 stellas
424 526 482 563 esse
504 509 643 564 naturales
660 527 730 580 quae
754 515 897 579 apparent
914 507 1009 560 certis
1033 503 1187 574 tempontu

63 580 67 589 '
158 581 231 639 Iam
248 580 301 633 hoc
318 591 428 647 quoque
445 587 660 644 commemorat,
684 588 807 630 cometas
830 577 899 628 sieri
924 577 965 629 de
994 577 1113 647 planetis
1132 572 1188 642 quir·

160 666 230 718 quet
252 647 325 701 uride
347 647 488 703 interdum
513 649 601 713 bona,
623 649 765 705 interdum
788 647 915 714 pessima
937 646 1110 715 significant.
1137 643 1197 715 Nee·

161 718 237 777 aide
253 718 362 769 Venere
385 724 434 769 aut
455 719 517 769 lore
540 718 622 780 fiant,
646 716 750 785 optima
773 713 1002 786 praenuntiant:
1028 715 1052 767 si
1075 715 1109 764 de
1122 712 1189 762 ttuu

161 794 212 839 aut
226 784 359 848 Saturno,
380 784 525 840 deteriora
560 786 633 841 Natu
649 786 806 839 Mercurius
823 799 945 852 semper
965 784 1034 835 talis
1052 790 1108 845 est,
1130 778 1203 853 quala·

137 850 140 858 ’
162 854 219 912 ille.
234 853 279 904 cui
301 853 459 908 cohaerent.
492 854 570 905 Unde
588 863 617 905 et
640 855 765 908 minister
783 853 906 903 deorum
932 851 1074 918 lingitur:
1096 848 1207 911 hilca,

176 921 254 990 ergo]
278 919 350 989 qtiod
374 922 457 978 modo
481 924 534 974 ait:
560 922 685 973 Comatae
710 922 871 988 sanguinei
897 921 966 988 lug.
995 941 1034 985 r.,
1051 920 1076 972 i.
1093 937 1115 970 e.
1134 914 1207 975 nuri-2

176 992 253 1043 Hanc
282 986 388 1048 stellam
411 990 552 1046 Electram
575 991 682 1056 dicunt,
713 1006 780 1041 cunr
809 1005 867 1056 qua
892 989 1033 1061 luppiter
1065 984 1208 1059 concubuit,

163 1075 235 1127 qliae
252 1073 316 1113 cum
334 1057 449 1109 Troiam
472 1061 619 1118 ardentem
641 1059 758 1122 videret,
783 1057 923 1125 capillum
950 1057 1209 1121 tenerrimarum

161 1129 203 1188 ita
219 1127 248 1184 in
265 1134 339 1178 astra
356 1135 398 1178 est
418 1138 539 1197 recepta.
572 1127 642 1180 Sane
659 1127 773 1181 Avienus
797 1133 991 1179 cometarum
1017 1128 1069 1178 bas
1091 1125 1192 1178 differen-

163 1199 216 1249 tias
240 1194 320 1251 dicit:
344 1196 421 1266 stella
438 1192 517 1264 quae'
527 1196 667 1264 obliquam
683 1198 773 1247 facem
791 1202 856 1262 post
874 1211 905 1245 se
933 1196 1058 1251 trahens
1076 1188 1193 1263 quesieri-

163 1280 232 1319 nem
247 1263 313 1318 facit
330 1262 456 1330 Hippius
473 1273 601 1318 vocatur:
624 1266 675 1315 ista
701 1264 724 1315 si
742 1264 777 1315 ab
795 1279 902 1313 occasu
920 1265 994 1315 solis
1020 1259 1193 1327 in'ortumn·

164 1333 238 1396 niat,
262 1332 336 1385 mala
352 1333 457 1385 Persidi
474 1343 502 1387 et
518 1333 612 1402 Syriae
632 1332 765 1398 ostendit,
786 1331 810 1383 si
827 1332 866 1382 ad
885 1333 1051 1387 meridiem
1068 1326 1193 1389 tetenderit

163 1401 287 1459 Africam
305 1408 334 1457 et
349 1403 504 1469 Aegyptum
522 1420 538 1452 a
555 1401 635 1457 malis
652 1401 762 1465 relevat,
780 1400 844 1450 solis
864 1402 1032 1466 pecoribus
1051 1408 1149 1470 pestem
1161 1394 1193 1445 dt·

164 1468 310 1533 nuntians,
333 1468 356 1527 si
378 1471 595 1536 septentrionem
611 1470 775 1537 respexerit,
798 1468 971 1537 Aegyptum
999 1469 1080 1522 bellis
1096 1465 1193 1540 etuias·

163 1537 214 1590 riis
231 1538 348 1606 premit3
365 1537 387 1588 si
406 1539 578 1591 occidentem
595 1537 755 1603 tetenderit,
772 1545 874 1603 gravat
892 1538 1029 1600 ltaliam,
1047 1547 1075 1590 et
1090 1527 1193 1604 quidqud

163 1605 296 1667 abbatia
319 1622 404 1673 usquo
426 1606 462 1656 ad
477 1606 621 1675 Hispanias
645 1607 747 1666 tendit,
768 1605 791 1656 si
815 1622 831 1655 a
852 1606 987 1658 meridie
1013 1607 1045 1659 in
1062 1600 1192 1674 septentrio·

164 1690 232 1733 nem
255 1674 333 1739 ierit,
357 1692 373 1725 a
395 1674 474 1726 bellis
491 1675 606 1743 quidem
629 1674 747 1728 externis
770 1670 967 1725 securitatem
993 1673 1144 1735 denuntiat,
1161 1662 1191 1719 ‘tl

164 1742 311 1801 seditiones
330 1735 493 1795 domesticas
510 1741 651 1812 significat.
685 1741 761 1792 Alter
780 1740 909 1795 Cometes
932 1751 998 1808 est,
1017 1744 1065 1796 cui
1081 1758 1111 1795 er
1124 1735 1189 1808 glatie

159 1827 268 1869 nornen
287 1818 341 1875 est,
358 1828 424 1864 nam
442 1811 550 1866 Graece
568 1809 657 1878 ξιφίας
674 1809 848 1881 appellatur,
875 1811 964 1862 cuius
983 1819 1090 1865 tractus
1106 1817 1140 1861 est
1152 1807 1188 1858 lor·

166 1880 243 1948 glor.
261 1887 289 1931 et
305 1879 421 1948 pallidus
439 1880 530 1945 color,
556 1896 646 1947 neque
664 1894 757 1929 comas
773 1877 883 1932 habere
902 1879 1031 1945 dicitur,
1052 1888 1080 1933 et
1094 1874 1188 1931 hebetior

167 1948 225 2002 eius
239 1947 356 2005 flamma
373 1955 430 2011 est,
452 1949 500 2015 qui
517 1948 540 2001 si
557 1948 693 2004 orientem
711 1946 881 2010 attenderit,
898 1946 1022 2016 Regem
1039 1947 1147 2001 Persidis
1160 1943 1188 1994 de

102 2042 104 2047 .
164 2014 197 2067 lis
214 2016 350 2082 significat
366 2017 566 2133 appetendum,
591 2014 737 2067 denuntiat
759 2022 787 2067 et
810 2013 901 2080 bella,
931 2018 1027 2068 etiam
1046 2006 1187 2091 Syriospttl

166 2084 325 2137 conditione
341 2083 468 2148 insevit,
486 2091 513 2135 et
528 2085 646 2152 Libyam
663 2090 745 2152 atque
762 2084 929 2149 Aegyptum
948 2087 1055 2138 fraude
1073 2093 1101 2136 et
1114 2078 1186 2134 insidit

164 2154 274 2203 nuntiat
291 2168 368 2220 posse
387 2155 399 2184 *
415 2152 539 2203 laborem
558 2151 711 2217 (laborare).
751 2151 831 2217 Quod
850 2152 872 2200 si
892 2155 1081 2206 occidentem
1097 2147 1186 2203 attende

165 2221 218 2282 rit,
251 2221 364 2271 foedera
389 2236 456 2269 nova
480 2222 599 2287 regionis
624 2221 681 2271 eius
705 2221 766 2287 regi
789 2220 950 2288 significat,
980 2241 1055 2292 qliae
1080 2221 1140 2271 dicit
1158 2230 1185 2286 pet
1206 2262 1210 2271 .

165 2288 286 2357 puellam
311 2297 508 2353 congregatam
532 2291 562 2339 in
586 2289 694 2358 nuptias
716 2305 793 2357 posse
820 2288 945 2344 dissolui.
992 2293 1072 2344 Alter
1097 2290 1185 2339 Comen
1206 2300 1211 2319 ··

165 2364 214 2419 est,
231 2357 278 2423 qui
291 2354 465 2421 Lampridius
479 2358 642 2424 appellatur,
661 2365 688 2421 et
703 2358 780 2423 quasi
797 2358 842 2406 fax
859 2359 956 2419 lucet3
977 2361 1026 2411 hic
1045 2377 1108 2410 cum
1126 2357 1186 2406 oriar
1207 2382 1212 2399 ·

166 2431 226 2474 tem
251 2424 413 2488 attenderit,
446 2440 540 2476 omues
564 2427 622 2479 illas
647 2426 760 2476 orientis
784 2433 878 2493 partes
904 2428 979 2479 dicit
1003 2429 1113 2480 nebulis
1135 2437 1185 2491 posse

166 2491 309 2556 laborare,
333 2494 480 2560 frugesque
505 2509 602 2544 cortun
628 2494 777 2561 caliginoso
800 2499 866 2545 aere
892 2498 1063 2564 corrruupi:
1089 2496 1114 2547 Si
1131 2489 1185 2543 utcu·

167 2561 242 2612 diem
266 2562 430 2625 attenderit,
460 2563 582 2615 Africam
607 2563 673 2614 dicit
704 2563 855 2625 siccitate,'
874 2571 904 2614 et
932 2566 1113 2631 serpentibus
1136 2575 1186 2630 post

164 2629 308 2683 laborare:
333 2629 360 2681 si
379 2630 550 2682 occidentem
568 2632 745 2700 spectaverit,
761 2631 871 2683 Italiam
891 2632 966 2682 dicit
985 2634 1107 2684 adsiduis
1124 2627 1187 2681 ssusii·

166 2715 237 2755 num
258 2698 482 2755 inundationibus
505 2700 647 2754 laborare:
672 2699 698 2749 Si
722 2701 952 2768 septentrionem
972 2703 1089 2765 viderit,
1111 2701 1187 2751 samem

166 2767 295 2835 gentibus
320 2767 582 2836 Septentrionalibus
605 2768 750 2835 significat.
790 2769 839 2819 Est
866 2771 961 2820 etiam
987 2772 1062 2822 alter
1088 2769 1188 2826 Comiter,

167 2836 216 2902 qui
238 2852 302 2886 vere
329 2837 449 2889 Cometes
474 2838 635 2904 appellatur.
676 2838 750 2889 Nam
780 2839 869 2888 comis
894 2838 968 2891 hinc
996 2841 1067 2894 inde
1091 2837 1187 2904 cingitur·

166 2905 219 2957 llic
243 2904 358 2956 blandus
386 2921 443 2956 csse
467 2906 580 2970 dicitur,
606 2906 653 2972 qui
669 2905 691 2956 si
710 2905 848 2957 orientem
867 2908 1045 2972 attenderit,
1071 2907 1187 2959 lactasset

166 2972 220 3038 ipsi
238 2973 310 3039 parti
327 2973 474 3035 significat:
492 2974 520 3027 Si
537 2975 698 3036 meridiem,
716 2975 823 3025 Africae
842 2982 890 3024 aut
909 2979 1044 3043 Aegypto
1063 2968 1188 3042 germai

168 3042 340 3096 occidentem
358 3042 518 3110 inspexerit,
542 3051 617 3094 terra
634 3044 729 3097 ltaliae
747 3044 800 3092 voti
817 3043 858 3092 sui
876 3058 1000 3112 compos
1021 3047 1090 3105 erit3
1112 3044 1150 3095 hic
1162 3038 1188 3089 di·

166 3109 238 3163 citur
257 3109 413 3178 apparuisse
431 3126 464 3160 eo
482 3119 607 3178 tempore
625 3127 679 3179 quo
697 3119 738 3162 est
754 3113 889 3175 Augustus
910 3114 1032 3166 sortitus
1050 3112 1188 3180 imperium

165 3185 232 3229 tunc
250 3179 366 3245 denique
384 3179 483 3245 gaudia
501 3179 628 3236 omnibus
645 3180 771 3247 gentibus
795 3182 904 3243 futura,
930 3189 998 3232 suut
1025 3185 1154 3238 nuntiata:
1170 3175 1187 3223 St

165 3247 382 3315 septentrionem
401 3246 563 3308 attenderit,
586 3264 718 3316 prospera
736 3247 861 3299 universa
883 3249 1040 3316 significat.
1076 3253 1121 3301 Est
1138 3247 1187 3298 alter

168 3313 292 3370 Cerneres
308 3316 337 3371 in
354 3316 475 3383 tympani
495 3315 625 3380 modum,
642 3318 704 3383 quia
724 3325 752 3368 et
768 3315 844 3368 valde
860 3316 954 3383 lucet,
973 3327 1004 3368 et
1022 3320 1123 3371 Electri
1137 3314 1187 3366 colo·

167 3398 229 3437 rem
247 3384 345 3446 habet,
362 3399 446 3450 quem
464 3383 598 3436 Disceum
616 3395 728 3448 vocant,
752 3388 882 3451 quoniam
903 3386 957 3437 iste
976 3403 1012 3436 ex
1032 3405 1088 3438 uno
1104 3380 1185 3438 locor'

169 3453 210 3503 sol
228 3461 256 3502 et
272 3453 360 3519 gignit
379 3457 421 3518 (ex
438 3453 495 3501 imo
512 3452 573 3502 loco
591 3453 658 3510 solet
675 3454 767 3521 gigni)
786 3453 846 3505 orbi
864 3461 1016 3507 terrarum
1036 3456 1141 3516 caedes,
1157 3464 1184 3500 rr

166 3519 259 3636 pluas,
284 3521 368 3584 bella,
393 3528 421 3572 et
437 3529 528 3573 cetera
554 3522 627 3575 trtala
651 3522 793 3588 siguificat.
828 3521 940 3575 Sextum
962 3523 1105 3576 Comitem
1120 3517 1184 3587 appel·

179 3587 235 3647 ari,
260 3606 290 3639 ex
308 3589 392 3654 Regis
412 3588 557 3655 Typhonis
580 3588 708 3653 nomine,
734 3589 895 3657 Typhonem
924 3593 1040 3656 dicunt,
1066 3594 1110 3661 qui
1124 3582 1183 3639 semel

167 3654 198 3707 in
215 3655 335 3727 Aegypto
353 3658 387 3707 sit
404 3658 488 3721 visus,
505 3659 551 3725 qui
568 3674 625 3709 nou
642 3660 739 3723 igneo,
762 3660 810 3710 sed
830 3661 988 3722 sanguineo
1008 3664 1113 3714 rubore
1127 3657 1182 3708 fuist

166 3732 310 3800 narratur,
328 3725 424 3792 globus
442 3727 467 3777 ei
484 3727 609 3780 modicus
627 3727 728 3781 dit-itur
746 3735 773 3778 et
789 3735 910 3791 tumens,
928 3728 1043 3784 crinem
1062 3720 1181 3782 einstensi

164 3788 271 3845 lumine
288 3809 423 3860 apparere
439 3796 536 3858 fertur,
552 3795 599 3862 qui
616 3795 646 3845 in
663 3795 860 3861 Septentrionis
877 3804 961 3862 parte
980 3798 1126 3867 aliquando
1140 3792 1182 3845 fuit·

166 3873 196 3911 se
214 3857 321 3912 dicitur.
355 3864 433 3917 Hunc
451 3864 597 3932 Aethiopes
613 3864 742 3917 dicuntur
760 3871 788 3916 et
804 3863 904 3918 Persae
923 3865 1043 3931 vidisse,
1062 3875 1088 3921 et
1104 3860 1182 3914 omni·

167 3928 314 3994 (omnium)
338 3930 476 3983 malorum
494 3939 522 3983 et
537 3931 618 3983 famis
636 3932 808 3985 necessitates
825 3933 973 4001 pertulisse
979 3970 988 3998 ,
1016 3950 1129 4002 quorum
1143 3928 1182 4000 plt

166 4011 204 4070 na
227 3995 268 4045 vel
290 3997 426 4065 pleniores
450 3999 636 4063 differentias,
664 4001 705 4056 vel
729 4000 759 4051 in
784 4001 951 4069 Campestro
978 4003 1136 4072 (Necepso),
1155 3992 1183 4046 tel

166 4070 284 4140 turpatus
297 4065 443 4141 sitiatque*
457 4068 509 4137 (rel
521 4069 551 4125 iu
559 4068 682 4141 Petosiri,
695 4068 718 4125 si
731 4069 823 4144 quem)
838 4069 1026 4129 delectaverit
1039 4064 1184 4148 quaerat]-

103 4324 195 4444 f
