2454 4500
180 307 218 353 nt
236 288 390 352 VIRGIL.
412 286 970 363 touolo.,uo.1v‚oto-ttl·
1021 291 1087 356 299

365 430 403 461 »fe
466 444 469 452 ·
1153 452 1156 459 .

55 463 135 543 ipsa
155 474 244 540 molo,
270 490 288 524 r.
301 469 337 538 e]
352 468 428 525 utre
444 479 473 525 et
488 471 558 526 tolet
572 474 670 543 [quern
686 468 790 523 molam
807 471 910 523 saltam
927 487 944 523 o
960 470 1086 521 molendo

54 540 226 613 appellent]
299 541 336 592 do
358 549 450 593 autem
474 549 528 595 est:
550 543 559 591 i
587 559 609 593 ἰι
625 540 697 593 Dido
719 540 808 605 mole,
830 548 858 591 et
878 540 929 610 piis
951 538 1088 603 mnnibtn,

55 612 85 664 i.
102 629 130 663 e.
145 612 220 683 pluis
259 609 325 660 deos
340 615 462 661 testatur.
495 609 548 726 Ψ
583 626 635 661 eno
653 611 729 675 ipso,
755 608 820 675 quie
842 622 923 676 supro
945 607 981 658 de
996 623 1086 659 socer-

57 680 135 731 doto
150 650 334 741 crstinum]
351 702 385 715 -·
418 683 478 736 oto.
523 694 589 727 num
608 690 691 727 exuta
713 678 822 744 pedem5
846 677 909 745 quio
932 675 961 728 id
987 675 1107 743 egitru,-,

58 755 98 798 ut
115 752 146 799 et
160 746 212 797 itta
234 745 365 810 solvetur,
388 752 416 799 et
438 744 593 816 implicetur
609 748 720 801 Aenees.
752 744 856 813 [Solent
870 744 947 795 enim
965 751 994 797 et
1010 759 1084 794 reso·

63 815 177 869 luterio
195 814 338 882 sacrificia
355 813 392 864 eb
414 814 581 883 aruspicibus
603 812 679 878 fieri,
699 820 729 865 et
742 813 853 864 lunonit
867 810 989 864 Lucinae
1009 826 1087 862 tom

62 898 126 935 non
147 882 213 934 licet
233 883 381 946 accedere,
403 881 456 933 nisi
478 882 571 932 solutis
587 879 684 946 nodis]
716 880 751 931 In
769 891 841 931 veste
859 882 994 944 recincta5
1022 878 1087 946 quie

61 958 100 1001 ut
115 966 198 1030 supro
215 948 338 1016 diximus,
352 949 384 1000 in
399 949 482 1002 sacris
498 951 568 1003 nihil
584 949 653 1001 solet
665 965 723 1001 etse
734 949 882 1017 religatum
895 948 939 1014 (ol.
951 945 1087 1014 prodigi,

69 1022 72 1027 '
102 1032 218 1087 secrpue
241 1019 314 1084 eius,
373 1035 405 1069 oe
429 1033 526 1070 amore
549 1018 606 1069 vult
628 1017 700 1068 solvi.
741 1016 822 1098 [Sane
838 1016 1004 1069 Flamininus
1027 1028 1086 1075 non

62 1036 186 1157 iileeoet,
206 1102 333 1155 trequec
377 1101 436 1150 eos,
458 1102 548 1154 neque
563 1086 649 1145 solen
669 1087 827 1138 morticinas
841 1084 953 1137 hebere.
986 1081 1086 1135 Morti·

64 1157 159 1211 cinos,
175 1161 268 1206 ouum
290 1154 433 1218 dicuntur,
462 1169 533 1222 quse
556 1154 590 1205 de
613 1153 761 1225 pecudibus
781 1170 831 1206 suo
851 1160 946 1223 sponte
970 1150 1086 1202 mortuis

61 1222 186 1283 fiebant:
208 1238 298 1291 neque
320 1238 403 1289 supra
425 1237 498 1290 genu
520 1223 689 1275 nrccinetam
710 1238 784 1288 etse,
805 1224 880 1290 quod
895 1221 939 1272 hio
955 1219 1012 1271 vult
1026 1227 1089 1271 teu·

86 1308 152 1343 ere:
177 1289 269 1342 Unum
292 1303 375 1341 exuta
397 1292 490 1357 pedem
514 1292 617 1341 vinclis
641 1293 673 1342 in
689 1302 763 1351 peste
785 1292 921 1342 recincta.-
942 1303 999 1340 non
1024 1280 1116 1338 tub-='

61 1306 125 1411 ists
141 1357 190 1411 ted
205 1360 363 1420 summissu
385 1376 452 1410 nom
468 1358 507 1410 sic
524 1366 565 1411 est
580 1359 684 1410 dictum
702 1361 838 1423 recincta,
860 1366 892 1411 nt
907 1355 1040 1419 resoluto,
1056 1359 1097 1406 ut·

62 1426 190 1481 remissa.
204 1454 240 1465 -
274 1433 333 1485 519.
352 1426 481 1478 Testatur
505 1430 641 1478 moriture
666 1429 746 1489 deon
769 1426 882 1495 quidem
901 1425 945 1478 hic
969 1434 1088 1475 testatur

63 1510 120 1565 pro
139 1496 290 1547 obtestatur
306 1494 461 1565 occipiunt]
495 1495 615 1547 Conscia
628 1495 690 1564 fati
706 1497 816 1561 sidero3
833 1496 852 1547 i.
868 1513 891 1548 e.
907 1493 1040 1564 planetes,
1056 1491 1087 1542 in

64 1563 168 1633 qrribus
188 1565 310 1616 fetorum
331 1564 402 1614 retio
425 1562 588 1615 continetur.
630 1564 683 1630 [An
705 1563 813 1615 conscie
839 1561 890 1615 fati
911 1562 950 1613 sui
973 1556 1088 1613 tettetdr
1154 1573 1160 1589 “

63 1632 173 1696 sidera,
197 1640 228 1685 ut
242 1632 393 1683 constantie
410 1631 467 1685 eius
484 1638 615 1700 appareat
636 1631 709 1682 mori
724 1632 846 1684 colentis.
876 1630 948 1698 Ergo
960 1628 1022 1698 sati
1038 1626 1089 1677 sui

64 1703 85 1753 i.
104 1717 131 1752 e.
147 1697 264 1764 mortis]
279 1726 314 1738 -
347 1706 407 1757 520.
424 1699 455 1749 Si
473 1700 546 1765 quod
563 1708 627 1761 etc.;
651 1699 718 1751 ordo
736 1706 789 1751 est:
814 1701 892 1755 'l'unc
908 1714 1010 1749 numen
1025 1710 1089 1764 pre·

64 1776 162 1832 cetur,
177 1768 200 1818 si
216 1767 288 1836 quod
304 1784 387 1820 curre
405 1767 489 1819 hebet
504 1776 627 1820 ementes
642 1783 699 1819 non
716 1785 803 1836 nequo
819 1767 941 1819 loedere:
965 1765 996 1815 Si
1013 1760 1097 1831 quod'·

65 1842 179 1900 nutem,
200 1836 271 1887 bene
290 1837 410 1901 dubitat,
432 1844 527 1887 utrum
549 1835 599 1905 [et]
618 1851 662 1887 res
684 1835 773 1888 mulne
789 1834 952 1906 praepositos
968 1831 1089 1884 habeant

64 1910 223 1985 potestates.
258 1905 342 1971 [Nom
359 1913 387 1956 et
402 1905 569 1955 amatoribus
584 1912 709 1974 praeesse
726 1905 853 1957 dicuntur
870 1898 942 1972 ἵρωι,
961 1897 1086 1969 dordone,

65 1974 182 2039 Avolent
205 1966 361 2039 (door'p.?)‚
384 1973 507 2023 nonnulli
522 1972 653 2024 Nemesin
676 1972 824 2040 significari
840 1968 959 2040 putent:]
984 1970 1090 2037 (Sensus

68 2048 164 2097 nutem
180 2039 226 2091 hic
244 2042 307 2105 est):
332 2049 379 2091 out
396 2036 532 2109 ἀντέρωτα
555 2041 753 2108 invocabe[u]t,
775 2040 944 2091 contrarium
961 2032 1091 2108 Cupidini

89 2108 118 2159 ui
134 2123 243 2160 amores
260 2110 381 2161 resolvit:
405 2117 452 2160 out
468 2117 543 2161 certe
559 2110 604 2159 oui
620 2125 703 2160 curae
720 2117 761 2160 est
780 2108 888 2176 iniquus
905 2123 998 2170 emor,
1020 2103 1091 2156 teili-

68 2126 115 2229 iet
129 2184 161 2227 ut
176 2175 299 2246 implicet
314 2193 370 2228 non
387 2186 534 2229 amentem.
567 2178 629 2245 [Hic
646 2177 730 2229 etism
744 2177 853 2228 Athenis
864 2177 915 2227 coli
929 2171 1046 2237 dicitur.]
1056 2194 1091 2223 -.·

68 2250 130 2303 521.
147 2243 311 2312 initumque
329 2262 497 2311 mcmorpue5
523 2247 647 2313 [iustum
669 2245 705 2296 ad
725 2242 934 2308 iudicandum,]
957 2250 987 2293 ut
1011 2254 1091 2311 etpu-

67 2319 169 2381 gnetur
186 2313 234 2380 qui
251 2321 292 2364 est
303 2331 388 2366 causo
405 2314 563 2365 discordiae.
596 2313 715 2381 [Memor
731 2313 812 2364 simul
828 2314 863 2364 nd
879 2311 1086 2364 vindicandum:

68 2388 97 2433 et
114 2397 219 2431 memor
233 2380 295 2432 ideo
312 2389 410 2433 neutro
426 2398 536 2450 genere,
552 2382 617 2449 quio
635 2399 736 2431 nornen
749 2374 865 2445 dixerit]
876 2406 911 2417 -
945 2387 1005 2437 522.
1024 2377 1090 2429 Non

68 2459 145 2513 trat,·
170 2450 345 2515 protenditur
367 2450 418 2500 iste
442 2451 588 2517 descriptio
611 2450 647 2501 ad
670 2450 910 2517 exaggerationem
932 2447 1091 2515 vigiliarum

69 2515 192 2568 Didonis.
213 2542 249 2554 -·
286 2525 346 2574 523.
371 2519 531 2584 Siloneqne‚·
555 2519 705 2570 secrnrdum
728 2533 773 2569 eos
796 2518 844 2584 qui
866 2518 974 2580 dicunt,
995 2513 1091 2565 omnia

70 2600 141 2655 quae
160 2593 287 2636 crescrurt
309 2586 438 2638 animalia
453 2603 519 2638 esse.
536 2612 571 2622 -
605 2591 665 2642 524.
682 2588 826 2654 Aequoro3
849 2586 986 2637 elementa
1009 2583 1094 2634 etiem

23 2668 30 2677 ·
70 2652 202 2705 snirnelin
225 2669 283 2705 esse
305 2655 454 2707 voluerunt.
493 2654 570 2705 Unde
593 2662 634 2704 est
656 2655 826 2720 insseptimo
850 2651 939 2718 (34.);
967 2651 1094 2718 Aequora

72 2722 231 2773 mulcebant
248 2733 341 2773 cantu.
376 2722 482 2789 [Medio
497 2730 561 2783 etc.;
578 2730 690 2773 noctem
707 2721 838 2773 describit
853 2737 903 2803 per
921 2720 1025 2785 sidero,
1040 2718 1094 2770 hoo

14 2790 17 2797 '
69 2797 110 2841 est
125 2805 192 2840 cum
207 2789 331 2840 medium
347 2805 456 2839 cursum
480 2796 574 2841 tenent
590 2790 680 2841 sidere
715 2806 767 2840 une
784 2795 844 2839 orto
867 2786 949 2851 sunt]
965 2813 999 2824 -
1034 2788 1095 2844 525.

71 2856 156 2907 Tacet
180 2874 263 2923 ager,
288 2875 320 2909 ea
344 2874 414 2926 qtrae
436 2858 465 2908 iu
490 2857 561 2925 agris
585 2864 654 2907 sunt.
690 2858 700 2924 [
723 2860 847 2924 ictusque
871 2856 1015 2918 volucres,·
1039 2867 1096 2904 uno

17 2936 23 2943 ·
69 2926 154 2979 verbo
171 2924 271 2977 multos
288 2933 316 2975 et
332 2926 420 2977 varios
436 2925 540 2975 colores
557 2926 647 2975 ovium
665 2925 861 2979 demonstravit
867 2962 875 2989 ,
896 2924 1004 2993 picture
1021 2922 1097 2974 enim

69 2985 102 3045 ἐκ
132 2992 226 3043 multis
251 2993 387 3044 coloribus
416 2999 529 3044 constet.
553 3019 589 3030 -
629 2998 690 3049 529.
713 2993 748 3042 At
776 3010 833 3044 non
858 2992 963 3061 infelix
988 2991 1096 3056 animi;

69 3058 226 3124 antithesis,
250 3067 280 3109 ut
297 3061 340 3126 (G.
358 3069 389 3125 3,
407 3060 491 3120 3493:
517 3060 553 3108 At
570 3077 628 3110 nott
645 3077 701 3126 qua
718 3061 847 3128 Scythice
863 3073 972 3128 gentes.-
996 3059 1097 3126 figmo-

69 3129 125 3179 tius
142 3135 184 3179 est
201 3130 302 3191 animi,
319 3129 440 3197 quamsi
458 3130 553 3178 animo
571 3128 682 3194 diceret,
698 3136 729 3180 ut
746 3134 799 3194 (12,
816 3129 883 3192 19.):
903 3128 929 3181 Ο
945 3137 1094 3196 praestant

71 3197 166 3247 enimi
191 3195 322 3260 iuvenis]
346 3222 380 3232 -
413 3202 474 3251 530.
500 3197 634 3247 Oculisne
657 3204 723 3258 etc.;
745 3198 810 3264 quia
832 3204 921 3267 potest
942 3195 1017 3247 eliud
1040 3210 1100 3247 etse

71 3266 131 3315 sine
148 3263 219 3329 olio,
241 3271 272 3313 ut
289 3264 312 3315 si
335 3264 394 3331 quis
417 3263 555 3315 dormiens
578 3271 671 3315 mente
693 3264 827 3316 turbetur.
846 3291 881 3302 —
915 3268 976 3325 531.
992 3262 1098 3315 Resur-

70 3348 142 3401 gent
160 3333 250 3382 suevit
267 3350 360 3396 amor,·
385 3331 493 3398 gravior
511 3331 588 3382 enim
604 3340 644 3383 est
661 3348 724 3382 cum
741 3334 873 3401 resurgit:
890 3341 919 3384 et
935 3340 977 3384 est
992 3337 1100 3382 senten·

70 3401 112 3451 tie
134 3399 213 3468 qussi
235 3401 386 3467 generalis;
410 3399 490 3466 [sicut
511 3399 542 3449 in
565 3400 684 3451 secundo
707 3400 742 3453 de
765 3403 857 3454 Aenea
881 3400 980 3465 (316.):
1008 3397 1101 3451 Furor

35 3518 38 3523 ,
71 3469 172 3534 iretque
195 3475 319 3520 mentem
341 3467 540 3538 praecipitant]
555 3493 591 3504 -
625 3474 686 3525 533.
703 3469 794 3535 Λάιος
816 3469 919 3520 scilicet
944 3467 1047 3522 frtruit:
1070 3474 1101 3516 ut

70 3535 102 3587 in
119 3536 174 3587 hoc
190 3537 329 3604 proposito
346 3543 524 3605 permaneret
541 3535 665 3587 visendae
682 3536 739 3588 sine
756 3537 840 3589 dubio
862 3536 939 3589 lucis.
974 3535 1102 3603 [Insistit

71 3611 140 3666 etc.;
158 3611 206 3654 out
222 3602 321 3654 insistit
337 3604 472 3667 volutare,
488 3610 536 3654 aut
551 3603 651 3654 insistit
667 3606 805 3674 proposito
822 3603 974 3658 moriendi:
991 3603 1101 3656 Plautus

70 3680 169 3724 honen
186 3671 227 3723 ito
243 3671 295 3723 eit:
311 3671 396 3722 Hunc
414 3688 565 3722 sermonem
581 3671 695 3736 institi]
707 3700 742 3712 -
776 3678 837 3732 534.
855 3673 899 3725 En
912 3672 982 3740 quid
996 3673 1102 3741 agam?

70 3757 123 3805 cn,
142 3755 217 3805 ecce,
242 3737 292 3806 [et]
308 3741 386 3808 quasi
401 3739 615 3791 demonstrantis
631 3741 764 3809 particula
781 3750 835 3805 est,
857 3758 908 3810 per
924 3756 1009 3809 qum
1025 3741 1105 3794 intel·

70 3808 201 3876 ligimus,
231 3824 294 3859 eom
316 3809 403 3859 multo
427 3809 574 3874 cogitasse,
605 3815 633 3859 et
658 3808 696 3858 sic
726 3810 897 3879 prorupisset
931 3824 1006 3875 ecoe,
1035 3811 1105 3876 quta

71 3887 175 3927 actura
194 3874 280 3925 sum?
313 3876 362 3926 Est
385 3884 478 3927 nutem
509 3877 647 3926 comicum
669 3876 850 3945 principium:
878 3892 930 3930 neo
953 3877 1106 3945 incongrue

70 3944 203 3995 amatrici
226 3944 330 3995 datum.
371 3943 414 3994 Sic
438 3945 582 3996 Terentius
607 3946 694 4005 (Eun.
721 3950 802 4009 1,1,
827 3945 882 4005 1.):
912 3944 990 4011 Quid
1015 3949 1106 4014 igitur

66 4012 205 4081 seciam?
240 4012 312 4063 Nom
335 4013 404 4063 heco
429 4010 585 4063 coniunctio
609 4013 696 4064 multa
720 4027 784 4063 eom
807 4013 940 4082 cogitasse
956 4014 1107 4081 siguificat.
