<?xml version="1.0" encoding="UTF-8"?>
<!DOCTYPE html PUBLIC "-//W3C//DTD XHTML 1.0 Transitional//EN"
    "http://www.w3.org/TR/xhtml1/DTD/xhtml1-transitional.dtd">
<html xmlns="http://www.w3.org/1999/xhtml" xml:lang="en" lang="en">
 <head>
  <title>
</title>
<meta http-equiv="Content-Type" content="text/html;charset=utf-8" />
  <meta name='ocr-system' content='tesseract 3.04.00' />
  <meta name='ocr-capabilities' content='ocr_page ocr_carea ocr_par ocr_line ocrx_word'/>
</head>
<body>
  <div class='ocr_page' id='page_1' title='image "./commentariiinvi00liongoog_0462.png"; bbox 0 0 2454 4500; ppageno 0'>
   <div class='ocr_carea' id='block_1_1' title="bbox 114 210 962 353">
    <p class='ocr_par' dir='ltr' id='par_1_1' title="bbox 114 210 962 353">
     <span class='ocr_line' id='line_1_1' title="bbox 114 210 962 353; baseline 0.005 -32"><span class='ocrx_word' id='word_1_1' title='bbox 114 264 217 353; x_wconf 15' lang='lat' dir='ltr'><strong>‘nos</strong></span> <span class='ocrx_word' id='word_1_2' title='bbox 250 322 256 333; x_wconf 81' lang='grc'>,</span> <span class='ocrx_word' id='word_1_3' title='bbox 395 257 536 323; x_wconf 78' lang='lat' dir='ltr'><strong>sarva</strong></span> <span class='ocrx_word' id='word_1_4' title='bbox 558 257 917 325; x_wconf 79' lang='lat' dir='ltr'><strong>conuuurnmus</strong></span> <span class='ocrx_word' id='word_1_5' title='bbox 951 210 962 225; x_wconf 65' lang='grc'><strong><em>’</em></strong></span> 
     </span>
    </p>
   </div>
   <div class='ocr_carea' id='block_1_2' title="bbox 88 443 1220 4072">
    <p class='ocr_par' dir='ltr' id='par_1_2' title="bbox 88 443 1220 4072">
     <span class='ocr_line' id='line_1_2' title="bbox 141 443 1167 512; baseline -0.003 -14"><span class='ocrx_word' id='word_1_6' title='bbox 141 445 234 498; x_wconf 80' lang='lat' dir='ltr'><strong>fuerat</strong></span> <span class='ocrx_word' id='word_1_7' title='bbox 249 463 266 498; x_wconf 81' lang='lat' dir='ltr'><strong>a</strong></span> <span class='ocrx_word' id='word_1_8' title='bbox 282 443 390 498; x_wconf 81' lang='lat' dir='ltr'><strong>civitate</strong></span> <span class='ocrx_word' id='word_1_9' title='bbox 408 444 548 510; x_wconf 77' lang='lat' dir='ltr'><strong>Curibus3</strong></span> <span class='ocrx_word' id='word_1_10' title='bbox 573 454 600 500; x_wconf 88' lang='lat' dir='ltr'><strong>et</strong></span> <span class='ocrx_word' id='word_1_11' title='bbox 617 444 711 499; x_wconf 88' lang='lat' dir='ltr'><strong>Sabini</strong></span> <span class='ocrx_word' id='word_1_12' title='bbox 735 445 810 512; x_wconf 79' lang='lat' dir='ltr'><strong>(sat.</strong></span> <span class='ocrx_word' id='word_1_13' title='bbox 829 443 1001 512; x_wconf 66' lang='lat' dir='ltr'><strong>Quiritesi)</strong></span> <span class='ocrx_word' id='word_1_14' title='bbox 1027 462 1046 497; x_wconf 83' lang='lat' dir='ltr'><strong>a</strong></span> <span class='ocrx_word' id='word_1_15' title='bbox 1062 443 1167 495; x_wconf 85' lang='lat' dir='ltr'><strong>Roinulo</strong></span> 
     </span>
     <span class='ocr_line' id='line_1_3' title="bbox 141 508 1220 582; baseline -0.004 -16"><span class='ocrx_word' id='word_1_16' title='bbox 141 513 264 566; x_wconf 82' lang='lat' dir='ltr'><strong>Romani</strong></span> <span class='ocrx_word' id='word_1_17' title='bbox 287 515 353 566; x_wconf 90' lang='lat' dir='ltr'><strong>dicti</strong></span> <span class='ocrx_word' id='word_1_18' title='bbox 376 523 445 566; x_wconf 82' lang='lat' dir='ltr'><strong>sunt.</strong></span> <span class='ocrx_word' id='word_1_19' title='bbox 463 508 499 553; x_wconf 58' lang='lat'><strong>-‘</strong></span> <span class='ocrx_word' id='word_1_20' title='bbox 529 522 591 572; x_wconf 78' lang='lat'><strong>711.</strong></span> <span class='ocrx_word' id='word_1_21' title='bbox 610 516 687 565; x_wconf 84' lang='lat' dir='ltr'><strong>Ereti</strong></span> <span class='ocrx_word' id='word_1_22' title='bbox 712 533 815 566; x_wconf 86' lang='lat' dir='ltr'><strong>manus</strong></span> <span class='ocrx_word' id='word_1_23' title='bbox 840 517 952 577; x_wconf 81' lang='lat' dir='ltr'><strong>omnis3</strong></span> <span class='ocrx_word' id='word_1_24' title='bbox 977 515 1114 582; x_wconf 84' lang='lat' dir='ltr'><strong>oppidum</strong></span> <span class='ocrx_word' id='word_1_25' title='bbox 1135 519 1169 563; x_wconf 84' lang='lat' dir='ltr'><strong>est</strong></span> <span class='ocrx_word' id='word_1_26' title='bbox 1216 560 1220 571; x_wconf 80' lang='grc'>,</span> 
     </span>
     <span class='ocr_line' id='line_1_4' title="bbox 142 577 1169 652; baseline -0.002 -18"><span class='ocrx_word' id='word_1_27' title='bbox 142 583 248 635; x_wconf 87' lang='lat' dir='ltr'><strong>dictum</strong></span> <span class='ocrx_word' id='word_1_28' title='bbox 264 602 281 635; x_wconf 84' lang='lat' dir='ltr'><strong>a</strong></span> <span class='ocrx_word' id='word_1_29' title='bbox 296 585 415 647; x_wconf 83' lang='lat' dir='ltr'><strong>Iunone,</strong></span> <span class='ocrx_word' id='word_1_30' title='bbox 430 585 448 634; x_wconf 86' lang='lat' dir='ltr'><strong>i.</strong></span> <span class='ocrx_word' id='word_1_31' title='bbox 467 603 490 636; x_wconf 86' lang='lat' dir='ltr'><strong>e.</strong></span> <span class='ocrx_word' id='word_1_32' title='bbox 508 577 562 634; x_wconf 76' lang='lat' dir='ltr'><strong>dari</strong></span> <span class='ocrx_word' id='word_1_33' title='bbox 579 580 628 650; x_wconf 71' lang='grc' dir='ltr'><strong>τῆς</strong></span> <span class='ocrx_word' id='word_1_34' title='bbox 639 578 746 650; x_wconf 76' lang='grc' dir='ltr'><em>Ἥρας,</em></span> <span class='ocrx_word' id='word_1_35' title='bbox 774 592 846 652; x_wconf 87' lang='lat' dir='ltr'><strong>qua&#39;e</strong></span> <span class='ocrx_word' id='word_1_36' title='bbox 863 584 920 634; x_wconf 90' lang='lat' dir='ltr'><strong>illio</strong></span> <span class='ocrx_word' id='word_1_37' title='bbox 939 583 1053 633; x_wconf 87' lang='lat' dir='ltr'><strong>colitur.</strong></span> <span class='ocrx_word' id='word_1_38' title='bbox 1089 582 1169 633; x_wconf 84' lang='lat' dir='ltr'><strong>Olivi-</strong></span> 
     </span>
     <span class='ocr_line' id='line_1_5' title="bbox 137 648 1171 721; baseline -0.003 -19"><span class='ocrx_word' id='word_1_39' title='bbox 137 650 274 721; x_wconf 74' lang='lat' dir='ltr'><strong>feraeque</strong></span> <span class='ocrx_word' id='word_1_40' title='bbox 287 648 452 716; x_wconf 70' lang='lat' dir='ltr'><strong>Mutuscae,</strong></span> <span class='ocrx_word' id='word_1_41' title='bbox 469 652 537 704; x_wconf 85' lang='lat' dir='ltr'><strong>haec</strong></span> <span class='ocrx_word' id='word_1_42' title='bbox 551 652 653 704; x_wconf 86' lang='lat' dir='ltr'><strong>Trebia</strong></span> <span class='ocrx_word' id='word_1_43' title='bbox 666 653 751 718; x_wconf 85' lang='lat' dir='ltr'><strong>(codd.</strong></span> <span class='ocrx_word' id='word_1_44' title='bbox 763 652 859 703; x_wconf 88' lang='lat' dir='ltr'><strong>Burm.</strong></span> <span class='ocrx_word' id='word_1_45' title='bbox 876 652 924 703; x_wconf 89' lang='lat' dir='ltr'><strong>hic</strong></span> <span class='ocrx_word' id='word_1_46' title='bbox 943 659 972 702; x_wconf 83' lang='lat' dir='ltr'><strong>et</strong></span> <span class='ocrx_word' id='word_1_47' title='bbox 989 666 1057 700; x_wconf 85' lang='lat' dir='ltr'><strong>mox</strong></span> <span class='ocrx_word' id='word_1_48' title='bbox 1072 650 1171 710; x_wconf 78' lang='lat' dir='ltr'><strong>Trivia)</strong></span> 
     </span>
     <span class='ocr_line' id='line_1_6' title="bbox 164 719 1172 788; baseline -0.002 -19"><span class='ocrx_word' id='word_1_49' title='bbox 164 730 238 772; x_wconf 90' lang='lat' dir='ltr'><strong>ostea</strong></span> <span class='ocrx_word' id='word_1_50' title='bbox 259 721 332 772; x_wconf 82' lang='lat' dir='ltr'><strong>dicta</strong></span> <span class='ocrx_word' id='word_1_51' title='bbox 348 729 403 786; x_wconf 89' lang='lat' dir='ltr'><strong>est,</strong></span> <span class='ocrx_word' id='word_1_52' title='bbox 426 737 510 788; x_wconf 85' lang='lat' dir='ltr'><strong>quam</strong></span> <span class='ocrx_word' id='word_1_53' title='bbox 526 723 609 773; x_wconf 88' lang='lat' dir='ltr'><strong>modo</strong></span> <span class='ocrx_word' id='word_1_54' title='bbox 627 720 771 772; x_wconf 87' lang='lat' dir='ltr'><strong>Tribulam</strong></span> <span class='ocrx_word' id='word_1_55' title='bbox 789 721 833 786; x_wconf 80' lang='lat' dir='ltr'><strong>(al.</strong></span> <span class='ocrx_word' id='word_1_56' title='bbox 852 719 950 779; x_wconf 89' lang='lat' dir='ltr'><strong>Treb.)</strong></span> <span class='ocrx_word' id='word_1_57' title='bbox 967 721 1084 770; x_wconf 83' lang='lat' dir='ltr'><strong>dictmt:</strong></span> <span class='ocrx_word' id='word_1_58' title='bbox 1109 719 1172 786; x_wconf 81' lang='lat' dir='ltr'><strong>apud</strong></span> 
     </span>
     <span class='ocr_line' id='line_1_7' title="bbox 143 738 1175 861; baseline -0.006 -19"><span class='ocrx_word' id='word_1_59' title='bbox 143 738 216 842; x_wconf 58' lang='lat' dir='ltr'><strong>tanc</strong></span> <span class='ocrx_word' id='word_1_60' title='bbox 239 790 356 840; x_wconf 80' lang='lat' dir='ltr'>Annibal</span> <span class='ocrx_word' id='word_1_61' title='bbox 377 789 476 840; x_wconf 83' lang='lat' dir='ltr'><strong>delevit</strong></span> <span class='ocrx_word' id='word_1_62' title='bbox 498 790 631 861; x_wconf 86' lang='lat' dir='ltr'><strong>populum</strong></span> <span class='ocrx_word' id='word_1_63' title='bbox 654 789 822 840; x_wconf 84' lang='lat' dir='ltr'><strong>Romanum.</strong></span> <span class='ocrx_word' id='word_1_64' title='bbox 869 787 1004 839; x_wconf 78' lang='lat' dir='ltr'><strong>Lucanus</strong></span> <span class='ocrx_word' id='word_1_65' title='bbox 1032 791 1084 853; x_wconf 87' lang='lat'><strong>(2,</strong></span> <span class='ocrx_word' id='word_1_66' title='bbox 1106 786 1175 847; x_wconf 61' lang='lat' dir='ltr'><strong>lali</strong></span> 
     </span>
     <span class='ocr_line' id='line_1_8' title="bbox 112 854 1175 979; baseline -0.001 -74"><span class='ocrx_word' id='word_1_67' title='bbox 112 900 115 905; x_wconf 89' lang='lat'><em>.</em></span> <span class='ocrx_word' id='word_1_68' title='bbox 144 854 239 979; x_wconf 49' lang='lat' dir='ltr'><strong>{Quod</strong></span> <span class='ocrx_word' id='word_1_69' title='bbox 258 877 315 910; x_wconf 86' lang='lat' dir='ltr'><strong>non</strong></span> <span class='ocrx_word' id='word_1_70' title='bbox 341 861 372 908; x_wconf 89' lang='lat' dir='ltr'><strong>in</strong></span> <span class='ocrx_word' id='word_1_71' title='bbox 389 856 497 907; x_wconf 85' lang='lat' dir='ltr'><strong>Punica</strong></span> <span class='ocrx_word' id='word_1_72' title='bbox 522 871 603 908; x_wconf 83' lang='lat' dir='ltr'><strong>natae</strong></span> <span class='ocrx_word' id='word_1_73' title='bbox 621 856 770 924; x_wconf 80' lang='lat' dir='ltr'><strong><em>Tempora]</em></strong></span> <span class='ocrx_word' id='word_1_74' title='bbox 788 857 957 906; x_wconf 81' lang='lat' dir='ltr'><strong>Cannarum</strong></span> <span class='ocrx_word' id='word_1_75' title='bbox 975 856 1099 924; x_wconf 84' lang='lat' dir='ltr'><strong>fuimus</strong></span> <span class='ocrx_word' id='word_1_76' title='bbox 1117 854 1175 905; x_wconf 85' lang='lat' dir='ltr'><strong>Tre-</strong></span> 
     </span>
     <span class='ocr_line' id='line_1_9' title="bbox 95 925 1176 993; baseline -0.003 -16"><span class='ocrx_word' id='word_1_77' title='bbox 95 926 97 931; x_wconf 81' lang='grc'><strong>’</strong></span> <span class='ocrx_word' id='word_1_78' title='bbox 164 929 260 993; x_wconf 88' lang='lat' dir='ltr'><strong>iaeque</strong></span> <span class='ocrx_word' id='word_1_79' title='bbox 285 929 424 978; x_wconf 86' lang='lat' dir='ltr'><strong>iuventus.</strong></span> <span class='ocrx_word' id='word_1_80' title='bbox 442 952 476 963; x_wconf 91' lang='lat'>—</span> <span class='ocrx_word' id='word_1_81' title='bbox 509 932 571 984; x_wconf 81' lang='lat'><strong>712.</strong></span> <span class='ocrx_word' id='word_1_82' title='bbox 591 925 650 993; x_wconf 84' lang='lat' dir='ltr'><strong>Qui</strong></span> <span class='ocrx_word' id='word_1_83' title='bbox 666 925 835 977; x_wconf 87' lang='lat' dir='ltr'><strong>Nomentum</strong></span> <span class='ocrx_word' id='word_1_84' title='bbox 864 927 979 988; x_wconf 84' lang='lat' dir='ltr'><strong>urbem,·</strong></span> <span class='ocrx_word' id='word_1_85' title='bbox 1005 925 1062 975; x_wconf 91' lang='lat' dir='ltr'><strong>hoc</strong></span> <span class='ocrx_word' id='word_1_86' title='bbox 1086 939 1176 975; x_wconf 79' lang='lat' dir='ltr'><strong>exsru</strong></span> 
     </span>
     <span class='ocr_line' id='line_1_10' title="bbox 142 993 1179 1068; baseline -0.004 -22"><span class='ocrx_word' id='word_1_87' title='bbox 142 1012 261 1068; x_wconf 77' lang='lat' dir='ltr'><strong>persona</strong></span> <span class='ocrx_word' id='word_1_88' title='bbox 283 995 351 1046; x_wconf 91' lang='lat' dir='ltr'><strong>dicit</strong></span> <span class='ocrx_word' id='word_1_89' title='bbox 373 998 462 1064; x_wconf 72' lang='lat' dir='ltr'><strong>potita.</strong></span> <span class='ocrx_word' id='word_1_90' title='bbox 494 995 567 1047; x_wconf 87' lang='lat' dir='ltr'><strong>Nam</strong></span> <span class='ocrx_word' id='word_1_91' title='bbox 591 997 679 1046; x_wconf 85' lang='lat' dir='ltr'><strong>adhuc</strong></span> <span class='ocrx_word' id='word_1_92' title='bbox 696 995 788 1046; x_wconf 84' lang='lat' dir='ltr'><strong>civitas</strong></span> <span class='ocrx_word' id='word_1_93' title='bbox 804 994 986 1045; x_wconf 78' lang='lat' dir='ltr'><strong>Nomentana</strong></span> <span class='ocrx_word' id='word_1_94' title='bbox 1004 1009 1064 1043; x_wconf 85' lang='lat' dir='ltr'><strong>non</strong></span> <span class='ocrx_word' id='word_1_95' title='bbox 1087 993 1179 1055; x_wconf 81' lang='lat' dir='ltr'><strong>iuerat,</strong></span> 
     </span>
     <span class='ocr_line' id='line_1_11' title="bbox 144 1061 1220 1129; baseline 0 -16"><span class='ocrx_word' id='word_1_96' title='bbox 144 1071 176 1113; x_wconf 87' lang='lat' dir='ltr'><strong>ut</strong></span> <span class='ocrx_word' id='word_1_97' title='bbox 197 1064 228 1113; x_wconf 89' lang='lat' dir='ltr'><strong>in</strong></span> <span class='ocrx_word' id='word_1_98' title='bbox 250 1072 325 1115; x_wconf 84' lang='lat' dir='ltr'><strong>sexto</strong></span> <span class='ocrx_word' id='word_1_99' title='bbox 349 1062 433 1129; x_wconf 80' lang='lat'><strong>(773.)</strong></span> <span class='ocrx_word' id='word_1_100' title='bbox 457 1063 510 1115; x_wconf 82' lang='lat' dir='ltr'><strong>ait:</strong></span> <span class='ocrx_word' id='word_1_101' title='bbox 532 1062 574 1114; x_wconf 87' lang='lat' dir='ltr'><strong>Hi</strong></span> <span class='ocrx_word' id='word_1_102' title='bbox 591 1066 645 1114; x_wconf 83' lang='lat' dir='ltr'><strong>tibi</strong></span> <span class='ocrx_word' id='word_1_103' title='bbox 661 1062 830 1114; x_wconf 81' lang='lat' dir='ltr'><strong><em>Nomentum</em></strong></span> <span class='ocrx_word' id='word_1_104' title='bbox 849 1075 873 1112; x_wconf 82' lang='lat' dir='ltr'><strong>et</strong></span> <span class='ocrx_word' id='word_1_105' title='bbox 891 1061 1015 1112; x_wconf 80' lang='lat' dir='ltr'><em>Gabios.</em></span> <span class='ocrx_word' id='word_1_106' title='bbox 1052 1061 1124 1113; x_wconf 85' lang='lat' dir='ltr'><strong>Item</strong></span> <span class='ocrx_word' id='word_1_107' title='bbox 1145 1065 1178 1125; x_wconf 79' lang='grc'><strong>(6,</strong></span> <span class='ocrx_word' id='word_1_108' title='bbox 1217 1104 1220 1121; x_wconf 76' lang='grc'>,</span> 
     </span>
     <span class='ocr_line' id='line_1_12' title="bbox 145 1130 1176 1197; baseline -0.004 -15"><span class='ocrx_word' id='word_1_109' title='bbox 145 1131 230 1193; x_wconf 81' lang='lat'><strong>777.):</strong></span> <span class='ocrx_word' id='word_1_110' title='bbox 253 1130 331 1180; x_wconf 83' lang='lat' dir='ltr'><strong>Haec</strong></span> <span class='ocrx_word' id='word_1_111' title='bbox 349 1145 407 1181; x_wconf 89' lang='lat' dir='ltr'><strong>tum</strong></span> <span class='ocrx_word' id='word_1_112' title='bbox 427 1135 543 1182; x_wconf 86' lang='lat' dir='ltr'><strong>nomina</strong></span> <span class='ocrx_word' id='word_1_113' title='bbox 562 1144 659 1197; x_wconf 85' lang='lat' dir='ltr'><strong>erant,</strong></span> <span class='ocrx_word' id='word_1_114' title='bbox 684 1149 759 1181; x_wconf 88' lang='lat' dir='ltr'><strong>nunc</strong></span> <span class='ocrx_word' id='word_1_115' title='bbox 777 1142 845 1180; x_wconf 87' lang='lat' dir='ltr'><strong>sunt</strong></span> <span class='ocrx_word' id='word_1_116' title='bbox 864 1132 928 1181; x_wconf 86' lang='lat' dir='ltr'><strong>sine</strong></span> <span class='ocrx_word' id='word_1_117' title='bbox 949 1131 1070 1180; x_wconf 85' lang='lat' dir='ltr'><strong>nomine</strong></span> <span class='ocrx_word' id='word_1_118' title='bbox 1087 1141 1176 1178; x_wconf 83' lang='lat' dir='ltr'><strong>terrae.</strong></span> 
     </span>
     <span class='ocr_line' id='line_1_13' title="bbox 144 1198 1188 1267; baseline -0.005 -16"><span class='ocrx_word' id='word_1_119' title='bbox 144 1198 238 1251; x_wconf 82' lang='lat' dir='ltr'><strong>Rosea</strong></span> <span class='ocrx_word' id='word_1_120' title='bbox 256 1218 324 1250; x_wconf 88' lang='lat' dir='ltr'><strong>rura</strong></span> <span class='ocrx_word' id='word_1_121' title='bbox 346 1201 439 1251; x_wconf 84' lang='lat' dir='ltr'><strong>Velini</strong></span> <span class='ocrx_word' id='word_1_122' title='bbox 445 1224 455 1264; x_wconf 83' lang='lat'><strong>,·</strong></span> <span class='ocrx_word' id='word_1_123' title='bbox 484 1200 601 1251; x_wconf 85' lang='lat' dir='ltr'><strong>Velinus</strong></span> <span class='ocrx_word' id='word_1_124' title='bbox 617 1202 690 1265; x_wconf 81' lang='lat' dir='ltr'><strong>lacus</strong></span> <span class='ocrx_word' id='word_1_125' title='bbox 709 1208 749 1251; x_wconf 86' lang='lat' dir='ltr'><strong>est</strong></span> <span class='ocrx_word' id='word_1_126' title='bbox 765 1200 850 1267; x_wconf 87' lang='lat' dir='ltr'><strong>[circa</strong></span> <span class='ocrx_word' id='word_1_127' title='bbox 867 1199 969 1265; x_wconf 79' lang='lat' dir='ltr'><strong>Reate]</strong></span> <span class='ocrx_word' id='word_1_128' title='bbox 989 1198 1068 1250; x_wconf 77' lang='lat' dir='ltr'><strong>iuxta</strong></span> <span class='ocrx_word' id='word_1_129' title='bbox 1085 1213 1188 1265; x_wconf 72' lang='lat' dir='ltr'><strong>agrum¹</strong></span> 
     </span>
     <span class='ocr_line' id='line_1_14' title="bbox 145 1266 1177 1336; baseline 0.001 -19"><span class='ocrx_word' id='word_1_130' title='bbox 145 1269 193 1336; x_wconf 83' lang='lat' dir='ltr'><strong>qui</strong></span> <span class='ocrx_word' id='word_1_131' title='bbox 209 1267 361 1319; x_wconf 78' lang='lat' dir='ltr'><strong>Rosulanus</strong></span> <span class='ocrx_word' id='word_1_132' title='bbox 378 1276 498 1320; x_wconf 86' lang='lat' dir='ltr'><strong>vocatur.</strong></span> <span class='ocrx_word' id='word_1_133' title='bbox 531 1271 617 1320; x_wconf 84' lang='lat' dir='ltr'><strong>Varro</strong></span> <span class='ocrx_word' id='word_1_134' title='bbox 640 1277 733 1319; x_wconf 85' lang='lat' dir='ltr'><strong>tamen</strong></span> <span class='ocrx_word' id='word_1_135' title='bbox 756 1268 837 1331; x_wconf 90' lang='lat' dir='ltr'><strong>dicit,</strong></span> <span class='ocrx_word' id='word_1_136' title='bbox 861 1267 966 1318; x_wconf 79' lang='lat' dir='ltr'><strong>lucum.</strong></span> <span class='ocrx_word' id='word_1_137' title='bbox 981 1266 1062 1316; x_wconf 88' lang='lat' dir='ltr'><strong>hunc</strong></span> <span class='ocrx_word' id='word_1_138' title='bbox 1085 1285 1102 1318; x_wconf 81' lang='lat' dir='ltr'><strong>a</strong></span> <span class='ocrx_word' id='word_1_139' title='bbox 1118 1281 1177 1333; x_wconf 65' lang='lat' dir='ltr'><strong>quo</strong></span> 
     </span>
     <span class='ocr_line' id='line_1_15' title="bbox 116 1333 1176 1402; baseline -0.003 -15"><span class='ocrx_word' id='word_1_140' title='bbox 116 1358 122 1366; x_wconf 52' lang='lat'>³</span> <span class='ocrx_word' id='word_1_141' title='bbox 145 1338 212 1387; x_wconf 83' lang='lat' dir='ltr'><strong>darn</strong></span> <span class='ocrx_word' id='word_1_142' title='bbox 237 1336 286 1400; x_wconf 75' lang='lat' dir='ltr'><strong>(ol</strong></span> <span class='ocrx_word' id='word_1_143' title='bbox 312 1335 415 1397; x_wconf 81' lang='lat' dir='ltr'><strong>Curio)</strong></span> <span class='ocrx_word' id='word_1_144' title='bbox 440 1337 550 1388; x_wconf 75' lang='lat' dir='ltr'><strong>conane</strong></span> <span class='ocrx_word' id='word_1_145' title='bbox 571 1337 601 1388; x_wconf 90' lang='lat' dir='ltr'><strong>in</strong></span> <span class='ocrx_word' id='word_1_146' title='bbox 624 1338 740 1387; x_wconf 83' lang='lat' dir='ltr'><strong>Nartem</strong></span> <span class='ocrx_word' id='word_1_147' title='bbox 762 1336 804 1387; x_wconf 84' lang='lat' dir='ltr'><strong>vel</strong></span> <span class='ocrx_word' id='word_1_148' title='bbox 820 1337 915 1388; x_wconf 84' lang='lat' dir='ltr'><strong>Naren</strong></span> <span class='ocrx_word' id='word_1_149' title='bbox 943 1337 992 1402; x_wconf 93' lang='lat' dir='ltr'><strong>(V.</strong></span> <span class='ocrx_word' id='word_1_150' title='bbox 1012 1333 1138 1384; x_wconf 88' lang='lat' dir='ltr'><strong>Narram</strong></span> <span class='ocrx_word' id='word_1_151' title='bbox 1153 1351 1176 1384; x_wconf 82' lang='lat' dir='ltr'><strong>r.</strong></span> 
     </span>
     <span class='ocr_line' id='line_1_16' title="bbox 88 1401 1174 1470; baseline -0.001 -17"><span class='ocrx_word' id='word_1_152' title='bbox 88 1466 90 1470; x_wconf 89' lang='lat'>.</span> <span class='ocrx_word' id='word_1_153' title='bbox 122 1404 280 1468; x_wconf 82' lang='lat' dir='ltr'><strong>··Nastiert,</strong></span> <span class='ocrx_word' id='word_1_154' title='bbox 296 1404 328 1454; x_wconf 84' lang='lat' dir='ltr'><strong>L.</strong></span> <span class='ocrx_word' id='word_1_155' title='bbox 346 1404 468 1455; x_wconf 81' lang='lat' dir='ltr'><strong>Narium</strong></span> <span class='ocrx_word' id='word_1_156' title='bbox 487 1417 511 1454; x_wconf 90' lang='lat' dir='ltr'><strong>et</strong></span> <span class='ocrx_word' id='word_1_157' title='bbox 529 1406 572 1456; x_wconf 88' lang='lat' dir='ltr'><strong>vel</strong></span> <span class='ocrx_word' id='word_1_158' title='bbox 589 1404 715 1469; x_wconf 85' lang='lat' dir='ltr'><strong>Nariem,</strong></span> <span class='ocrx_word' id='word_1_159' title='bbox 732 1407 792 1455; x_wconf 83' lang='lat' dir='ltr'><strong>Vos.</strong></span> <span class='ocrx_word' id='word_1_160' title='bbox 809 1404 921 1465; x_wconf 75' lang='lat' dir='ltr'><strong>Natam</strong></span> <span class='ocrx_word' id='word_1_161' title='bbox 941 1405 987 1454; x_wconf 87' lang='lat' dir='ltr'><strong>vel</strong></span> <span class='ocrx_word' id='word_1_162' title='bbox 1006 1401 1133 1466; x_wconf 62' lang='lat' dir='ltr'><strong>Nonam,</strong></span> <span class='ocrx_word' id='word_1_163' title='bbox 1146 1403 1174 1452; x_wconf 75' lang='grc' dir='ltr'><strong>Β.</strong></span> 
     </span>
     <span class='ocr_line' id='line_1_17' title="bbox 145 1471 1174 1541; baseline -0.003 -18"><span class='ocrx_word' id='word_1_164' title='bbox 145 1472 285 1539; x_wconf 75' lang='lat' dir='ltr'><strong>Narriam</strong></span> <span class='ocrx_word' id='word_1_165' title='bbox 308 1491 332 1522; x_wconf 85' lang='lat' dir='ltr'><strong>o.</strong></span> <span class='ocrx_word' id='word_1_166' title='bbox 359 1472 491 1536; x_wconf 88' lang='lat' dir='ltr'><strong>Nariem,</strong></span> <span class='ocrx_word' id='word_1_167' title='bbox 514 1473 606 1541; x_wconf 80' lang='lat' dir='ltr'><strong>steph.</strong></span> <span class='ocrx_word' id='word_1_168' title='bbox 628 1473 746 1524; x_wconf 90' lang='lat' dir='ltr'><strong>Narran</strong></span> <span class='ocrx_word' id='word_1_169' title='bbox 770 1491 795 1522; x_wconf 87' lang='lat' dir='ltr'><strong>v.</strong></span> <span class='ocrx_word' id='word_1_170' title='bbox 821 1472 939 1537; x_wconf 82' lang='lat' dir='ltr'><strong>Narra,</strong></span> <span class='ocrx_word' id='word_1_171' title='bbox 967 1472 1044 1522; x_wconf 86' lang='lat' dir='ltr'><strong>Dan.</strong></span> <span class='ocrx_word' id='word_1_172' title='bbox 1067 1471 1174 1521; x_wconf 73' lang='lat' dir='ltr'><strong>Narrat</strong></span> 
     </span>
     <span class='ocr_line' id='line_1_18' title="bbox 145 1539 1175 1606; baseline -0.004 -14"><span class='ocrx_word' id='word_1_173' title='bbox 145 1542 190 1592; x_wconf 75' lang='lat' dir='ltr'><strong>vel</strong></span> <span class='ocrx_word' id='word_1_174' title='bbox 208 1539 333 1606; x_wconf 87' lang='lat' dir='ltr'><strong>Narren,</strong></span> <span class='ocrx_word' id='word_1_175' title='bbox 356 1541 437 1592; x_wconf 88' lang='lat' dir='ltr'><strong>Basil.</strong></span> <span class='ocrx_word' id='word_1_176' title='bbox 456 1540 575 1591; x_wconf 81' lang='lat' dir='ltr'><strong>Narmm</strong></span> <span class='ocrx_word' id='word_1_177' title='bbox 600 1543 643 1592; x_wconf 85' lang='lat' dir='ltr'><strong>vel</strong></span> <span class='ocrx_word' id='word_1_178' title='bbox 661 1541 771 1604; x_wconf 87' lang='lat' dir='ltr'><strong>Naren,·</strong></span> <span class='ocrx_word' id='word_1_179' title='bbox 795 1540 886 1592; x_wconf 85' lang='lat' dir='ltr'><strong>Guelf.</strong></span> <span class='ocrx_word' id='word_1_180' title='bbox 903 1543 925 1591; x_wconf 88' lang='grc' dir='ltr'><strong>Ι.</strong></span> <span class='ocrx_word' id='word_1_181' title='bbox 944 1556 1039 1590; x_wconf 81' lang='lat' dir='ltr'><strong>norea</strong></span> <span class='ocrx_word' id='word_1_182' title='bbox 1056 1541 1102 1590; x_wconf 72' lang='lat' dir='ltr'><strong>uel</strong></span> <span class='ocrx_word' id='word_1_183' title='bbox 1118 1558 1175 1589; x_wconf 85' lang='lat' dir='ltr'><strong>aar·</strong></span> 
     </span>
     <span class='ocr_line' id='line_1_19' title="bbox 145 1609 1175 1677; baseline -0.004 -16"><span class='ocrx_word' id='word_1_184' title='bbox 145 1609 505 1662; x_wconf 77' lang='lat' dir='ltr'><strong>tem.Gue1f.11.tantum:</strong></span> <span class='ocrx_word' id='word_1_185' title='bbox 531 1613 562 1660; x_wconf 87' lang='lat' dir='ltr'><strong>in</strong></span> <span class='ocrx_word' id='word_1_186' title='bbox 580 1614 698 1672; x_wconf 76' lang='lat' dir='ltr'><strong>nartem)</strong></span> <span class='ocrx_word' id='word_1_187' title='bbox 715 1609 843 1674; x_wconf 82' lang='lat' dir='ltr'><strong>fluvium,</strong></span> <span class='ocrx_word' id='word_1_188' title='bbox 860 1625 929 1660; x_wconf 85' lang='lat' dir='ltr'><strong>nam</strong></span> <span class='ocrx_word' id='word_1_189' title='bbox 947 1617 1102 1677; x_wconf 82' lang='lat' dir='ltr'><strong>utrumque</strong></span> <span class='ocrx_word' id='word_1_190' title='bbox 1119 1609 1175 1658; x_wconf 88' lang='lat' dir='ltr'><strong>dici-</strong></span> 
     </span>
     <span class='ocr_line' id='line_1_20' title="bbox 144 1677 1175 1747; baseline -0.002 -18"><span class='ocrx_word' id='word_1_191' title='bbox 144 1684 206 1744; x_wconf 82' lang='lat' dir='ltr'><strong>tur,</strong></span> <span class='ocrx_word' id='word_1_192' title='bbox 230 1695 287 1730; x_wconf 86' lang='lat' dir='ltr'><strong>esse</strong></span> <span class='ocrx_word' id='word_1_193' title='bbox 304 1677 449 1729; x_wconf 77' lang='lat' dir='ltr'><strong>diffluum:</strong></span> <span class='ocrx_word' id='word_1_194' title='bbox 475 1686 536 1744; x_wconf 85' lang='lat' dir='ltr'><strong>post</strong></span> <span class='ocrx_word' id='word_1_195' title='bbox 553 1679 626 1747; x_wconf 85' lang='lat' dir='ltr'><strong>quod</strong></span> <span class='ocrx_word' id='word_1_196' title='bbox 648 1685 723 1731; x_wconf 81' lang='lat' dir='ltr'><strong>tanta</strong></span> <span class='ocrx_word' id='word_1_197' title='bbox 742 1685 783 1729; x_wconf 85' lang='lat' dir='ltr'><strong>est</strong></span> <span class='ocrx_word' id='word_1_198' title='bbox 800 1695 832 1728; x_wconf 82' lang='lat' dir='ltr'><strong>ea</strong></span> <span class='ocrx_word' id='word_1_199' title='bbox 854 1678 917 1728; x_wconf 83' lang='lat' dir='ltr'><strong>loca</strong></span> <span class='ocrx_word' id='word_1_200' title='bbox 935 1685 1034 1729; x_wconf 83' lang='lat' dir='ltr'><strong>secuta</strong></span> <span class='ocrx_word' id='word_1_201' title='bbox 1051 1677 1175 1740; x_wconf 81' lang='lat' dir='ltr'><strong>tertilitas,</strong></span> 
     </span>
     <span class='ocr_line' id='line_1_21' title="bbox 145 1742 1174 1815; baseline -0.002 -19"><span class='ocrx_word' id='word_1_202' title='bbox 145 1754 179 1796; x_wconf 92' lang='lat' dir='ltr'><strong>ut</strong></span> <span class='ocrx_word' id='word_1_203' title='bbox 207 1746 292 1798; x_wconf 87' lang='lat' dir='ltr'><strong>etiam</strong></span> <span class='ocrx_word' id='word_1_204' title='bbox 322 1746 443 1814; x_wconf 81' lang='lat' dir='ltr'>perticae</span> <span class='ocrx_word' id='word_1_205' title='bbox 472 1742 675 1813; x_wconf 65' lang='lat' dir='ltr'>longitudinem</span> <span class='ocrx_word' id='word_1_206' title='bbox 705 1745 819 1798; x_wconf 81' lang='lat' dir='ltr'><strong>altitudo</strong></span> <span class='ocrx_word' id='word_1_207' title='bbox 841 1752 990 1815; x_wconf 84' lang='lat' dir='ltr'><strong>superaret</strong></span> <span class='ocrx_word' id='word_1_208' title='bbox 1015 1745 1174 1805; x_wconf 66' lang='lat' dir='ltr'><strong>herbarum</strong></span> 
     </span>
     <span class='ocr_line' id='line_1_22' title="bbox 145 1815 1175 1884; baseline -0.001 -22"><span class='ocrx_word' id='word_1_209' title='bbox 145 1815 314 1882; x_wconf 77' lang='lat' dir='ltr'><strong>quinetiam,</strong></span> <span class='ocrx_word' id='word_1_210' title='bbox 338 1822 471 1881; x_wconf 83' lang='lat' dir='ltr'><strong>quantum</strong></span> <span class='ocrx_word' id='word_1_211' title='bbox 495 1833 544 1882; x_wconf 92' lang='lat' dir='ltr'><strong>per</strong></span> <span class='ocrx_word' id='word_1_212' title='bbox 562 1815 639 1866; x_wconf 86' lang='lat' dir='ltr'><strong>diem</strong></span> <span class='ocrx_word' id='word_1_213' title='bbox 656 1817 798 1884; x_wconf 88' lang='lat' dir='ltr'><strong>demptum</strong></span> <span class='ocrx_word' id='word_1_214' title='bbox 815 1824 903 1880; x_wconf 82' lang='lat' dir='ltr'><strong>esset,</strong></span> <span class='ocrx_word' id='word_1_215' title='bbox 930 1821 1045 1883; x_wconf 65' lang='lat' dir='ltr'><strong>tanturn</strong></span> <span class='ocrx_word' id='word_1_216' title='bbox 1062 1831 1111 1882; x_wconf 81' lang='lat' dir='ltr'><strong>per</strong></span> <span class='ocrx_word' id='word_1_217' title='bbox 1133 1828 1175 1864; x_wconf 91' lang='lat' dir='ltr'><strong>no-</strong></span> 
     </span>
     <span class='ocr_line' id='line_1_23' title="bbox 146 1881 1176 1951; baseline -0.003 -18"><span class='ocrx_word' id='word_1_218' title='bbox 146 1891 222 1934; x_wconf 88' lang='lat' dir='ltr'><strong>ctem</strong></span> <span class='ocrx_word' id='word_1_219' title='bbox 246 1883 394 1951; x_wconf 77' lang='lat' dir='ltr'><strong>crescebat.</strong></span> <span class='ocrx_word' id='word_1_220' title='bbox 429 1882 509 1950; x_wconf 87' lang='lat' dir='ltr'><strong>Quod</strong></span> <span class='ocrx_word' id='word_1_221' title='bbox 526 1883 654 1950; x_wconf 82' lang='lat' dir='ltr'><strong>Virgilius</strong></span> <span class='ocrx_word' id='word_1_222' title='bbox 679 1885 714 1934; x_wconf 84' lang='lat' dir='ltr'><strong>ad</strong></span> <span class='ocrx_word' id='word_1_223' title='bbox 736 1899 815 1932; x_wconf 84' lang='lat' dir='ltr'><strong>suam</strong></span> <span class='ocrx_word' id='word_1_224' title='bbox 838 1882 1017 1949; x_wconf 79' lang='lat' dir='ltr'><strong>provinciam</strong></span> <span class='ocrx_word' id='word_1_225' title='bbox 1039 1881 1176 1946; x_wconf 81' lang='lat' dir='ltr'><strong>transtulit,</strong></span> 
     </span>
     <span class='ocr_line' id='line_1_24' title="bbox 146 1950 1174 2019; baseline -0.005 -16"><span class='ocrx_word' id='word_1_226' title='bbox 146 1951 240 2003; x_wconf 80' lang='lat' dir='ltr'><strong>dicens</strong></span> <span class='ocrx_word' id='word_1_227' title='bbox 258 1951 304 2019; x_wconf 91' lang='lat' dir='ltr'><strong>(G.</strong></span> <span class='ocrx_word' id='word_1_228' title='bbox 321 1960 353 2014; x_wconf 78' lang='lat'><strong>2,</strong></span> <span class='ocrx_word' id='word_1_229' title='bbox 369 1950 456 2014; x_wconf 82' lang='lat'>201.):</span> <span class='ocrx_word' id='word_1_230' title='bbox 474 1952 509 2000; x_wconf 83' lang='lat' dir='ltr'><strong>Et</strong></span> <span class='ocrx_word' id='word_1_231' title='bbox 526 1964 661 2016; x_wconf 85' lang='lat' dir='ltr'><strong>quantum</strong></span> <span class='ocrx_word' id='word_1_232' title='bbox 681 1953 776 2018; x_wconf 80' lang='lat' dir='ltr'><strong>longis</strong></span> <span class='ocrx_word' id='word_1_233' title='bbox 794 1962 908 2016; x_wconf 80' lang='lat' dir='ltr'><strong>carpent</strong></span> <span class='ocrx_word' id='word_1_234' title='bbox 926 1963 1059 2000; x_wconf 84' lang='lat' dir='ltr'><strong>armenta</strong></span> <span class='ocrx_word' id='word_1_235' title='bbox 1079 1952 1174 2011; x_wconf 82' lang='lat' dir='ltr'><strong>dicbus,</strong></span> 
     </span>
     <span class='ocr_line' id='line_1_25' title="bbox 147 2018 1175 2086; baseline -0.003 -17"><span class='ocrx_word' id='word_1_236' title='bbox 147 2019 262 2085; x_wconf 79' lang='lat' dir='ltr'><strong>Exigua</strong></span> <span class='ocrx_word' id='word_1_237' title='bbox 286 2031 395 2068; x_wconf 84' lang='lat' dir='ltr'><strong>tantum</strong></span> <span class='ocrx_word' id='word_1_238' title='bbox 419 2020 533 2085; x_wconf 80' lang='lat' dir='ltr'><strong>gelidus</strong></span> <span class='ocrx_word' id='word_1_239' title='bbox 563 2036 610 2069; x_wconf 90' lang='lat' dir='ltr'><strong>ros</strong></span> <span class='ocrx_word' id='word_1_240' title='bbox 635 2034 712 2071; x_wconf 83' lang='lat' dir='ltr'><strong>nocte</strong></span> <span class='ocrx_word' id='word_1_241' title='bbox 737 2030 854 2086; x_wconf 79' lang='lat' dir='ltr'><strong>reponet.</strong></span> <span class='ocrx_word' id='word_1_242' title='bbox 880 2046 915 2056; x_wconf 92' lang='lat'>-</span> <span class='ocrx_word' id='word_1_243' title='bbox 965 2025 1031 2076; x_wconf 57' lang='lat'><strong>7¹13.</strong></span> <span class='ocrx_word' id='word_1_244' title='bbox 1058 2018 1175 2069; x_wconf 77' lang='lat' dir='ltr'><strong>Tetricae</strong></span> 
     </span>
     <span class='ocr_line' id='line_1_26' title="bbox 126 2085 1176 2156; baseline -0.001 -19"><span class='ocrx_word' id='word_1_245' title='bbox 126 2087 290 2138; x_wconf 84' lang='lat' dir='ltr'><strong>·ltorreutes</strong></span> <span class='ocrx_word' id='word_1_246' title='bbox 315 2105 413 2152; x_wconf 83' lang='lat' dir='ltr'><strong>rupes‚·</strong></span> <span class='ocrx_word' id='word_1_247' title='bbox 441 2087 569 2138; x_wconf 79' lang='lat' dir='ltr'><strong>Tetricus</strong></span> <span class='ocrx_word' id='word_1_248' title='bbox 593 2105 672 2139; x_wconf 89' lang='lat' dir='ltr'><strong>mons</strong></span> <span class='ocrx_word' id='word_1_249' title='bbox 695 2090 724 2138; x_wconf 90' lang='lat' dir='ltr'><strong>in</strong></span> <span class='ocrx_word' id='word_1_250' title='bbox 742 2087 848 2138; x_wconf 84' lang='lat' dir='ltr'><strong>Sabinis</strong></span> <span class='ocrx_word' id='word_1_251' title='bbox 872 2087 917 2154; x_wconf 83' lang='lat' dir='ltr'><strong>(al.</strong></span> <span class='ocrx_word' id='word_1_252' title='bbox 936 2085 1051 2147; x_wconf 79' lang='lat' dir='ltr'><strong>Piceno)</strong></span> <span class='ocrx_word' id='word_1_253' title='bbox 1068 2086 1176 2156; x_wconf 75' lang='lat' dir='ltr'><strong>asperri·</strong></span> 
     </span>
     <span class='ocr_line' id='line_1_27' title="bbox 147 2155 1217 2221; baseline -0.002 -16"><span class='ocrx_word' id='word_1_254' title='bbox 147 2172 219 2207; x_wconf 86' lang='lat' dir='ltr'><strong>mus.</strong></span> <span class='ocrx_word' id='word_1_255' title='bbox 252 2155 329 2205; x_wconf 88' lang='lat' dir='ltr'>Unde</span> <span class='ocrx_word' id='word_1_256' title='bbox 352 2156 443 2205; x_wconf 86' lang='lat' dir='ltr'><strong>tristes</strong></span> <span class='ocrx_word' id='word_1_257' title='bbox 467 2156 593 2207; x_wconf 87' lang='lat' dir='ltr'><strong>homines</strong></span> <span class='ocrx_word' id='word_1_258' title='bbox 617 2161 727 2207; x_wconf 84' lang='lat' dir='ltr'><strong>tetricos</strong></span> <span class='ocrx_word' id='word_1_259' title='bbox 746 2157 870 2206; x_wconf 87' lang='lat' dir='ltr'><strong>dicimus.</strong></span> <span class='ocrx_word' id='word_1_260' title='bbox 905 2155 1089 2219; x_wconf 76' lang='lat' dir='ltr'><strong>Montemque</strong></span> <span class='ocrx_word' id='word_1_261' title='bbox 1106 2157 1173 2204; x_wconf 80' lang='lat' dir='ltr'><strong>Sene·</strong></span> <span class='ocrx_word' id='word_1_262' title='bbox 1213 2202 1217 2221; x_wconf 45' lang='lat'><strong>¹</strong></span> 
     </span>
     <span class='ocr_line' id='line_1_28' title="bbox 149 2223 1173 2292; baseline -0.003 -18"><span class='ocrx_word' id='word_1_263' title='bbox 149 2242 228 2286; x_wconf 84' lang='lat' dir='ltr'><strong>rum;</strong></span> <span class='ocrx_word' id='word_1_264' title='bbox 253 2223 398 2292; x_wconf 86' lang='lat' dir='ltr'><strong>proprium</strong></span> <span class='ocrx_word' id='word_1_265' title='bbox 422 2240 523 2276; x_wconf 89' lang='lat' dir='ltr'><strong>nomen</strong></span> <span class='ocrx_word' id='word_1_266' title='bbox 541 2226 642 2277; x_wconf 88' lang='lat' dir='ltr'><strong>montis</strong></span> <span class='ocrx_word' id='word_1_267' title='bbox 660 2234 713 2285; x_wconf 77' lang='lat' dir='ltr'><strong>est3</strong></span> <span class='ocrx_word' id='word_1_268' title='bbox 736 2224 805 2273; x_wconf 88' lang='lat' dir='ltr'><strong>sicut</strong></span> <span class='ocrx_word' id='word_1_269' title='bbox 828 2225 889 2290; x_wconf 81' lang='lat' dir='ltr'><strong>agri</strong></span> <span class='ocrx_word' id='word_1_270' title='bbox 907 2223 1030 2274; x_wconf 83' lang='lat' dir='ltr'><strong>Roseus.</strong></span> <span class='ocrx_word' id='word_1_271' title='bbox 1053 2253 1086 2260; x_wconf 97' lang='lat'>—</span> <span class='ocrx_word' id='word_1_272' title='bbox 1120 2229 1173 2279; x_wconf 66' lang='lat'><strong>714.</strong></span> 
     </span>
     <span class='ocr_line' id='line_1_29' title="bbox 148 2292 1174 2358; baseline -0.003 -17"><span class='ocrx_word' id='word_1_273' title='bbox 148 2292 364 2357; x_wconf 80' lang='lat' dir='ltr'><strong>Casperiamque</strong></span> <span class='ocrx_word' id='word_1_274' title='bbox 380 2293 489 2355; x_wconf 88' lang='lat' dir='ltr'><strong>colunt‚·</strong></span> <span class='ocrx_word' id='word_1_275' title='bbox 510 2293 643 2358; x_wconf 82' lang='lat' dir='ltr'><strong>Casperia</strong></span> <span class='ocrx_word' id='word_1_276' title='bbox 660 2302 686 2344; x_wconf 88' lang='lat' dir='ltr'><strong>et</strong></span> <span class='ocrx_word' id='word_1_277' title='bbox 698 2293 798 2342; x_wconf 86' lang='lat' dir='ltr'><strong>Foruli</strong></span> <span class='ocrx_word' id='word_1_278' title='bbox 815 2294 938 2342; x_wconf 87' lang='lat' dir='ltr'><strong>civitates</strong></span> <span class='ocrx_word' id='word_1_279' title='bbox 955 2301 1029 2342; x_wconf 86' lang='lat' dir='ltr'><strong>sunt.</strong></span> <span class='ocrx_word' id='word_1_280' title='bbox 1066 2293 1174 2341; x_wconf 87' lang='lat' dir='ltr'><strong>Flumen</strong></span> 
     </span>
     <span class='ocr_line' id='line_1_30' title="bbox 146 2358 1218 2428; baseline -0.006 -16"><span class='ocrx_word' id='word_1_281' title='bbox 146 2359 309 2427; x_wconf 76' lang='lat' dir='ltr'><strong>Hymellae3</strong></span> <span class='ocrx_word' id='word_1_282' title='bbox 328 2358 459 2424; x_wconf 86' lang='lat' dir='ltr'><strong>Hymella</strong></span> <span class='ocrx_word' id='word_1_283' title='bbox 476 2362 572 2410; x_wconf 76' lang='lat' dir='ltr'><strong>fluvius</strong></span> <span class='ocrx_word' id='word_1_284' title='bbox 591 2370 645 2411; x_wconf 89' lang='lat' dir='ltr'><strong>est:</strong></span> <span class='ocrx_word' id='word_1_285' title='bbox 662 2361 745 2413; x_wconf 87' lang='lat' dir='ltr'><strong>etsie</strong></span> <span class='ocrx_word' id='word_1_286' title='bbox 762 2361 827 2411; x_wconf 84' lang='lat' dir='ltr'><strong>dixit</strong></span> <span class='ocrx_word' id='word_1_287' title='bbox 844 2361 994 2426; x_wconf 81' lang='lat' dir='ltr'><strong>Hymellae</strong></span> <span class='ocrx_word' id='word_1_288' title='bbox 1007 2362 1134 2428; x_wconf 84' lang='lat' dir='ltr'><strong>flumen,</strong></span> <span class='ocrx_word' id='word_1_289' title='bbox 1149 2366 1175 2407; x_wconf 89' lang='lat' dir='ltr'><strong>ut</strong></span> <span class='ocrx_word' id='word_1_290' title='bbox 1212 2358 1218 2371; x_wconf 87' lang='lat'><em>‘</em></span> 
     </span>
     <span class='ocr_line' id='line_1_31' title="bbox 147 2428 1174 2495; baseline -0.002 -19"><span class='ocrx_word' id='word_1_291' title='bbox 147 2435 189 2495; x_wconf 78' lang='lat'><strong>(3,</strong></span> <span class='ocrx_word' id='word_1_292' title='bbox 206 2430 294 2490; x_wconf 77' lang='grc'>293.);</span> <span class='ocrx_word' id='word_1_293' title='bbox 319 2428 449 2479; x_wconf 77' lang='lat' dir='ltr'><strong>Buthroti</strong></span> <span class='ocrx_word' id='word_1_294' title='bbox 475 2432 576 2480; x_wconf 75' lang='lat' dir='ltr'><strong>urbem.</strong></span> <span class='ocrx_word' id='word_1_295' title='bbox 597 2457 631 2467; x_wconf 88' lang='lat'>-</span> <span class='ocrx_word' id='word_1_296' title='bbox 671 2435 732 2486; x_wconf 79' lang='lat'>715.</span> <span class='ocrx_word' id='word_1_297' title='bbox 758 2428 816 2493; x_wconf 83' lang='lat' dir='ltr'><strong>Qui</strong></span> <span class='ocrx_word' id='word_1_298' title='bbox 842 2430 965 2478; x_wconf 81' lang='lat' dir='ltr'><strong>Tiberim</strong></span> <span class='ocrx_word' id='word_1_299' title='bbox 992 2430 1174 2492; x_wconf 76' lang='lat' dir='ltr'><strong>Fabarimque</strong></span> 
     </span>
     <span class='ocr_line' id='line_1_32' title="bbox 148 2496 1175 2566; baseline -0.005 -17"><span class='ocrx_word' id='word_1_300' title='bbox 148 2499 267 2562; x_wconf 77' lang='lat' dir='ltr'><strong>bibunt‚·</strong></span> <span class='ocrx_word' id='word_1_301' title='bbox 297 2496 369 2546; x_wconf 83' lang='lat' dir='ltr'><strong>bene</strong></span> <span class='ocrx_word' id='word_1_302' title='bbox 394 2499 510 2560; x_wconf 71' lang='lat' dir='ltr'><strong>leibunt3</strong></span> <span class='ocrx_word' id='word_1_303' title='bbox 542 2514 663 2566; x_wconf 82' lang='lat' dir='ltr'><strong>namque</strong></span> <span class='ocrx_word' id='word_1_304' title='bbox 689 2497 796 2546; x_wconf 87' lang='lat' dir='ltr'><strong>Tiberis</strong></span> <span class='ocrx_word' id='word_1_305' title='bbox 820 2498 851 2548; x_wconf 89' lang='lat' dir='ltr'><strong>in</strong></span> <span class='ocrx_word' id='word_1_306' title='bbox 876 2498 976 2547; x_wconf 88' lang='lat' dir='ltr'><strong>Tuscia</strong></span> <span class='ocrx_word' id='word_1_307' title='bbox 1004 2500 1106 2548; x_wconf 85' lang='lat' dir='ltr'><strong>oritur:</strong></span> <span class='ocrx_word' id='word_1_308' title='bbox 1135 2496 1175 2546; x_wconf 81' lang='lat' dir='ltr'><strong>sed</strong></span> 
     </span>
     <span class='ocr_line' id='line_1_33' title="bbox 146 2565 1173 2630; baseline -0.006 -13"><span class='ocrx_word' id='word_1_309' title='bbox 146 2565 245 2617; x_wconf 84' lang='lat' dir='ltr'><strong>transit</strong></span> <span class='ocrx_word' id='word_1_310' title='bbox 269 2565 354 2614; x_wconf 87' lang='lat' dir='ltr'><strong>etiam</strong></span> <span class='ocrx_word' id='word_1_311' title='bbox 376 2570 428 2630; x_wconf 59' lang='lat' dir='ltr'><strong>tier</strong></span> <span class='ocrx_word' id='word_1_312' title='bbox 452 2566 573 2617; x_wconf 86' lang='lat' dir='ltr'><strong>Sabinos.</strong></span> <span class='ocrx_word' id='word_1_313' title='bbox 615 2567 694 2617; x_wconf 87' lang='lat' dir='ltr'>Unde</span> <span class='ocrx_word' id='word_1_314' title='bbox 720 2567 834 2628; x_wconf 79' lang='lat' dir='ltr'><strong>bibunt,</strong></span> <span class='ocrx_word' id='word_1_315' title='bbox 860 2581 917 2617; x_wconf 84' lang='lat' dir='ltr'><strong>non</strong></span> <span class='ocrx_word' id='word_1_316' title='bbox 941 2568 1090 2630; x_wconf 85' lang='lat' dir='ltr'><strong>possident</strong></span> <span class='ocrx_word' id='word_1_317' title='bbox 1107 2565 1173 2615; x_wconf 79' lang='lat' dir='ltr'><strong>dixit.</strong></span> 
     </span>
     <span class='ocr_line' id='line_1_34' title="bbox 145 2634 1175 2699; baseline -0.006 -11"><span class='ocrx_word' id='word_1_318' title='bbox 145 2635 182 2688; x_wconf 85' lang='lat' dir='ltr'><strong>Et</strong></span> <span class='ocrx_word' id='word_1_319' title='bbox 199 2634 348 2698; x_wconf 87' lang='lat' dir='ltr'><strong>sciendum,</strong></span> <span class='ocrx_word' id='word_1_320' title='bbox 366 2634 460 2685; x_wconf 90' lang='lat' dir='ltr'><strong>Turno</strong></span> <span class='ocrx_word' id='word_1_321' title='bbox 479 2636 538 2684; x_wconf 83' lang='lat' dir='ltr'><strong>dari</strong></span> <span class='ocrx_word' id='word_1_322' title='bbox 556 2634 654 2684; x_wconf 82' lang='lat' dir='ltr'><strong>auxilia</strong></span> <span class='ocrx_word' id='word_1_323' title='bbox 672 2654 688 2686; x_wconf 88' lang='lat' dir='ltr'><strong>a</strong></span> <span class='ocrx_word' id='word_1_324' title='bbox 705 2642 793 2683; x_wconf 90' lang='lat' dir='ltr'><strong>tractu</strong></span> <span class='ocrx_word' id='word_1_325' title='bbox 811 2635 912 2697; x_wconf 88' lang='lat' dir='ltr'><strong>Piceni,</strong></span> <span class='ocrx_word' id='word_1_326' title='bbox 930 2634 1046 2699; x_wconf 79' lang='lat' dir='ltr'><strong>Sarnnii,</strong></span> <span class='ocrx_word' id='word_1_327' title='bbox 1064 2636 1175 2698; x_wconf 84' lang='lat' dir='ltr'><strong>Campa-</strong></span> 
     </span>
     <span class='ocr_line' id='line_1_35' title="bbox 145 2702 1220 2770; baseline -0.002 -18"><span class='ocrx_word' id='word_1_328' title='bbox 145 2704 225 2766; x_wconf 87' lang='lat' dir='ltr'><strong>niae,</strong></span> <span class='ocrx_word' id='word_1_329' title='bbox 242 2709 269 2752; x_wconf 86' lang='lat' dir='ltr'><strong>et</strong></span> <span class='ocrx_word' id='word_1_330' title='bbox 286 2718 336 2770; x_wconf 89' lang='lat' dir='ltr'><strong>pro</strong></span> <span class='ocrx_word' id='word_1_331' title='bbox 353 2711 433 2770; x_wconf 86' lang='lat' dir='ltr'><strong>parte</strong></span> <span class='ocrx_word' id='word_1_332' title='bbox 449 2704 579 2770; x_wconf 86' lang='lat' dir='ltr'><strong>Apuliae,</strong></span> <span class='ocrx_word' id='word_1_333' title='bbox 602 2705 690 2752; x_wconf 90' lang='lat' dir='ltr'><strong>omnis</strong></span> <span class='ocrx_word' id='word_1_334' title='bbox 709 2718 772 2752; x_wconf 86' lang='lat' dir='ltr'><strong>vero</strong></span> <span class='ocrx_word' id='word_1_335' title='bbox 789 2702 888 2752; x_wconf 83' lang='lat' dir='ltr'><strong>Tuscia</strong></span> <span class='ocrx_word' id='word_1_336' title='bbox 905 2704 1034 2770; x_wconf 85' lang='lat' dir='ltr'><strong>superior</strong></span> <span class='ocrx_word' id='word_1_337' title='bbox 1052 2712 1080 2754; x_wconf 89' lang='lat' dir='ltr'><strong>et</strong></span> <span class='ocrx_word' id='word_1_338' title='bbox 1097 2705 1176 2752; x_wconf 72' lang='lat' dir='ltr'><strong>Vene-</strong></span> <span class='ocrx_word' id='word_1_339' title='bbox 1218 2706 1220 2715; x_wconf 93' lang='lat'>&#39;</span> 
     </span>
     <span class='ocr_line' id='line_1_36' title="bbox 144 2771 1175 2837; baseline -0.004 -16"><span class='ocrx_word' id='word_1_340' title='bbox 144 2772 184 2822; x_wconf 86' lang='lat' dir='ltr'><strong>tia</strong></span> <span class='ocrx_word' id='word_1_341' title='bbox 201 2773 309 2821; x_wconf 83' lang='lat' dir='ltr'><strong>Aeneae</strong></span> <span class='ocrx_word' id='word_1_342' title='bbox 328 2779 449 2837; x_wconf 81' lang='lat' dir='ltr'><strong>praestat</strong></span> <span class='ocrx_word' id='word_1_343' title='bbox 465 2772 603 2821; x_wconf 84' lang='lat' dir='ltr'><strong>auxilium.</strong></span> <span class='ocrx_word' id='word_1_344' title='bbox 638 2771 771 2820; x_wconf 83' lang='lat' dir='ltr'><strong>Falarim</strong></span> <span class='ocrx_word' id='word_1_345' title='bbox 790 2778 882 2822; x_wconf 86' lang='lat' dir='ltr'><strong>autem</strong></span> <span class='ocrx_word' id='word_1_346' title='bbox 900 2788 986 2837; x_wconf 84' lang='lat' dir='ltr'><strong>quern</strong></span> <span class='ocrx_word' id='word_1_347' title='bbox 1005 2772 1081 2835; x_wconf 83' lang='lat' dir='ltr'><strong>dicit,</strong></span> <span class='ocrx_word' id='word_1_348' title='bbox 1099 2771 1175 2820; x_wconf 84' lang='lat' dir='ltr'><strong>etiam</strong></span> 
     </span>
     <span class='ocr_line' id='line_1_37' title="bbox 143 2838 1175 2909; baseline -0.004 -19"><span class='ocrx_word' id='word_1_349' title='bbox 143 2842 202 2909; x_wconf 90' lang='lat' dir='ltr'><strong>ipse</strong></span> <span class='ocrx_word' id='word_1_350' title='bbox 219 2856 268 2907; x_wconf 86' lang='lat' dir='ltr'><strong>por</strong></span> <span class='ocrx_word' id='word_1_351' title='bbox 287 2838 400 2888; x_wconf 85' lang='lat' dir='ltr'><strong>Sabinos</strong></span> <span class='ocrx_word' id='word_1_352' title='bbox 416 2840 530 2902; x_wconf 77' lang='lat' dir='ltr'><strong>transit,</strong></span> <span class='ocrx_word' id='word_1_353' title='bbox 553 2848 581 2890; x_wconf 88' lang='lat' dir='ltr'><strong>et</strong></span> <span class='ocrx_word' id='word_1_354' title='bbox 597 2838 739 2906; x_wconf 80' lang='lat' dir='ltr'><strong>Farfarus</strong></span> <span class='ocrx_word' id='word_1_355' title='bbox 756 2839 865 2889; x_wconf 85' lang='lat' dir='ltr'><strong>dicitur.</strong></span> <span class='ocrx_word' id='word_1_356' title='bbox 897 2840 1011 2889; x_wconf 86' lang='lat' dir='ltr'><strong>Plautus</strong></span> <span class='ocrx_word' id='word_1_357' title='bbox 1037 2844 1084 2905; x_wconf 85' lang='lat' dir='ltr'><strong>(cf.</strong></span> <span class='ocrx_word' id='word_1_358' title='bbox 1101 2840 1175 2888; x_wconf 89' lang='lat' dir='ltr'><strong>Poen.</strong></span> 
     </span>
     <span class='ocr_line' id='line_1_38' title="bbox 144 2904 1175 2975; baseline 0.002 -23"><span class='ocrx_word' id='word_1_359' title='bbox 144 2918 179 2971; x_wconf 74' lang='lat'><strong>2,</strong></span> <span class='ocrx_word' id='word_1_360' title='bbox 198 2907 269 2967; x_wconf 65' lang='lat'><strong>32.,):</strong></span> <span class='ocrx_word' id='word_1_361' title='bbox 288 2905 443 2974; x_wconf 83' lang='lat' dir='ltr'><strong>Dissipalro</strong></span> <span class='ocrx_word' id='word_1_362' title='bbox 464 2920 489 2957; x_wconf 87' lang='lat' dir='ltr'><strong>te</strong></span> <span class='ocrx_word' id='word_1_363' title='bbox 508 2920 643 2973; x_wconf 84' lang='lat' dir='ltr'><strong>tanquam</strong></span> <span class='ocrx_word' id='word_1_364' title='bbox 656 2909 734 2975; x_wconf 81' lang='lat' dir='ltr'><strong>folia</strong></span> <span class='ocrx_word' id='word_1_365' title='bbox 753 2907 878 2974; x_wconf 86' lang='lat' dir='ltr'><strong>Farfari.</strong></span> <span class='ocrx_word' id='word_1_366' title='bbox 912 2904 1029 2957; x_wconf 83' lang='lat' dir='ltr'><strong>Ovidius</strong></span> <span class='ocrx_word' id='word_1_367' title='bbox 1047 2909 1124 2973; x_wconf 78' lang='lat' dir='ltr'><strong>(Met</strong></span> <span class='ocrx_word' id='word_1_368' title='bbox 1139 2911 1175 2968; x_wconf 66' lang='lat'><strong>14,</strong></span> 
     </span>
     <span class='ocr_line' id='line_1_39' title="bbox 144 2974 1176 3042; baseline -0.007 -14"><span class='ocrx_word' id='word_1_369' title='bbox 144 2974 232 3033; x_wconf 76' lang='grc'>330.);</span> <span class='ocrx_word' id='word_1_370' title='bbox 257 2974 292 3024; x_wconf 87' lang='lat' dir='ltr'><strong>Et</strong></span> <span class='ocrx_word' id='word_1_371' title='bbox 316 2993 451 3026; x_wconf 86' lang='lat' dir='ltr'><strong>amoenae</strong></span> <span class='ocrx_word' id='word_1_372' title='bbox 471 2976 614 3042; x_wconf 77' lang='lat' dir='ltr'><strong>Farfarus</strong></span> <span class='ocrx_word' id='word_1_373' title='bbox 639 2979 763 3026; x_wconf 75' lang='lat' dir='ltr'><strong>umbrae.</strong></span> <span class='ocrx_word' id='word_1_374' title='bbox 802 2975 922 3040; x_wconf 82' lang='lat' dir='ltr'><strong>Frigida</strong></span> <span class='ocrx_word' id='word_1_375' title='bbox 948 2978 1030 3025; x_wconf 85' lang='lat' dir='ltr'><strong>misit</strong></span> <span class='ocrx_word' id='word_1_376' title='bbox 1056 2975 1176 3035; x_wconf 71' lang='lat' dir='ltr'><strong>ll⁷ursia5</strong></span> 
     </span>
     <span class='ocr_line' id='line_1_40' title="bbox 144 3041 1176 3109; baseline -0.006 -14"><span class='ocrx_word' id='word_1_377' title='bbox 144 3041 237 3095; x_wconf 85' lang='lat' dir='ltr'><strong>Piceni</strong></span> <span class='ocrx_word' id='word_1_378' title='bbox 255 3042 354 3093; x_wconf 85' lang='lat' dir='ltr'><strong>civitas.</strong></span> <span class='ocrx_word' id='word_1_379' title='bbox 391 3043 510 3109; x_wconf 83' lang='lat' dir='ltr'><strong>Frigida</strong></span> <span class='ocrx_word' id='word_1_380' title='bbox 529 3054 638 3108; x_wconf 83' lang='lat' dir='ltr'><strong>autern,</strong></span> <span class='ocrx_word' id='word_1_381' title='bbox 663 3053 713 3096; x_wconf 89' lang='lat' dir='ltr'><strong>aut</strong></span> <span class='ocrx_word' id='word_1_382' title='bbox 727 3063 760 3094; x_wconf 86' lang='lat' dir='ltr'><strong>re</strong></span> <span class='ocrx_word' id='word_1_383' title='bbox 776 3061 855 3107; x_wconf 81' lang='lat' dir='ltr'><strong>vera,</strong></span> <span class='ocrx_word' id='word_1_384' title='bbox 879 3051 927 3091; x_wconf 77' lang='lat' dir='ltr'><strong>aut</strong></span> <span class='ocrx_word' id='word_1_385' title='bbox 944 3052 1022 3095; x_wconf 88' lang='lat' dir='ltr'><strong>certe</strong></span> <span class='ocrx_word' id='word_1_386' title='bbox 1040 3060 1176 3103; x_wconf 76' lang='lat' dir='ltr'><strong>venenosa,</strong></span> 
     </span>
     <span class='ocr_line' id='line_1_41' title="bbox 105 3111 1176 3180; baseline -0.006 -16"><span class='ocrx_word' id='word_1_387' title='bbox 105 3116 110 3125; x_wconf 96' lang='grc'><strong><em>’</em></strong></span> <span class='ocrx_word' id='word_1_388' title='bbox 144 3127 254 3164; x_wconf 87' lang='lat' dir='ltr'><strong>nocens.</strong></span> <span class='ocrx_word' id='word_1_389' title='bbox 281 3111 412 3162; x_wconf 73' lang='lat' dir='ltr'><strong>&#39;Gracchi</strong></span> <span class='ocrx_word' id='word_1_390' title='bbox 437 3130 559 3180; x_wconf 76' lang='lat' dir='ltr'><strong>uanique</strong></span> <span class='ocrx_word' id='word_1_391' title='bbox 584 3113 686 3178; x_wconf 81' lang='lat' dir='ltr'><strong>ubique</strong></span> <span class='ocrx_word' id='word_1_392' title='bbox 710 3113 740 3162; x_wconf 87' lang='lat' dir='ltr'><strong>in</strong></span> <span class='ocrx_word' id='word_1_393' title='bbox 763 3112 936 3161; x_wconf 89' lang='lat' dir='ltr'><strong>contionibus</strong></span> <span class='ocrx_word' id='word_1_394' title='bbox 961 3113 1016 3161; x_wconf 86' lang='lat' dir='ltr'><strong>suis</strong></span> <span class='ocrx_word' id='word_1_395' title='bbox 1036 3113 1176 3162; x_wconf 62' lang='lat' dir='ltr'><strong>Nursinos</strong></span> 
     </span>
     <span class='ocr_line' id='line_1_42' title="bbox 143 3180 1175 3248; baseline -0.004 -19"><span class='ocrx_word' id='word_1_396' title='bbox 143 3180 290 3229; x_wconf 81' lang='lat' dir='ltr'><strong>sceleratos</strong></span> <span class='ocrx_word' id='word_1_397' title='bbox 308 3181 528 3248; x_wconf 83' lang='lat' dir='ltr'><strong>appellaverunt:</strong></span> <span class='ocrx_word' id='word_1_398' title='bbox 545 3189 572 3231; x_wconf 88' lang='lat' dir='ltr'><strong>et</strong></span> <span class='ocrx_word' id='word_1_399' title='bbox 589 3182 706 3243; x_wconf 89' lang='lat' dir='ltr'><strong>scimus,</strong></span> <span class='ocrx_word' id='word_1_400' title='bbox 723 3197 818 3230; x_wconf 83' lang='lat' dir='ltr'><strong>amare</strong></span> <span class='ocrx_word' id='word_1_401' title='bbox 837 3180 984 3245; x_wconf 83' lang='lat' dir='ltr'><strong>Virgilium</strong></span> <span class='ocrx_word' id='word_1_402' title='bbox 1003 3181 1175 3232; x_wconf 82' lang='lat' dir='ltr'><strong>historiarum</strong></span> 
     </span>
     <span class='ocr_line' id='line_1_43' title="bbox 143 3247 1176 3314; baseline -0.005 -15"><span class='ocrx_word' id='word_1_403' title='bbox 143 3264 206 3299; x_wconf 75' lang='lat' dir='ltr'><strong>rem</strong></span> <span class='ocrx_word' id='word_1_404' title='bbox 224 3264 273 3312; x_wconf 90' lang='lat' dir='ltr'><strong>per</strong></span> <span class='ocrx_word' id='word_1_405' title='bbox 291 3249 438 3299; x_wconf 80' lang='lat' dir='ltr'><strong>transitum</strong></span> <span class='ocrx_word' id='word_1_406' title='bbox 461 3257 585 3314; x_wconf 80' lang='lat' dir='ltr'><strong>tangere.</strong></span> <span class='ocrx_word' id='word_1_407' title='bbox 602 3277 636 3285; x_wconf 90' lang='lat'>—</span> <span class='ocrx_word' id='word_1_408' title='bbox 671 3255 732 3305; x_wconf 75' lang='lat'>716.</span> <span class='ocrx_word' id='word_1_409' title='bbox 750 3247 888 3298; x_wconf 85' lang='lat' dir='ltr'><strong>Hortinae</strong></span> <span class='ocrx_word' id='word_1_410' title='bbox 914 3249 1021 3296; x_wconf 87' lang='lat' dir='ltr'><strong>classes</strong></span> <span class='ocrx_word' id='word_1_411' title='bbox 1030 3273 1041 3311; x_wconf 86' lang='lat'><strong>‚-</strong></span> <span class='ocrx_word' id='word_1_412' title='bbox 1065 3248 1176 3298; x_wconf 82' lang='lat' dir='ltr'><strong>llortiai</strong></span> 
     </span>
     <span class='ocr_line' id='line_1_44' title="bbox 144 3317 1174 3383; baseline -0.002 -19"><span class='ocrx_word' id='word_1_413' title='bbox 144 3319 265 3379; x_wconf 81' lang='lat' dir='ltr'><strong>equites,</strong></span> <span class='ocrx_word' id='word_1_414' title='bbox 296 3317 343 3383; x_wconf 86' lang='lat' dir='ltr'><strong>qui</strong></span> <span class='ocrx_word' id='word_1_415' title='bbox 368 3318 471 3366; x_wconf 67' lang='lat' dir='ltr'><strong>classes</strong></span> <span class='ocrx_word' id='word_1_416' title='bbox 495 3319 631 3368; x_wconf 89' lang='lat' dir='ltr'><strong>dicuntur.</strong></span> <span class='ocrx_word' id='word_1_417' title='bbox 679 3317 756 3367; x_wconf 87' lang='lat' dir='ltr'>Unde</span> <span class='ocrx_word' id='word_1_418' title='bbox 781 3324 809 3367; x_wconf 85' lang='lat' dir='ltr'><strong>et</strong></span> <span class='ocrx_word' id='word_1_419' title='bbox 832 3332 930 3367; x_wconf 83' lang='lat' dir='ltr'><strong>eornm</strong></span> <span class='ocrx_word' id='word_1_420' title='bbox 953 3317 1036 3366; x_wconf 85' lang='lat' dir='ltr'><strong>tubas</strong></span> <span class='ocrx_word' id='word_1_421' title='bbox 1062 3319 1174 3366; x_wconf 87' lang='lat' dir='ltr'><strong>classica</strong></span> 
     </span>
     <span class='ocr_line' id='line_1_45' title="bbox 143 3383 1176 3454; baseline 0 -22"><span class='ocrx_word' id='word_1_422' title='bbox 143 3383 274 3432; x_wconf 88' lang='lat' dir='ltr'><strong>dicimus:</strong></span> <span class='ocrx_word' id='word_1_423' title='bbox 292 3393 319 3434; x_wconf 86' lang='lat' dir='ltr'><strong>et</strong></span> <span class='ocrx_word' id='word_1_424' title='bbox 336 3393 425 3452; x_wconf 88' lang='lat' dir='ltr'><strong>partes</strong></span> <span class='ocrx_word' id='word_1_425' title='bbox 444 3386 537 3454; x_wconf 88' lang='lat' dir='ltr'><strong>populi</strong></span> <span class='ocrx_word' id='word_1_426' title='bbox 557 3387 660 3435; x_wconf 87' lang='lat' dir='ltr'><strong>classes</strong></span> <span class='ocrx_word' id='word_1_427' title='bbox 677 3400 812 3435; x_wconf 66' lang='lat' dir='ltr'><strong>vocamus,</strong></span> <span class='ocrx_word' id='word_1_428' title='bbox 831 3399 901 3450; x_wconf 84' lang='lat' dir='ltr'><strong>quae</strong></span> <span class='ocrx_word' id='word_1_429' title='bbox 921 3384 1045 3450; x_wconf 87' lang='lat' dir='ltr'><strong>quinque</strong></span> <span class='ocrx_word' id='word_1_430' title='bbox 1064 3388 1176 3435; x_wconf 82' lang='lat' dir='ltr'><strong>fuerunt</strong></span> 
     </span>
     <span class='ocr_line' id='line_1_46' title="bbox 143 3448 1176 3521; baseline 0.005 -24"><span class='ocrx_word' id='word_1_431' title='bbox 143 3448 298 3516; x_wconf 79' lang='lat' dir='ltr'><strong>Populique</strong></span> <span class='ocrx_word' id='word_1_432' title='bbox 316 3452 433 3515; x_wconf 84' lang='lat' dir='ltr'><strong>Latini,·</strong></span> <span class='ocrx_word' id='word_1_433' title='bbox 459 3456 506 3521; x_wconf 88' lang='lat' dir='ltr'><strong>qui</strong></span> <span class='ocrx_word' id='word_1_434' title='bbox 530 3453 684 3515; x_wconf 66' lang='lat' dir='ltr'><strong>intererant</strong></span> <span class='ocrx_word' id='word_1_435' title='bbox 701 3453 797 3504; x_wconf 84' lang='lat' dir='ltr'><strong>Albani</strong></span> <span class='ocrx_word' id='word_1_436' title='bbox 822 3451 922 3500; x_wconf 88' lang='lat' dir='ltr'><strong>montis</strong></span> <span class='ocrx_word' id='word_1_437' title='bbox 947 3452 1132 3503; x_wconf 77' lang='lat' dir='ltr'><strong>viscerationi.</strong></span> <span class='ocrx_word' id='word_1_438' title='bbox 1148 3478 1176 3488; x_wconf 90' lang='lat'>-</span> 
     </span>
     <span class='ocr_line' id='line_1_47' title="bbox 144 3519 1175 3587; baseline -0.005 -13"><span class='ocrx_word' id='word_1_439' title='bbox 144 3523 206 3574; x_wconf 77' lang='lat'><strong>717.</strong></span> <span class='ocrx_word' id='word_1_440' title='bbox 223 3519 386 3583; x_wconf 80' lang='lat' dir='ltr'><strong>Infaustam</strong></span> <span class='ocrx_word' id='word_1_441' title='bbox 406 3524 534 3572; x_wconf 86' lang='lat' dir='ltr'><strong>interluit</strong></span> <span class='ocrx_word' id='word_1_442' title='bbox 552 3523 627 3572; x_wconf 82' lang='lat' dir='ltr'><strong>Allia</strong></span> <span class='ocrx_word' id='word_1_443' title='bbox 654 3540 772 3585; x_wconf 73' lang='lat' dir='ltr'><strong>nomen3</strong></span> <span class='ocrx_word' id='word_1_444' title='bbox 796 3523 872 3570; x_wconf 87' lang='lat' dir='ltr'><strong>Allia</strong></span> <span class='ocrx_word' id='word_1_445' title='bbox 890 3520 989 3569; x_wconf 83' lang='lat' dir='ltr'><strong>fluvius</strong></span> <span class='ocrx_word' id='word_1_446' title='bbox 1008 3522 1085 3572; x_wconf 80' lang='lat' dir='ltr'><strong>haud</strong></span> <span class='ocrx_word' id='word_1_447' title='bbox 1102 3522 1175 3587; x_wconf 81' lang='lat' dir='ltr'><strong>longe</strong></span> 
     </span>
     <span class='ocr_line' id='line_1_48' title="bbox 143 3584 1174 3657; baseline 0.004 -25"><span class='ocrx_word' id='word_1_448' title='bbox 143 3584 179 3633; x_wconf 83' lang='lat' dir='ltr'><strong>ab</strong></span> <span class='ocrx_word' id='word_1_449' title='bbox 204 3586 273 3635; x_wconf 77' lang='lat' dir='ltr'><strong>urire</strong></span> <span class='ocrx_word' id='word_1_450' title='bbox 297 3598 351 3652; x_wconf 87' lang='lat' dir='ltr'><strong>est,</strong></span> <span class='ocrx_word' id='word_1_451' title='bbox 380 3590 454 3641; x_wconf 86' lang='lat' dir='ltr'><strong>iuxta</strong></span> <span class='ocrx_word' id='word_1_452' title='bbox 478 3608 561 3657; x_wconf 82' lang='lat' dir='ltr'><strong>quem</strong></span> <span class='ocrx_word' id='word_1_453' title='bbox 587 3591 673 3655; x_wconf 86' lang='lat' dir='ltr'><strong>Galli,</strong></span> <span class='ocrx_word' id='word_1_454' title='bbox 698 3591 810 3640; x_wconf 85' lang='lat' dir='ltr'><strong>Brenno</strong></span> <span class='ocrx_word' id='word_1_455' title='bbox 834 3590 920 3649; x_wconf 84' lang='lat' dir='ltr'><strong>duce,</strong></span> <span class='ocrx_word' id='word_1_456' title='bbox 949 3591 1048 3654; x_wconf 87' lang='lat' dir='ltr'><strong>quinto</strong></span> <span class='ocrx_word' id='word_1_457' title='bbox 1074 3592 1174 3641; x_wconf 76' lang='lat' dir='ltr'><strong>decimo</strong></span> 
     </span>
     <span class='ocr_line' id='line_1_49' title="bbox 142 3651 1175 3723; baseline 0.007 -23"><span class='ocrx_word' id='word_1_458' title='bbox 142 3651 329 3704; x_wconf 83' lang='lat' dir='ltr'><strong>Kalendarum</strong></span> <span class='ocrx_word' id='word_1_459' title='bbox 346 3658 531 3720; x_wconf 77' lang='lat' dir='ltr'><strong>Augustarum</strong></span> <span class='ocrx_word' id='word_1_460' title='bbox 549 3660 593 3709; x_wconf 86' lang='lat' dir='ltr'><strong>die</strong></span> <span class='ocrx_word' id='word_1_461' title='bbox 611 3661 700 3709; x_wconf 89' lang='lat' dir='ltr'><strong>deleto</strong></span> <span class='ocrx_word' id='word_1_462' title='bbox 720 3658 855 3718; x_wconf 79' lang='lat' dir='ltr'><strong>exercitu,</strong></span> <span class='ocrx_word' id='word_1_463' title='bbox 879 3665 940 3723; x_wconf 88' lang='lat' dir='ltr'><strong>post</strong></span> <span class='ocrx_word' id='word_1_464' title='bbox 965 3660 1094 3708; x_wconf 83' lang='lat' dir='ltr'><strong>triduum</strong></span> <span class='ocrx_word' id='word_1_465' title='bbox 1112 3660 1175 3708; x_wconf 81' lang='lat' dir='ltr'><strong>dele·</strong></span> 
     </span>
     <span class='ocr_line' id='line_1_50' title="bbox 142 3723 1174 3801; baseline 0.007 -35"><span class='ocrx_word' id='word_1_466' title='bbox 142 3729 241 3770; x_wconf 86' lang='lat' dir='ltr'><strong>verunt</strong></span> <span class='ocrx_word' id='word_1_467' title='bbox 259 3723 343 3773; x_wconf 86' lang='lat' dir='ltr'><strong>etiam</strong></span> <span class='ocrx_word' id='word_1_468' title='bbox 362 3726 460 3776; x_wconf 86' lang='lat' dir='ltr'><strong>urbem</strong></span> <span class='ocrx_word' id='word_1_469' title='bbox 478 3736 591 3794; x_wconf 79' lang='lat' dir='ltr'><strong>excepto</strong></span> <span class='ocrx_word' id='word_1_470' title='bbox 605 3726 747 3801; x_wconf 82' lang='lat' dir='ltr'><strong>Capitolio.</strong></span> <span class='ocrx_word' id='word_1_471' title='bbox 783 3725 853 3776; x_wconf 85' lang='lat' dir='ltr'><strong>Sane</strong></span> <span class='ocrx_word' id='word_1_472' title='bbox 867 3725 952 3789; x_wconf 79' lang='lat' dir='ltr'><strong>Allia,</strong></span> <span class='ocrx_word' id='word_1_473' title='bbox 968 3728 1082 3777; x_wconf 80' lang='lat' dir='ltr'><strong>additur</strong></span> <span class='ocrx_word' id='word_1_474' title='bbox 1098 3742 1174 3776; x_wconf 81' lang='lat' dir='ltr'><strong>rmnnr</strong></span> 
     </span>
     <span class='ocr_line' id='line_1_51' title="bbox 141 3784 1174 3862; baseline 0.006 -27"><span class='ocrx_word' id='word_1_475' title='bbox 141 3784 166 3835; x_wconf 83' lang='lat' dir='ltr'><strong><em>L</em></strong></span> <span class='ocrx_word' id='word_1_476' title='bbox 191 3797 303 3855; x_wconf 84' lang='lat' dir='ltr'><strong>propter</strong></span> <span class='ocrx_word' id='word_1_477' title='bbox 328 3801 466 3859; x_wconf 77' lang='lat' dir='ltr'><strong>aratrum,</strong></span> <span class='ocrx_word' id='word_1_478' title='bbox 490 3803 520 3844; x_wconf 90' lang='lat' dir='ltr'><strong>ut</strong></span> <span class='ocrx_word' id='word_1_479' title='bbox 543 3797 693 3862; x_wconf 84' lang='lat' dir='ltr'><strong>[reliquiar</strong></span> <span class='ocrx_word' id='word_1_480' title='bbox 720 3793 759 3857; x_wconf 84' lang='lat' dir='ltr'><strong>et]</strong></span> <span class='ocrx_word' id='word_1_481' title='bbox 778 3796 941 3859; x_wconf 84' lang='lat' dir='ltr'><strong>relliquias,</strong></span> <span class='ocrx_word' id='word_1_482' title='bbox 962 3797 1037 3847; x_wconf 86' lang='lat' dir='ltr'><strong>unde</strong></span> <span class='ocrx_word' id='word_1_483' title='bbox 1056 3797 1174 3845; x_wconf 83' lang='lat' dir='ltr'><strong>Lucanus</strong></span> 
     </span>
     <span class='ocr_line' id='line_1_52' title="bbox 141 3854 1174 3929; baseline 0.004 -24"><span class='ocrx_word' id='word_1_484' title='bbox 141 3854 214 3906; x_wconf 82' lang='lat' dir='ltr'><strong>bene</strong></span> <span class='ocrx_word' id='word_1_485' title='bbox 231 3858 323 3926; x_wconf 80' lang='lat' dir='ltr'><strong>posuit</strong></span> <span class='ocrx_word' id='word_1_486' title='bbox 340 3864 384 3925; x_wconf 76' lang='lat'><strong>(7,</strong></span> <span class='ocrx_word' id='word_1_487' title='bbox 400 3862 487 3925; x_wconf 76' lang='grc'>633,);</span> <span class='ocrx_word' id='word_1_488' title='bbox 512 3861 592 3928; x_wconf 84' lang='lat' dir='ltr'><strong>Quas</strong></span> <span class='ocrx_word' id='word_1_489' title='bbox 611 3864 691 3929; x_wconf 81' lang='lat' dir='ltr'><strong>(Dan.</strong></span> <span class='ocrx_word' id='word_1_490' title='bbox 710 3881 796 3928; x_wconf 87' lang='lat' dir='ltr'><strong>quos,·</strong></span> <span class='ocrx_word' id='word_1_491' title='bbox 822 3862 913 3912; x_wconf 83' lang='lat' dir='ltr'><strong>Guell.</strong></span> <span class='ocrx_word' id='word_1_492' title='bbox 930 3863 951 3911; x_wconf 93' lang='lat' dir='ltr'><strong>I.</strong></span> <span class='ocrx_word' id='word_1_493' title='bbox 969 3865 1077 3927; x_wconf 87' lang='lat' dir='ltr'><strong>quasi)</strong></span> <span class='ocrx_word' id='word_1_494' title='bbox 1102 3864 1174 3913; x_wconf 77' lang='lat' dir='ltr'><strong>Aliae</strong></span> 
     </span>
     <span class='ocr_line' id='line_1_53' title="bbox 143 3923 1173 3994; baseline -0.003 -11"><span class='ocrx_word' id='word_1_495' title='bbox 143 3923 252 3975; x_wconf 67' lang='lat' dir='ltr'><strong>Clades·</strong></span> <span class='ocrx_word' id='word_1_496' title='bbox 276 3951 310 3963; x_wconf 91' lang='lat'><strong>···</strong></span> <span class='ocrx_word' id='word_1_497' title='bbox 343 3934 405 3984; x_wconf 78' lang='lat'>718.</span> <span class='ocrx_word' id='word_1_498' title='bbox 431 3932 590 3994; x_wconf 86' lang='lat' dir='ltr'><strong>Marmore;</strong></span> <span class='ocrx_word' id='word_1_499' title='bbox 616 3932 748 3982; x_wconf 77' lang='lat' dir='ltr'><strong>inari-</strong></span> <span class='ocrx_word' id='word_1_500' title='bbox 782 3937 846 3986; x_wconf 76' lang='lat'><strong>720.</strong></span> <span class='ocrx_word' id='word_1_501' title='bbox 870 3930 917 3980; x_wconf 81' lang='lat' dir='ltr'><strong>Vel</strong></span> <span class='ocrx_word' id='word_1_502' title='bbox 943 3946 1008 3980; x_wconf 90' lang='lat' dir='ltr'><strong>cum</strong></span> <span class='ocrx_word' id='word_1_503' title='bbox 1033 3935 1093 3983; x_wconf 84' lang='lat' dir='ltr'><strong>sole</strong></span> <span class='ocrx_word' id='word_1_504' title='bbox 1117 3941 1173 3986; x_wconf 88' lang='lat' dir='ltr'><strong>etc.;</strong></span> 
     </span>
     <span class='ocr_line' id='line_1_54' title="bbox 141 3992 1173 4072; baseline 0.009 -30"><span class='ocrx_word' id='word_1_505' title='bbox 141 3992 234 4066; x_wconf 75' lang='lat' dir='ltr'><strong>prinis</strong></span> <span class='ocrx_word' id='word_1_506' title='bbox 253 3995 362 4047; x_wconf 83' lang='lat' dir='ltr'><strong>aestatis</strong></span> <span class='ocrx_word' id='word_1_507' title='bbox 378 4006 466 4065; x_wconf 81' lang='lat' dir='ltr'><strong>parte.</strong></span> <span class='ocrx_word' id='word_1_508' title='bbox 503 4001 576 4052; x_wconf 86' lang='lat' dir='ltr'><strong>Nam</strong></span> <span class='ocrx_word' id='word_1_509' title='bbox 598 3999 711 4072; x_wconf 82' lang='lat' dir='ltr'><strong>proprie</strong></span> <span class='ocrx_word' id='word_1_510' title='bbox 731 4000 774 4051; x_wconf 86' lang='lat' dir='ltr'><strong>sol</strong></span> <span class='ocrx_word' id='word_1_511' title='bbox 793 4016 884 4050; x_wconf 86' lang='lat' dir='ltr'><strong>novus</strong></span> <span class='ocrx_word' id='word_1_512' title='bbox 910 4007 952 4051; x_wconf 86' lang='lat' dir='ltr'><strong>est</strong></span> <span class='ocrx_word' id='word_1_513' title='bbox 969 3998 1065 4053; x_wconf 82' lang='lat' dir='ltr'><strong>octavo</strong></span> <span class='ocrx_word' id='word_1_514' title='bbox 1084 4002 1173 4054; x_wconf 82' lang='lat' dir='ltr'><strong>Kalou-</strong></span> 
     </span>
    </p>
   </div>
   <div class='ocr_carea' id='block_1_3' title="bbox 0 0 1232 4500">
    <p class='ocr_par' dir='ltr' id='par_1_3' title="bbox 0 0 1232 4500">
     <span class='ocr_line' id='line_1_55' title="bbox 0 0 1232 4500; baseline 0 0"><span class='ocrx_word' id='word_1_515' title='bbox 0 0 1232 4500; x_wconf 95' lang='lat' dir='ltr'><strong> </strong></span> 
     </span>
    </p>
   </div>
  </div>
 </body>
</html>
