2454 4500
126 220 532 350 antemuranum.
554 283 634 348 ιιι.
657 283 685 362 ι,
698 286 904 365 ¹arv-stra
987 224 1043 357 ιι

58 457 116 525 lone.
147 468 221 524 Nam
239 467 346 538 passiva
362 463 546 520 declinatione
556 462 667 526 utimur
683 462 714 519 lu
726 463 814 526 activa
825 464 1007 534 signification

69 531 206 592 hocloco:
240 539 323 619 [Cum
357 539 415 603 ipsi
438 539 582 602 praeimus
613 536 688 584 enim
712 544 780 585 tunc
807 485 1032 603 praevenimur]
1093 540 1096 547 “

57 617 83 656 uo
94 616 182 661 autem
200 615 287 661 acnvs
305 605 451 658 declinatio
469 611 524 668 est,
542 604 676 671 passivam
694 603 779 655 habet
794 605 1033 671 significationem,

57 679 118 728 tille
135 693 176 729 me
192 678 350 744 praeuertit.
386 674 448 740 (Alii
466 676 652 740 praevertitur
676 672 714 723 sic
732 672 854 740 positum
871 672 978 737 volunt,
1000 682 1033 726 ut

57 749 67 809 l,
79 748 156 808 660.)τ
173 746 321 797 Bellantur
338 743 493 793 Amazones
511 744 608 804 armis,
627 756 676 807 pro
694 745 843 807 praevertit
860 749 889 793 et
906 740 1031 806 bellant.)

61 819 112 872 318.
130 813 274 894 Namqur‚·
293 819 324 862 ut
338 812 497 863 ostendatur
511 825 568 862 esse
580 809 709 861 veinatriu.
743 809 772 858 H
775 813 879 862 urneris
893 812 924 860 dc
939 829 1032 876 morsp

57 891 157 935 stantum
180 879 303 946 scilicet]
337 879 485 943 Habilem5
510 887 606 945 aptum
631 878 713 941 sexui.
747 878 937 948 Unusquisque
954 880 1032 933 erint

57 966 97 1002 ιιιιι
113 949 200 1004 habet
217 968 268 1019 pro
287 949 390 1000 viribus
406 949 471 1005 suis.
504 947 668 1015 (Venatrixj
691 945 790 998 similis
808 948 954 1014 venatrici,
971 950 988 999 i.
1006 968 1031 1002 e.

58 1019 79 1071 si
101 1020 236 1084 venatrix,
260 1026 292 1068 ut
314 1022 382 1082 (11,
399 1017 484 1078 bibl?
516 1017 551 1065 At
574 1017 681 1065 medias
706 1017 780 1066 inter
803 1019 899 1067 caedes
924 1019 1031 1069 exultat

57 1089 142 1152 uzon.)
178 1089 281 1140 Comus
305 1086 480 1154 diffundere,
503 1093 535 1134 ut
558 1084 767 1135 dintuderetur.
803 1086 911 1137 Graeca
935 1095 1031 1140 autent

57 1174 86 1211 ra
104 1165 152 1211 est.
187 1158 231 1208 tic
249 1152 316 1207 alibi
332 1157 374 1221 (6,
391 1152 478 1214 248.):
501 1153 617 1220 Argenti
635 1167 769 1220 magnum
788 1153 836 1205 dut
846 1155 926 1223 ferre
943 1155 1033 1206 talen·

60 1263 66 1276 .
101 1227 149 1293 (Et
163 1224 242 1292 (79.):
267 1223 312 1272 Tu
334 1225 386 1272 das
404 1222 495 1289 epulis
514 1222 674 1271 accumbere
691 1220 826 1284 Divumt)
845 1224 916 1275 [inde
934 1224 970 1272 du
989 1224 1031 1276 br·-

56 1313 59 1339 ι
76 1308 140 1344 unu
158 1293 291 1357 obtinuit,
308 1291 383 1359 qtrod
398 1293 492 1343 lacere
509 1306 565 1341 non
579 1289 728 1354 debemus,
744 1308 779 1343 ne
798 1292 851 1342 duo
868 1291 953 1344 verba
969 1291 1031 1346 iun·

56 1375 109 1429 tut,
132 1360 186 1414 nisi
215 1362 245 1413 in
270 1365 408 1427 poenrate.
432 1382 469 1396 ··
511 1367 571 1415 320.
597 1358 682 1408 Nudo
711 1377 801 1425 genu,
825 1360 932 1411 nudum
956 1376 1031 1430 genu

56 1447 110 1484 ens.
147 1430 183 1480 Ut
199 1430 222 1481 si
239 1427 436 1480 dicastlonus
455 1430 590 1478 animum.
627 1428 662 1477 Et
679 1435 720 1479 est
737 1428 844 1480 Graeca
861 1429 1031 1497 figuratsed

70 1517 118 1564 ea,
136 1496 224 1567 quau
241 1495 358 1550 diximus
375 1497 439 1549 fieri
457 1512 508 1563 per
527 1493 708 1562 participium
726 1497 869 1563 praeteriti
886 1500 1022 1567 temporit

56 1581 147 1619 tasum
174 1567 368 1618 accusativum.
403 1567 479 1617 Haec
502 1562 577 1617 enim
596 1580 646 1631 per
663 1579 767 1617 nomen
784 1565 828 1630 tit,
855 1571 978 1635 quamvis
994 1537 1032 1621 ai

56 1653 80 1686 m
97 1633 329 1704 significationem
347 1638 501 1686 recurrant.
535 1632 622 1683 Sinus
640 1634 771 1698 collecta,¹
789 1641 820 1684 ut
838 1637 937 1701 (229.):
955 1637 1030 1690 Ocu·

62 1723 96 1756 su
125 1722 177 1754 usa
203 1702 354 1772 [nitentes]
370 1727 405 1740 -·
440 1708 500 1760 321.
526 1704 563 1751 Ac
587 1703 684 1768 prior,·
708 1699 790 1770 p'aulo
814 1712 877 1770 post
899 1706 1031 1773 sequitur,

56 1789 91 1839 rs,
128 1775 230 1840 inquit.
265 1769 345 1822 Heus
369 1784 442 1823 nunc
458 1768 620 1822 adverbium
637 1770 758 1822 vocantis
775 1779 832 1836 est,
855 1772 922 1825 alias
943 1775 1030 1835 ieter-

58 1856 74 1892 o
91 1840 211 1893 dolentis
228 1839 302 1908 [est]
335 1840 371 1890 Ut
387 1844 423 1906 (7,
441 1841 528 1897 ilfi-l:
551 1838 630 1895 Heus
648 1841 733 1889 etiam
758 1857 869 1891 mensas
887 1846 1029 1895 consumi.

55 1927 73 1976 ·,
98 1912 194 1977 inquit
217 1910 308 1960 iulus.
344 1907 508 1973 Euenum,-
532 1909 759 1976 investigantem:
784 1910 861 1977 (quia
884 1918 1030 1966 venatores

55 1979 228 2043 .vestigant,
253 1976 331 2046 quasi
354 1978 481 2029 videntur
498 1995 603 2029 errare.
638 1976 771 2028 Sororum
779 1999 789 2042 ,·
813 1993 870 2030 non
893 1987 1029 2050 tanquam

55 2075 59 2099 ι
82 2047 127 2098 sit
141 2046 195 2100 illia
218 2059 312 2112 soror,
336 2045 384 2098 sed
410 2051 441 2094 ut
465 2052 507 2096 est
529 2047 558 2096 in
582 2047 786 2100 consuetudine.
804 2071 840 2084 -
872 2057 936 2107 323.
960 2047 1028 2102 Suc·

55 2130 134 2180 tam,
151 2115 323 2168 instructam.
362 2113 425 2177 Vel,
448 2120 478 2163 ut
496 2112 543 2165 alii
559 2115 667 2178 dicunt,
690 2112 720 2165 in
744 2116 789 2166 cin
821 2116 856 2166 ilo
873 2117 1028 2173 habentem

55 2193 157 2238 tetram
175 2192 203 2236 et
220 2183 331 2250 peilam.
356 2180 445 2247 (codd.
465 2192 490 2231 et
513 2200 532 2233 s.
553 2196 583 2231 ut
600 2185 746 2250 plerique.)
815 2187 947 2237 oculosue
965 2189 1028 2256 lyn·

75 2250 212 2320 [epitheta
230 2251 319 2303 tribus
337 2251 426 2302 modis
444 2259 599 2318 ponuntur,
617 2261 664 2302 aut
681 2253 829 2318 laudandi,
848 2262 896 2305 aut
913 2257 1026 2310 demon·
1103 2312 1106 2317 ,

55 2323 112 2388 ndi,
130 2329 179 2374 aut
195 2318 382 2386 vituperandi,
399 2317 444 2370 hic
462 2319 619 2373 maculosae
636 2321 841 2372 demonstrandi
860 2321 921 2388 est]
954 2321 1027 2395 Lyn·

63 2407 111 2442 rex
135 2387 262 2458 Sophiae
285 2390 352 2452 fuit,
375 2386 423 2456 qui
447 2387 561 2438 missum
585 2405 602 2440 a
627 2392 730 2442 Cerere
754 2389 973 2460 Triptolemum,
996 2403 1028 2448 ut

55 2459 153 2511 rinibru
177 2459 320 2511 frumenta
345 2464 527 2520 monstraret,
551 2466 707 2524 susceptum
731 2457 866 2524 hospitio,
890 2470 920 2512 ut
943 2462 973 2515 in
996 2480 1027 2518 te

54 2527 105 2580 enti
128 2524 278 2593 stumenti]
304 2523 393 2594 gloria
417 2531 494 2577 tanta
519 2525 668 2592 migraret,
699 2528 862 2580 interimere
887 2531 1024 2598 cogitavit.

56 2611 140 2664 quam
156 2611 221 2648 rem
245 2594 318 2646 irata
336 2595 436 2657 Ceres,
461 2610 526 2645 cum
544 2595 680 2646 convertit
696 2597 725 2647 in
743 2597 854 2663 lyncem
872 2600 964 2651 seram
980 2617 1026 2656 η.

54 2663 159 2729 oloris,
183 2672 215 2714 ut
231 2664 290 2731 ipse
308 2663 400 2714 variae
419 2664 520 2714 mentis
538 2665 672 2716 extiterat.
706 2665 767 2716 Erit
785 2674 879 2718 etitem
897 2671 1026 2725 nomina·

54 2750 58 2783 ι
81 2733 150 2784 baec
175 2733 260 2799 lynx,
285 2738 316 2781 ut
341 2729 414 2794 Pan,
441 2731 527 2796 Tros,
552 2749 622 2799 quae
644 2731 674 2783 in
699 2733 819 2802 genitivo
845 2751 898 2788 une
922 2739 1025 2806 syllaba

54 2810 122 2852 runt.
142 2826 176 2838 -·-
212 2804 274 2857 art.
299 2797 479 2866 spumantis,
505 2800 533 2851 i.·
549 2819 572 2854 e.
594 2801 734 2868 spumosi,
759 2804 938 2870 participium
963 2805 1024 2858 loco

54 2871 110 2923 init
135 2869 264 2936 positum.
308 2869 428 2918 Cursum
455 2869 575 2920 clamore
599 2875 763 2937 prementem
772 2894 781 2934 ,·
807 2871 1025 2944 [insequentem

57 2955 102 3007 pse
126 2935 194 2991 alibi
219 2938 264 3001 (G.
284 2944 316 3001 3,
333 2935 420 2997 413.);
442 2939 586 3004 ingentem
611 2939 735 2990 clamore
759 2956 871 3006 premes
895 2944 937 2995 id»
953 2946 1025 3000 retia
1077 2971 1079 2975 ·

54 3004 125 3072 um]
158 3005 325 3072 Plerumque
344 3005 398 3054 duo
416 3005 521 3058 diversa
538 3008 566 3058 in
585 3018 672 3059 unum
691 3006 795 3060 exitum
817 3011 935 3077 cadunt,
958 3013 1025 3068 licet

55 3077 127 3128 saria
144 3074 313 3142 significent,
336 3082 367 3122 ut
383 3070 436 3123 hoc
454 3074 522 3126 loco.
564 3075 682 3126 Vidistis
700 3076 792 3142 enim,
816 3078 900 3129 etiam
925 3081 960 3134 ad
978 3097 1024 3132 vo·

77 3142 211 3207 pertinet,
240 3141 314 3210 quod
339 3141 423 3193 etiam
442 3157 476 3194 ex
492 3145 601 3197 Aeneae
618 3145 798 3211 responsione
823 3145 968 3213 colligitur.
988 3177 1024 3194 -·

70 3215 164 3267 Orsus
171 3233 181 3276 ,·
198 3227 271 3262 nunc
288 3211 395 3276 coepit,
411 3211 572 3263 alias'iiuiit.
601 3215 645 3273 ,Ut
662 3221 717 3279 (12,
730 3213 816 3278 guel:
833 3216 880 3266 Sic
897 3218 1024 3286 luppiter

53 3300 80 3334 s.
115 3280 167 3332 Sed
183 3278 240 3331 illic
258 3278 371 3346 proprie
389 3280 495 3345 posuit,
518 3280 567 3346 [ct]
585 3280 630 3332 hic
647 3291 810 3350 usurpatum
829 3289 876 3335 est.
912 3280 1023 3343 Praete·

53 3368 73 3401 ιι
91 3348 167 3403 enim
187 3354 227 3400 est
251 3346 438 3414 participium.
457 3377 492 3388 —-
527 3354 588 3404 3'26.
607 3350 712 3402 Audita
740 3368 826 3418 neque
850 3356 931 3421 visa;
955 3354 1022 3412 hino

53 3425 123 3472 ratur
161 3418 207 3468 uia
223 3416 349 3483 superius
366 3415 419 3467 hoc
436 3414 658 3483 interrogaverat
674 3421 772 3473 Vcnus.
809 3421 888 3488 (Sane
906 3425 1021 3490 quidam

53 3492 103 3555 ito,
120 3432 160 3538 ai
172 3484 239 3536 illud
256 3498 435 3550 responsum:
462 3483 588 3545 Clamore
606 3502 789 3554 prementems
807 3491 842 3542 ad
860 3494 974 3546 uidistis
992 3497 1021 3549 si

53 3574 90 3624 n3
109 3570 197 3623 neque
215 3556 292 3618 uisa,
309 3552 502 3618 responderit.)
520 3581 553 3590 -
589 3562 649 3613 327.
671 3556 696 3609 Ο
716 3574 800 3624 quum
819 3572 860 3624 τις
879 3577 949 3627 quae
967 3565 1021 3620 dea
1096 3615 1105 3625 .

53 3625 168 3689 lubitat,
190 3639 256 3674 nam
281 3623 364 3673 deam
390 3638 447 3674 esse
465 3621 592 3674 confidit:
616 3627 642 3692 [o
662 3623 825 3693 dubitativa,
848 3630 914 3682 alias
939 3646 1019 3688 voca.

86 3695 191 3759 (Burm.
210 3691 347 3758 optativa)
364 3697 395 3740 ut
413 3690 456 3757 (G.
476 3696 501 3756 1,
520 3691 588 3752 lili:
604 3694 696 3758 Adsis,
713 3709 730 3747 ο
748 3695 887 3762 Tegeaee,
903 3701 1019 3774 favens]

55 3768 117 3822 328.
135 3759 193 3812 Nec
218 3777 272 3810 vor
296 3759 435 3808 bominem
460 3771 559 3821 sonan
584 3762 692 3813 Graeca
716 3762 806 3829 figura
829 3775 875 3819 est.
913 3768 939 3821 0
964 3772 1018 3824 διὸ

52 3852 72 3896 ÷,·
98 3828 154 3896 (bic
174 3847 188 3880 o
206 3827 444 3896 distinguendum,
467 3836 497 3877 ut
523 3836 584 3894 post
600 3830 715 3884 inserat:
739 3830 790 3882 dea
809 3847 893 3901 certe,
918 3836 1052 3895 seruiit-12⁵

53 3897 245 3966 supinionem
265 3911 359 3960 suam,
383 3895 421 3954 etl
439 3896 575 3948 conclusio
594 3905 634 3950 est
649 3898 814 3968 syllogismi,
837 3904 885 3971 qui
909 3914 1024 3967 coum

54 3965 240 4035 ropositione,
257 3964 461 4029 assumptione,
477 3965 658 4019 conclusione.
695 3968 768 4021 Nam
786 3972 808 4024 si
825 3990 878 4025 nec
895 3991 944 4027 vor
960 3992 1016 4035 m

52 4052 70 4090 ιι
87 4033 220 4089 mortales
233 4043 303 4099 stant,
319 4038 413 4098 restat,
428 4037 460 4082 ut
473 4032 525 4106 dea
538 4032 580 4085 sit.
595 4060 630 4074 ·-
663 4041 724 4094 329.
743 4038 786 4089 An
801 4039 903 4094 Phoebi
915 4046 1018 4113 soror}
