2454 4500
102 200 105 208 ’
160 247 229 333 no
427 243 567 311 suurn
589 224 943 313 conurursnu's
984 241 997 250 “
1060 250 1067 277 ·
1113 262 1117 271 ¹

163 435 293 499 pmtmor
317 447 375 487 esre
388 433 550 504 pusiones:
575 433 651 489 dures.
663 451 681 486 e
705 432 784 486 honis
807 433 925 505 opinatis
948 440 979 488 et
994 434 1069 491 duas
1091 452 1110 490 e
1124 434 1192 488 melis

163 499 281 570 opinatis
303 500 395 554 rebus.
438 500 511 554 Nam
533 502 626 555 dolere
650 509 678 556 et
699 503 823 568 timere,
844 503 915 557 duae
939 503 1090 575 opiniones
1112 504 1191 558 mrhs

160 575 240 632 sunt,
263 584 319 620 una
333 571 503 638 ,praesertin
526 570 580 623 elie
597 571 690 624 futuri.
723 573 795 623 item
811 571 933 640 gaudere
951 580 982 625 et
997 588 1122 641 cupere,
1142 571 1192 642 opi·

163 637 260 688 niones
276 637 367 690 honae
383 645 460 689 sunt:
484 655 539 691 une
562 639 726 709 praesentis,
749 639 804 691 aliu
826 638 921 691 futuri.
955 641 1036 693 Haeo
1062 656 1130 710 ergo
1144 657 1191 693 ns·

162 712 275 757 scantur
287 723 320 759 ex
331 705 391 776 ipsa
403 706 605 759 conimictione.
638 708 712 761 Nam
727 724 818 776 neque
835 707 925 759 enimi
941 716 1017 774 sunt,
1033 726 1125 779 neque
1140 724 1190 759 eor·

41 799 45 811 ·
87 774 115 812 ἰ’
163 773 240 840 poris
261 775 384 850 prppria.
418 775 540 828 Pereunt
556 775 630 828 enim
652 778 726 829 facta
749 776 943 845 segregatione
960 771 1090 835 [animae
1107 796 1123 831 e
1138 792 1191 827 cor·

83 898 88 907 p
162 857 246 911 pore,
269 859 354 912 quem
369 850 491 895 mortem
507 861 565 896 esse
581 844 691 910 delinit,
713 845 767 898 hoo
784 851 825 896 est
840 839 915 896 λύσιν
932 839 1067 913 σώματος
1078 851 1125 899 nal
1140 860 1188 914 ψυ-

160 908 229 976 χῆς]
253 937 288 949 -
327 915 389 969 734.
414 910 510 980 Neque
534 929 623 963 auras
647 915 805 980 respiciunt
831 913 937 980 (Guelf.
956 916 976 967 Ι.
995 915 1109 983 desp.);
1131 929 1189 965 nam

84 997 89 1019 ι
162 979 228 1045 quia
243 979 393 1032 cohaerent
407 979 533 1051 corpori,
556 980 751 1034 obliviscuntur
766 989 882 1035 naturae
897 998 979 1047 suae,
1006 997 1095 1051 quum
1117 996 1189 1035 umus

163 1047 278 1114 vocavit,
299 1049 366 1116 [scil.
389 1049 537 1107 coelestem
557 1056 590 1101 et
611 1049 753 1115 divinam]
787 1048 907 1101 Clausae
932 1052 1074 1119 tenebris,
1096 1063 1122 1103 et
1136 1066 1190 1101 car·

164 1131 222 1166 cere
240 1132 337 1187 coecog
361 1115 533 1170 definitiones
549 1124 612 1169 sunt
627 1118 759 1199 corporis.
794 1117 878 1185 [Num
894 1118 999 1171 Graeci
1016 1115 1114 1189 δέμας,
1131 1132 1189 1186 qun

163 1180 273 1253 disper,
298 1200 397 1255 corpus
419 1193 531 1250 vocant,
555 1186 634 1254 quasi
658 1186 798 1238 romulum
822 1185 929 1252 numi]
945 1215 982 1225 -
1027 1197 1092 1249 735·
1117 1187 1188 1255 Quin

163 1266 188 1304 et
205 1262 273 1318 etc.;
297 1253 376 1320 qrde,
398 1260 430 1303 ut
445 1254 576 1320 diximus,
599 1258 733 1321 occurrit,
756 1253 859 1308 dehere
876 1271 921 1308 ees
938 1255 1037 1307 statim
1059 1265 1123 1329 post
1137 1271 1187 1307 cor·

81 1338 86 1351 ⁸
149 1338 212 1389 ¹pus
228 1321 397 1390 depositum
427 1322 521 1377 redire
550 1323 582 1373 in
609 1338 691 1374 suum
713 1323 853 1392 vigorem,
883 1330 911 1376 et
933 1323 1005 1376 dloit
1029 1341 1088 1378 non
1111 1340 1185 1393 posse

162 1390 239 1458 Quae
263 1390 340 1442 enim
364 1390 418 1465 diu¹
433 1390 579 1442 coniuncte
603 1399 680 1456 sunt,
701 1391 822 1443 invicem
842 1408 872 1444 se
894 1398 1008 1458 tenent,
1028 1401 1062 1445 'et
1083 1393 1185 1445 trahnn
1224 1448 1226 1455 Ι

160 1458 289 1526 reliquias
302 1457 427 1509 sordium
445 1458 630 1526 antiquarum.
643 1485 677 1498 -
710 1464 773 1517 736,
787 1458 856 1512 Non
869 1470 962 1511 tamen
977 1477 1062 1512 omne
1076 1463 1183 1522 molum,

160 1528 235 1579 cedit
251 1525 402 1599 [quidem],
418 1526 465 1579 sed
482 1541 540 1578 non
558 1543 650 1582 omne.
684 1526 759 1580 Nam
775 1536 916 1592 remanet,
979 1528 1032 1594 od,
1049 1537 1083 1580 ut
1099 1544 1184 1602 purge·

160 1601 222 1661 tur,
244 1611 356 1648 neeesse
380 1601 433 1646 esu
461 1594 529 1646 Inda
551 1603 607 1662 est,
630 1595 705 1664 quod
726 1595 794 1669 dicit
817 1594 914 1664 (655.):
937 1545 1045 1648 hired
1071 1600 1183 1667 requitur

160 1665 257 1715 tellure·
282 1674 413 1730 repostos.
446 1662 522 1715 Bene
545 1671 641 1716 autem
659 1666 786 1729 miseris,
808 1680 880 1733 quae
905 1663 993 1719 etiem
1016 1673 1081 1734 post
1097 1679 1182 1732 eorpus

145 1732 265 1785 “hahent
281 1731 404 1801 corporis
427 1732 529 1784 sordes.
562 1730 640 1785 Unde
657 1739 711 1784 est:
736 1731 795 1783 Nec
813 1732 952 1801 funditus
979 1751 1078 1785 amnes
1098 1734 1184 1800 Carpo·

161 1818 223 1851 reae
247 1803 383 1852 excedunt
399 1811 494 1865 pestes.
513 1825 549 1836 -
582 1807 644 1858 738.
661 1800 725 1851 Diu
750 1811 893 1864 cruorem,-
918 1801 1072 1853 coniuncta
1088 1810 1117 1863 et
1132 1818 1183 1853 core

159 1869 301 1935 glutinata.
337 1869 507 1933 Inotlcrcrrc3
523 1885 649 1921 crescere
666 1867 708 1935 (L.
725 1868 799 1939 Lips.
818 1868 937 1933 conon),
960 1877 994 1920 ut
1011 1871 1060 1937 (G.
1078 1880 1112 1936 2,
1126 1869 1183 1930 773:

160 1937 275 2006 Udaque
290 1939 388 1989 docent
401 1938 552 1988 inolescere
566 1938 648 1988 libro.
662 1964 698 1975 -
731 1942 793 1994 739.
811 1937 885 2004 Ergo
900 1952 1069 1991 exercentur
1082 1939 1184 2006 poeuis5

58 2002 72 2025 ’·
105 2034 110 2045 ι
159 2007 224 2075 quia
242 2006 364 2085 deposito
382 2021 499 2074 corpore
517 2006 610 2056 sordes
626 2013 783 2083 supersunt.
815 2006 921 2056 Poenas
945 2013 1045 2058 autem
1062 2024 1120 2061 non
1135 2021 1184 2075 per·

157 2076 253 2126 ferunt
276 2087 402 2138 animae,
424 2073 472 2126 sed
494 2073 566 2123 illius
592 2073 792 2125 coniunctionis
808 2073 943 2142 reliquiae
960 2091 1035 2142 quae
1053 2077 1110 2128 fuit
1124 2076 1184 2128 inter

160 2134 336 2193 animam'et
353 2157 459 2211 corpus.
493 2141 567 2192 Nem
589 2140 656 2192 licet
677 2141 729 2191 ista
753 2141 806 2192 duo
830 2159 879 2211 per
897 2158 926 2209 se
942 2158 1050 2210 poenus
1073 2146 1184 2214 perferre

118 2256 124 2271 „
158 2211 350 2281 nonpossint,
376 2210 461 2260 homo
485 2216 580 2260 tamen
596 2211 717 2277 perfert,
743 2210 790 2276 qui
807 2210 840 2261 de
858 2210 899 2260 his
917 2210 1025 2262 duobus
1046 2221 1090 2267 est
1103 2215 1185 2267 factus

114 2283 120 2303 ³'
157 2304 192 2315 -
226 2285 287 2338 740.
305 2279 451 2346 Supplicia
469 2279 639 2345 expendunt}
662 2277 726 2328 ideo
743 2285 829 2345 agunt
845 2278 995 2348 supplicio,
1018 2297 1080 2332 nou
1097 2288 1127 2331 ut
1140 2277 1187 2330 uni·

157 2364 217 2398 mas
235 2348 366 2416 puniant,
390 2347 439 2397 sed
455 2354 486 2396 ut
503 2363 548 2398 eas
565 2345 683 2414 peccetis
701 2353 800 2396 exuant
816 2347 945 2424 pristinis.
963 2374 1000 2383 -
1036 2354 1102 2406 741.
1119 2348 1183 2400 Alios

152 2423 225 2477 eto.;
242 2416 370 2483 loquitur
393 2414 507 2482 quidem
529 2417 636 2485 poetice
660 2413 694 2464 de
718 2422 884 2483 purgatione
907 2412 1088 2482 animarum,
1111 2416 1183 2483 tangit
1223 2452 1226 2469 .

156 2493 266 2548 tamen,
290 2484 364 2552 quod
381 2491 408 2533 et
423 2483 582 2552 Philosophi
598 2483 700 2533 dicunt.
734 2483 807 2533 Nam
829 2483 929 2551 triplex
950 2492 993 2534 est
1017 2487 1112 2536 omnis
1133 2499 1183 2554 pur

156 2553 247 2621 gatio:
271 2561 319 2603 aut
335 2552 410 2603 enim
428 2552 458 2602 in
475 2558 551 2602 terra
568 2557 735 2622 purgantur,
752 2567 822 2617 quae
840 2551 923 2601 nimis
942 2566 1097 2618 oppressae
1113 2551 1183 2604 sordi·

155 2622 207 2672 bus
224 2621 335 2684 fuerint,
352 2620 460 2670 deditae
476 2619 581 2670 scilicet
597 2617 787 2686 corporalibus
805 2618 1011 2684 blandimentis,
1029 2621 1049 2672 i.
1069 2640 1093 2674 e.
1110 2630 1182 2673 trans·

157 2697 224 2741 eunt
246 2688 276 2740 in
293 2704 413 2755 corpora
435 2695 560 2739 terrena:
586 2695 615 2738 et
639 2686 708 2737 haec
730 2685 790 2752 igni
811 2687 939 2738 dicuntur
963 2690 1092 2807 purgari.
1124 2687 1182 2757 Ignis
1223 2722 1226 2735 .

156 2758 233 2812 enirn
250 2774 283 2808 ex
307 2765 383 2809 terra
408 2762 462 2820 est,
486 2771 540 2822 quo
566 2763 715 2806 exuruntur
739 2754 840 2806 omnia.
876 2754 949 2804 Nam
977 2773 1028 2807 coe
1041 2757 1107 2809 estis
1126 2755 1181 2809 nihil
1224 2810 1226 2819 ,

155 2825 279 2896 perurit3
297 2825 391 2876 autin
408 2839 493 2890 aqua,
510 2823 528 2873 i.
547 2842 571 2876 e.
589 2829 733 2874 transeunt
748 2822 777 2873 in
795 2838 912 2891 corpora
929 2824 1061 2891 marine,
1077 2827 1101 2877 si
1114 2824 1180 2893 paulo

157 2894 254 2945 melius
271 2888 410 2952 vixerint,
424 2899 471 2942 eut
495 2899 570 2943 certe
593 2891 624 2941 in
646 2893 725 2954 aere,
749 2891 915 2955 transeundo
939 2892 1050 2945 scilicet
1074 2895 1104 2946 in
1120 2892 1179 2945 a'e'rie
1224 2898 1226 2929 ἲ

157 2978 290 3028 corpora,
307 2961 330 3010 si
346 2960 410 3012 satis
426 2959 500 3010 bene
517 2959 644 3012 vixerint:
667 2957 742 3024 quod
758 2960 787 3010 in
805 2958 889 3010 Statio
908 2959 969 3023 (Th.
988 2967 1022 3026 3,
1040 2961 1113 3023 485.)
1126 2960 1180 3028 legi-
1223 2962 1226 2981 ⁶

156 3047 232 3093 mus,
255 3028 304 3080 uhi
321 3028 355 3080 de
373 3028 496 3096 auguriis
511 3035 628 3079 tractat:
652 3025 716 3091 [Seu
735 3029 803 3094 qnia
823 3039 959 3091 mutatae,
985 3029 1177 3097 nostroqueol
1223 3064 1226 3069 -

157 3098 376 3165 origineversis
395 3097 560 3161 corporibus
578 3097 689 3146 subiere
714 3094 815 3159 notae]
849 3095 926 3146 Unde
943 3096 1032 3148 etiam
1060 3100 1091 3150 in
1110 3096 1179 3150 sarrit
1224 3096 1226 3133 :

155 3165 411 3218 Liberi·omnihus
440 3171 496 3215 tres
523 3172 585 3215 sunt
612 3165 680 3213 istae
709 3163 893 3230 purgationes.
941 3164 1016 3215 Nam
1042 3175 1092 3218 aut
1111 3165 1178 3219 taeda
1223 3202 1226 3219 .

154 3243 309 3306 purgantur
329 3241 356 3284 et
372 3231 510 3301 sulphure,
527 3240 575 3284 aut
591 3247 662 3298 aqua
680 3230 837 3293 abluuntur,
855 3239 901 3279 aut
914 3235 980 3282 ae're
993 3229 1179 3298 [ventilantur]³
1224 3254 1226 3261 ·

155 3305 229 3370 qnod
247 3303 353 3354 eratin
371 3300 454 3350 sacris
472 3299 575 3352 Liberi.
609 3299 667 3348 Hoc
685 3306 726 3348 est
743 3300 816 3349 enirn
836 3299 920 3365 [quod
938 3299 1005 3350 dicit
1023 3302 1055 3352 in
1073 3301 1177 3354 secundo

155 3372 259 3437 Georg.
287 3368 417 3436 (239.)]:
452 3368 571 3434 Tibiuue
598 3367 709 3417 Oscilia
733 3384 766 3416 er
790 3367 847 3414 alta
881 3369 1063 3432 suspendunt
1094 3371 1177 3421 mollia

155 3442 235 3505 pinu.
271 3440 344 3489 Nam
362 3452 447 3503 genus
470 3445 534 3487 eret
549 3435 728 3505 purgationis.
764 3435 811 3500 [ld
829 3441 923 3484 autem
940 3445 969 3485 et
985 3440 1064 3504 apud
1080 3441 1178 3490 luvena-

154 3507 211 3559 lem
235 3511 283 3573 (2,
308 3506 384 3565 156.)
407 3504 543 3570 tangitur:
576 3500 713 3567 Quotiens
741 3501 808 3551 hinc
834 3503 902 3551 tulis
927 3505 964 3552 ud
990 3507 1062 3557 illos
1088 3506 1178 3558 Urnlm

155 3578 245 3637 venit,
264 3584 394 3641 cuperent
411 3574 547 3635 lustrari,
564 3574 591 3622 si
609 3589 664 3637 qua
684 3571 818 3620 darentur
836 3570 978 3636 Sulphurn
997 3590 1067 3624 cnm
1086 3577 1178 3637 taedis,-

155 3655 180 3694 ιι
204 3645 231 3692 si
249 3643 327 3709 foret
351 3642 467 3690 humida
487 3638 607 3702 laurita]
643 3639 679 3688 Et
703 3639 732 3688 in
756 3639 821 3705 ipsis
844 3639 1061 3706 purgationibus
1087 3645 1179 3696 honum

154 3711 320 3761 meritorum
343 3717 450 3760 secutus
474 3716 517 3760 est
542 3707 683 3771 ordinem,
710 3714 741 3757 ut
764 3714 827 3758 ante
852 3711 973 3773 aeriam,
998 3710 1069 3764 inde
1093 3729 1179 3781 aquae,

154 3787 216 3846 post
231 3777 303 3844 ignis
322 3776 426 3827 diceret
447 3776 649 3846 purgationem.
669 3800 703 3811 -
737 3782 798 3833 743.
817 3773 943 3842 Quisque
969 3794 1042 3829 suos
1067 3784 1181 3849 patimur

156 3864 267 3908 manes,-
286 3845 417 3913 supplicia
433 3841 552 3911 [veriu,]
569 3859 638 3909 quae
656 3850 719 3895 sunt
735 3843 808 3912 apud
825 3859 931 3895 munes:
951 3853 981 3894 ut
997 3848 1021 3896 si
1042 3850 1104 3916 quis
1121 3851 1182 3901 dicat

155 3917 296 3967 iudicium
314 3915 452 3979 pou'mur,
476 3922 504 3963 et
521 3911 656 3978 significat
679 3929 711 3962 ea
735 3927 806 3978 quoe
828 3911 857 3962 in
881 3911 984 3962 iudicio
1003 3914 1111 3980 (Gueli.
1129 3920 1180 3984 lq·

155 3983 286 4044 iudiciis)
302 3980 487 4034 continentur.
522 3980 572 4032 Est
594 3987 622 4034 et
644 3979 831 4033 aliudverius.
866 3980 1026 4037 Nemeum
1044 3987 1183 4049 nascimur,
