2454 4500
162 278 228 343 392
419 269 970 369 saRVItcoMMEN‘rn-ntus.
1043 352 1049 361 Ι

167 458 243 509 didit
259 451 375 520 urbem]
390 482 425 494 -
457 461 521 514 622.
537 453 615 508 Fixit
638 455 716 523 leger¹
733 446 838 524 pretio,
864 446 1090 528 atquemefieit}
1111 470 1184 528 pona
1224 516 1226 525 Ι

71 540 75 551 ¹
106 558 109 569 ·
166 542 229 578 mus
253 526 301 591 (V.
327 522 453 592 possim.)
476 524 627 575 Antonium
649 524 776 591 accipere
799 527 952 579 secundum
980 525 1185 579 Ciceronemin
1224 560 1226 567 -

167 593 331 664 Philippicis.
364 592 443 643 Fixit
460 599 553 647 autem
569 592 646 658 ideo,
669 592 733 661 quia
749 594 851 646 incisae
867 595 897 645 in
915 594 1008 647 aereis
1026 593 1128 649 tabulis
1141 592 1186 645 ὦ·
1223 600 1226 631 ²

119 666 126 685 ‘
166 658 717 732 gebantltr'(1.t.iniig.)parietibus.-
751 667 814 720 623.
831 660 888 712 Hic
905 663 1070 714 thalamum
1096 663 1186 715 incasit

168 742 267 793 nataeg
286 730 417 796 Thyestes
432 729 576 798 [Pelopeus
593 727 689 792 filiaeJ:
706 729 779 781 unde
797 731 942 798 Aegisthus
960 739 1047 783 nattis
1064 737 1120 798 est,
1132 731 1187 783 iun

169 799 285 866 Cinyras
292 797 377 866 [filiae
389 797 529 865 Myrrhaei
544 797 579 849 de
592 812 647 865 qua
658 803 737 848 natus
750 797 917 864 estAdonis.]
933 800 1010 851 Nam
1024 799 1102 867 quod
1112 799 1188 850 Dom-

168 870 212 918 tus
229 866 303 931 dicit,
319 866 397 918 nefas
414 872 455 917 est
470 865 554 929 credi,
570 864 677 916 dictum
693 882 752 918 esse
768 866 802 918 de
819 866 923 918 Tullio:
939 867 1031 936 [quod
1049 866 1188 919 connum

168 953 186 986 a
210 932 349 998 Sallustio,
376 932 516 993 Ciceronis
539 931 668 998 inimico,
689 941 788 986 nutum
810 943 867 999 est,
888 935 936 1004 qui
961 935 997 988 de
1024 935 1074 989 illo
1096 936 1187 1004 inqiut:
1224 954 1226 961 ·

168 1003 245 1054 Filia
265 1004 362 1053 matris
380 999 488 1068 pellea]
522 1001 568 1068 (ct.
584 1000 638 1051 Dio
656 1002 730 1053 Cass.
746 1007 803 1068 56„
818 1002 889 1067 init.)
928 1002 1093 1072 Vetitosqne
1108 1004 1187 1071 lyme·

169 1088 272 1138 naeos;
289 1070 397 1138 legibus
412 1070 523 1122 scilicet.
556 1068 630 1125 Nam
646 1069 763 1121 dicendo
780 1074 879 1122 vetitas
897 1073 1021 1124 ostendit
1036 1072 1119 1125 fitius
1132 1074 1188 1141 [uon

168 1138 289 1204 vetitos]‚
312 1145 344 1188 ut
368 1145 409 1190 est
431 1137 503 1207 apud
525 1136 619 1189 Persas
633 1137 788 1206 hodieque.
821 1134 912 1207 [Unde
929 1139 1058 1191 Catullus
1075 1139 1138 1208 (89.)
1157 1140 1189 1192 ait

168 1207 204 1259 de
227 1205 472 1259 concumbentibus
496 1220 561 1256 cum
583 1213 673 1257 matre
696 1205 800 1258 Persis:
833 1207 909 1258 Nam
934 1226 1041 1276 magus
1067 1221 1148 1259 matre
1168 1218 1188 1258 et

190 1286 257 1326 nato
281 1276 419 1342 gignatur
445 1285 564 1341 oportet;
588 1273 622 1324 Si
644 1290 710 1324 vera
733 1287 774 1329 est
791 1274 941 1328 Persarum
960 1272 1053 1344 impia
1073 1272 1189 1344 relligio]
1221 1313 1222 1320 .

168 1293 248 1396 finde
264 1342 386 1394 Donatus
402 1343 476 1393 mule
492 1342 545 1406 ait,
570 1354 673 1393 natura
692 1353 717 1403 et
740 1343 850 1409 legibus
873 1347 974 1397 vetitos
990 1346 1084 1413 (codd.
1102 1345 1188 1405 sotim

166 1411 261 1463 Guelf.
273 1412 293 1463 1.
307 1410 422 1473 vetitos).
434 1437 468 1473 r-
501 1411 564 1467 624.
580 1410 653 1461 Ausi
670 1418 848 1474 munerata:
864 1413 920 1465 illic
937 1422 1003 1464 sunt
1021 1423 1051 1465 et
1068 1414 1115 1484 qui
1128 1414 1186 1467 tere
1224 1422 1226 1429 '

168 1487 235 1531 runt
251 1487 279 1532 et
296 1478 344 1547 qui
360 1479 453 1530 conati
468 1485 538 1530 sunt.
571 1476 646 1528 Dicit
661 1485 755 1529 autem
766 1481 917 1532 secundum
930 1480 1096 1533 Romamun
1108 1482 1187 1544 sitm

168 1547 199 1600 in
216 1563 271 1616 quo
287 1552 468 1600 nou'tautum
485 1545 570 1598 exitus
587 1547 708 1612 punitur,
724 1546 772 1602 sed
789 1556 817 1600 et
833 1548 965 1601 voluntas.
983 1542 1020 1588 -’-
1055 1557 1117 1610 025.
1133 1548 1186 1601 Noa

94 1658 102 1667 ,
170 1616 243 1668 milti
272 1622 338 1676 etat
368 1614 609 1675 Lucretiitersus
638 1614 759 1665 sublatus
789 1615 865 1679 (Vos.
889 1617 934 1669 ste
955 1618 982 1670 h.
1016 1619 1137 1683 sublati)
1160 1617 1186 1668 dt

167 1685 289 1736 Homero
306 1681 348 1752 [ἐν
364 1680 403 1750 τῷ
419 1689 445 1736 Β
461 1678 570 1738 Iltaidos
587 1682 683 1748 (489·):
701 1676 764 1735 old
780 1680 807 1736 εἰ
821 1702 845 1739 tt.
863 1704 888 1740 τ.
906 1636 953 1752 bs
961 1686 1011 1739 sed
1028 1685 1099 1755 [ille]
1114 1687 1186 1737 Aeru

138 1800 141 1805 ,
165 1770 223 1805 voa
247 1753 328 1803 airis.
345 1779 379 1789 -
421 1748 483 1810 626.
506 1750 644 1802 Scelerum
669 1753 861 1818 comprendere
879 1754 996 1824 formas
1004 1779 1014 1818 ,·
1040 1763 1072 1805 ut
1091 1751 1187 1821 (stult

166 1821 223 1872 Aut
235 1838 306 1886 quae
318 1819 416 1888 forma
429 1822 508 1871 ciros
520 1820 676 1888 fortunave
689 1823 793 1872 mersit.
807 1849 843 1859 —
877 1828 938 1881 629.
957 1821 1065 1891 Perfice
1081 1839 1185 1885 atienae,¹

165 1890 220 1942 hoc
238 1897 278 1941 est
293 1889 404 1940 ramtmi
420 1889 515 1940 redde.
549 1888 622 1939 Nam
639 1902 722 1960 supra
738 1888 777 1940 ait
794 1889 889 1956 (142.):
911 1889 973 1941 Hoc
999 1891 1060 1942 sibi
1083 1888 1187 1960 pulchra

166 1974 251 2009 suum
277 1957 356 2025 ferri
379 1956 547 2024 Proserpina
579 1973 685 2006 munus
716 1959 850 2008 instituit.
875 1984 910 1995 -
959 1964 1025 2017 630.
1051 1960 1187 2027 Cyclopum

165 2027 266 2078 educta
286 2026 424 2090 camiais;
449 2025 561 2077 hoc'est
577 2040 688 2091 magna.
723 2026 764 2077 Ita
781 2026 856 2078 enim
873 2018 1022 2079 cuiuslibet
1036 2031 1081 2080 rei
1098 2026 1187 2096 magui

167 2095 293 2145 tudinem
310 2092 515 2161 significabant:
533 2092 602 2145 adeo
620 2100 651 2143 ut
667 2093 766 2145 Statius
782 2094 880 2160 (Theb.
898 2099 930 2159 1,
944 2095 1021 2156 630.)
1038 2097 1187 2165 Argivonm

169 2177 264 2213 muros
287 2162 323 2213 ab
346 2163 410 2232 ipsis
434 2162 506 2212 dicat
536 2161 594 2213 esse
625 2164 769 2227 periectos.
792 2190 826 2201 -
873 2169 934 2220 631.
958 2160 1096 2229 Farar'cc;
1128 2180 1186 2217 arcu

167 2231 267 2281 Cicero
293 2230 340 2295 (in
366 2233 440 2285 Verr.
467 2236 497 2294 1,
514 2230 563 2290 7.):
592 2229 670 2280 Videt
695 2231 739 2298 (al.
762 2230 854 2293 Vidit)
879 2232 915 2281 ad
941 2235 1036 2298 ipsunt
1056 2235 1185 2301 fornicem

168 2299 336 2349 Fabianum.
360 2325 393 2335 -
434 2300 496 2355 fist.
520 2299 686 2363 corripiunt
708 2302 829 2365 spatium
838 2323 847 2363 ‚-
873 2304 975 2368 raptim
1002 2304 1125 2371 spatium
1140 2318 1186 2372 per·

168 2374 262 2436 agtmt.
279 2394 313 2404 -
347 2372 408 2424 635.
429 2367 555 2433 Occupat
569 2368 676 2417 Aeneas
694 2369 818 2430 aditum
835 2369 989 2434 ingreditur
1007 2371 1103 2437 [sic]ut
1119 2384 1184 2440 supra

168 2435 264 2503 (424.)
294 2435 418 2486 diximus.
460 2433 593 2499 Recenti;
623 2451 733 2502 semper
763 2437 868 2488 fluenti.
911 2437 986 2487 Dixit
1010 2440 1065 2488 hoc
1091 2447 1185 2510 propter

166 2505 297 2576 paludem
311 2501 429 2570 Stygem.
442 2527 476 2539 -
510 2509 571 2562 636.
590 2503 703 2570 Spargit
716 2522 791 2571 aqua
797 2530 806 2570 ,·
825 2514 923 2574 purgat
940 2522 975 2557 se.
1014 2508 1090 2558 Nam
1107 2507 1185 2577 impia·

127 2616 131 2631 „
166 2582 209 2623 tus
227 2573 270 2638 (al.
290 2571 472 2638 inquinatus)
488 2573 580 2623 iuerat
596 2571 659 2639 [vel]
677 2581 787 2641 aspectu
805 2574 929 2624 Tartari:
953 2575 1009 2641 [vel
1031 2578 1130 2628 ariditu
1143 2592 1185 2626 sce

164 2643 257 2693 lerum
281 2649 363 2708 atque
392 2639 579 2708 poenarum3]
608 2647 636 2692 et
660 2644 782 2708 spargit,
814 2641 879 2710 quia
906 2659 935 2693 se
964 2643 1064 2695 inseris
1097 2649 1184 2715 purgat

165 2710 251 2778 [Nam
274 2708 378 2778 superis
400 2708 572 2759 immolaturi
595 2724 693 2778 corpus
717 2711 844 2774 abluunt,
873 2718 903 2759 ut
925 2728 1009 2780 supra
1040 2712 1183 2779 (2‚719.)1

167 2777 269 2829 Donec
285 2795 326 2827 me
336 2777 461 2844 flumine
480 2777 691 2842 vivoabluero]
705 2806 739 2814 -—
772 2784 833 2836 038.
853 2778 974 2829 Amoeaa
989 2783 1098 2845 vireta5
1115 2785 1183 2831 urcu-

167 2849 220 2898 tia:
238 2854 265 2898 et
280 2854 321 2898 est
334 2846 397 2896 satis
411 2845 607 2914 usurpativum.
642 2846 764 2897 Amoena
778 2855 871 2898 eutem
886 2864 955 2914 qliae
969 2850 1063 2898 solum
1076 2862 1182 2903 amorem

167 2922 322 2985 praestant:
338 2914 394 2978 vel,
411 2922 441 2963 ut
458 2930 541 2982 supra
559 2918 602 2985 (5,
619 2914 691 2975 734.)
709 2916 833 2979 diximus,
851 2916 926 2982 quasi
944 2920 1076 2981 amunia,
1092 2919 1141 2969 hoc
1154 2921 1183 2968 est

166 2984 228 3034 sine
249 2984 356 3047 fructu,
379 2989 410 3031 ut
432 2983 520 3033 Varro
546 2988 574 3032 et
597 2983 754 3034 Carminius
777 2984 883 3035 docent.
924 2985 1029 3035 alludit
1051 2982 1182 3038 autemid

166 3051 267 3102 insulas
290 3052 452 3103 fortunatas.
486 3050 559 3100 Nam
584 3059 611 3101 et
627 3052 751 3118 sequenti
775 3053 827 3102 hoc
845 3051 947 3103 indicat
963 3069 1054 3105 versu.
1074 3081 1106 3091 -—
1136 3057 1183 3110 640.

167 3117 293 3187 Largior
310 3126 376 3181 etc.;
400 3134 456 3169 non
475 3132 569 3170 nostro
589 3121 713 3185 largior:
735 3121 783 3172 secl
801 3137 883 3187 qttain
907 3128 946 3171 est
971 3122 1000 3172 in
1020 3132 1114 3174 cetera
1128 3122 1182 3172 inic-

166 3204 263 3238 rorum
281 3194 368 3254 parte.
403 3187 458 3236 Aut
472 3203 503 3238 re
520 3204 584 3238 vera
602 3189 726 3253 largior,
750 3189 772 3239 si
797 3189 935 3239 Lunarem
959 3190 1091 3258 intelligis
1113 3193 1183 3241 circu·

166 3256 234 3308 lum.
268 3256 342 3307 Nam
363 3262 393 3304 ut
416 3270 500 3321 supra
525 3261 572 3320 (5,
588 3256 667 3318 735.)
686 3257 814 3322 diximus⁷
839 3257 929 3326 campi
947 3258 1033 3324 Elysii
1059 3268 1106 3310 aut
1127 3254 1183 3328 apud

166 3325 270 3376 inferos
297 3325 372 3388 sunt,
402 3330 450 3375 aut
474 3323 503 3374 in
528 3324 622 3375 insulis
644 3325 804 3390 fortunatis,
834 3334 881 3374 aut
904 3328 933 3377 iu
958 3326 1068 3378 Lunari
1091 3326 1184 3378 circilo.

167 3393 295 3459 Lucanus
319 3391 455 3457 (9,11.):
479 3392 544 3441 Illic
561 3404 709 3459 postquam
733 3396 885 3445 salamine
911 3412 974 3445 uero
995 3394 1041 3459 (al.
1061 3396 1132 3457 vivo)
1149 3394 1183 3442 It·

169 3462 238 3510 duit.
274 3462 420 3527 [Homerus
438 3476 551 3525 campos
569 3462 672 3527 Elysios
697 3463 731 3514 ad
748 3462 855 3515 'insulas
873 3464 1025 3514 fortunatas
1045 3483 1105 3518 esse
1121 3471 1185 3516 testa·

168 3536 213 3578 tur
231 3528 275 3578 hic
292 3528 413 3579 versibus
431 3527 493 3593 (Od.
508 3525 532 3593 ὃ,
543 3531 628 3591 563.);
644 3524 729 3585 Ἀλλά
747 3527 769 3583 c’
787 3530 813 3583 ἐς
831 3524 957 3584 ’Iliictcr
975 3529 1073 3585 aridior
1087 3554 1110 3588 κ.
1124 3554 1148 3589 a.
1159 3528 1186 3594 b]

167 3597 310 3660 Solemque
328 3614 428 3661 suum5
446 3596 498 3647 sibi
516 3613 684 3663 congruum:
703 3610 732 3650 ut
746 3601 791 3668 (G.
805 3605 830 3664 4,
846 3602 931 3662 lulli:
948 3600 1106 3671 Fessosque
1119 3612 1190 3668 sopor

168 3683 240 3715 suus
267 3679 382 3729 occupat
407 3677 495 3715 artus.
514 3678 565 3702 -’
583 3670 645 3722 642,
666 3667 834 3729 Palaestris;
857 3669 1062 3723 luctationibus.
1097 3672 1188 3723 Graece

169 3734 249 3796 dirit3
266 3737 343 3801 [nam
361 3731 494 3798 aululae,
514 3732 610 3784 luctari
627 3736 722 3788 dicunt
740 3738 855 3798 Gracci3
873 3739 944 3789 unde
958 3736 1059 3806 adim]
1075 3769 1107 3779 -
1140 3744 1189 3800 643.

169 3803 346 3854 contendunt
365 3805 448 3867 Iuda,·
467 3804 550 3871 [inter
568 3818 597 3852 se
613 3802 707 3870 ludo,]
724 3823 779 3858 non
799 3806 869 3856 adio.
906 3807 1047 3873 ctorem,-
1076 3830 1102 3862 re
1119 3807 1191 3865 corri-

168 3871 230 3938 puit
247 3880 359 3940 propter
377 3881 506 3923 metrum.
541 3869 613 3920 Alibi
631 3874 670 3929 eit
686 3875 837 3926 secundtun
855 3883 998 3928 naturam:
1017 3888 1050 3927 ut
1069 3877 1192 3945 (9‚515.):

169 3940 253 3989 Iuvat
272 3941 416 4005 indulgere
435 3941 551 3992 choreis.
587 3939 662 4007 Ergo
681 3952 728 3992 aut
745 3943 868 4010 Systolen
884 3946 964 4010 fecit,
983 3955 1032 3996 aut
1051 3947 1192 4001 Antithesis

170 4010 181 4058 i
200 4023 250 4076 pro
268 4025 281 4057 e
298 4024 418 4076 ponens,
435 4010 477 4077 [ut
494 4025 544 4080 pro
562 4013 655 4079 χορεία
672 4012 762 4084 posuit
778 4011 881 4082 papia]
915 4015 988 4067 Nam
1007 4015 1150 4075 Graccum
1165 4022 1194 4069 etl
