2454 4500
109 283 148 328 a
167 259 331 349 naara.
353 258 527 329 arana
548 258 631 326 ua.
652 259 680 341 1,
702 264 899 335 roa-raa
963 261 1026 333 ιω
1048 216 1051 223 ’

54 455 150 512 eatan
174 454 206 500 ut
222 445 283 514 ipse
300 444 367 500 alibi
384 449 426 511 (8,
443 444 531 510 176.):
555 442 763 513 Gramineoqne
780 445 858 496 viros
877 443 950 497 locat
968 444 1028 510 ipse

54 521 81 573 li.
114 518 152 568 Et
168 521 204 585 (7,
222 515 307 578 176.):
326 514 469 585 Perpetuis
487 516 567 566 soliti
583 527 676 580 patres
695 515 838 567 considere
856 512 980 574 mensis.)
994 537 1029 550 ·-
1060 572 1066 580 Ι

67 585 216 640 Mirantur
241 586 316 636 dona
340 584 461 653 Aeneae,
486 586 629 639 usitantur
652 583 765 649 laium,-
795 582 848 632 hoc
874 580 1029 651 adfl'yrios

54 657 103 708 dit.
151 653 317 722 [Mirantur
341 654 453 715 Iulian,
484 670 568 722 quem
598 652 733 724 putabant
754 649 870 718 lulium]
892 676 927 688 -
967 656 1029 706 710.

54 736 210 792 partesque
229 725 276 776 dei
292 723 571 792 vultus;'[ardentes
594 719 754 785 divinitate]
788 721 846 770 Hoc
863 719 899 771 ad
916 723 1029 786 politam

54 803 118 845 run.
152 793 347 859 simulataque
364 794 463 856 verba,
482 791 634 861 composita
650 790 680 844 in
692 788 800 843 Ascanii
814 789 1029 840 similitudinem.

54 863 102 918 hoc
126 877 159 914 ex
182 877 302 932 persona
324 866 422 930 poetae
447 860 639 930 accipiendum
663 866 711 910 est.
728 884 763 901 ·-
797 864 859 919 712.
879 856 1029 925 Praecipue

54 934 112 996 elix,
139 939 254 1001 proptor
279 946 374 982 casum
397 931 538 991 futrurun,
569 936 599 980 ut
623 928 744 996 probant
767 927 924 996 sequentia:
956 927 1030 977 Pessi

54 1014 90 1053 ata
102 999 231 1069 saturae.
251 999 350 1119 «imm
375 1014 442 1067 ergo
467 998 575 1059 inlelix3
598 999 670 1064 pesti
687 1005 780 1049 autem
798 996 840 1052 vel
862 996 967 1064 arnori,
988 995 1032 1048 vel

55 1085 77 1124 ο.
117 1068 227 1121 Devata
269 1083 317 1120 ero
341 1067 375 1122 de
401 1068 527 1122 oratione
551 1067 665 1134 dugenti
694 1065 828 1124 translata
853 1073 893 1119 est
920 1064 1031 1131 locutio,

54 1155 79 1192 m
99 1136 198 1191 habuit
220 1137 251 1188 in
267 1134 424 1191 laudatione
441 1137 547 1190 funeris
563 1135 704 1200 Marcelli,
727 1150 792 1189 cum
810 1133 929 1200 diceret,
951 1134 1030 1189 illum

54 1215 160 1264 natiuae
178 1205 265 1259 morti
282 1205 411 1261 devotum
434 1204 538 1270 inissa]
554 1232 590 1245 --
624 1210 686 1266 713.
703 1203 820 1272 Expleri
844 1216 961 1259 mensem
987 1219 1030 1252 ne·
1058 1237 1060 1245 .

54 1288 75 1340 t,-
99 1275 208 1338 Graeca
225 1273 316 1342 figura
334 1282 381 1327 est.
418 1273 551 1339 Taenia,-
575 1273 643 1330 dum
660 1275 788 1341 [tuetur,
805 1272 823 1324 i.
840 1270 877 1337 e.]
900 1273 1030 1326 intuetur.

54 1344 139 1397 omnis
156 1342 286 1412 gerundii
303 1344 398 1411 (codd.
414 1343 554 1412 gerundi)
579 1343 677 1396 modus
693 1349 753 1396 tam
770 1342 806 1393 ab
823 1361 839 1394 a
861 1343 930 1399 entis
948 1357 1051 1411 quam.

54 1415 166 1465 attentis
190 1412 394 1483 significatione
417 1412 544 1464 similiter
568 1413 718 1480 profertur.
760 1411 797 1465 Ut
817 1358 875 1478 (ἱ.
900 1419 932 1475 3,
961 1408 1032 1476 25.);

53 1483 142 1537 amado
170 1495 201 1534 tu
228 1483 328 1547 iliam,
350 1481 368 1532 i.
394 1500 417 1534 e.
442 1482 511 1537 dum
535 1488 639 1537 cantas.
681 1481 718 1535 Et
741 1480 790 1546 (al.
807 1480 873 1542 eod)
897 1479 1032 1547 (a,71·):

53 1553 130 1618 gidus
155 1553 187 1605 iu
211 1553 303 1618 pratis
328 1551 469 1604 cantando
497 1552 639 1618 rumpitur
668 1551 790 1615 anguis,
812 1549 830 1602 i.
855 1567 893 1615 e.,
917 1549 984 1601 dum
1008 1547 1048 1600 ei·

53 1629 128 1673 atur.
144 1647 181 1660 -·
215 1623 277 1676 714.
295 1619 347 1672 Ille
367 1622 433 1684 ubi,
452 1627 608 1688 postquam,
625 1616 656 1673 ia
671 1618 799 1670 Horatius
818 1618 920 1684 (Carra.
937 1620 964 1684 4,
981 1614 1033 1679 7.):

53 1691 124 1745 rabi
142 1689 309 1742 decidimus.
344 1689 403 1743 Hoc
421 1696 462 1741 est
478 1698 634 1758 postquam.
668 1686 742 1737 Nam
758 1685 781 1736 si
796 1684 852 1736 loci
869 1695 954 1752 esset,
978 1703 1032 1756 qus

53 1766 108 1812 eret.
141 1759 219 1826 Ergo
245 1757 296 1808 abi
320 1757 462 1810 interdum
479 1757 641 1812 adverbium
658 1755 712 1808 loci
730 1761 784 1819 est,
808 1755 948 1806 interdum
965 1763 1032 1808 tem·

53 1830 79 1879 is.
94 1853 129 1865 -
163 1825 278 1889 716.·Et
296 1843 448 1896 maguum5
471 1826 599 1881 arduum.
635 1822 754 1876 Difficile
777 1830 818 1879 est
835 1824 911 1878 enim
928 1824 1034 1876 imitari

53 1913 93 1950 im
108 1895 160 1950 filii
176 1897 318 1953 affectum.
353 1895 445 1963 [Falsi
462 1897 619 1963 genitoris,
636 1908 693 1947 non
711 1890 784 1958 veri,
800 1908 852 1964 pro
870 1908 902 1945 eo
920 1892 968 1963 qui
985 1892 1035 1947 fal·

53 1974 122 2032 stru,
143 1973 175 2018 ut
190 1965 237 2030 sit,
260 1965 387 2032 implavit
404 1980 533 2022 amorem
551 1965 609 2017 eius
627 1978 712 2042 quem
729 1960 888 2028 decipiebat
903 1962 1035 2015 simulan-

65 2050 130 2091 eum
148 2050 206 2087 csse
223 2041 334 2105 patrem
351 2049 447 2098 aurun,
464 2042 492 2087 et
509 2041 550 2089 est
567 2047 655 2101 magis
673 2029 831 2084 absolutum
848 2031 1035 2101 participium,

53 2103 143 2156 aillic
165 2118 267 2155 nomen
295 2110 336 2154 est
359 2107 403 2168 (3,
420 2105 508 2166 302.):
532 2101 613 2156 Falsi
630 2100 782 2152 Simoentis
801 2101 838 2154 ad
858 2098 983 2169 andan]
1000 2128 1058 2140 --
1103 2117 1105 2121 ·

54 2210 60 2223 .
82 2171 223 2239 Reginam
247 2174 331 2239 petit,-
360 2186 417 2223 non
442 2171 604 2240 simpliciter
628 2169 695 2221 dixit
716 2169 795 2249 petit.
833 2169 908 2226 Nam
939 2182 1037 2236 petere,

53 2240 172 2295 asolaa
187 2240 279 2306 adire,
303 2238 465 2306 sedetiam]
484 2249 524 2294 est
540 2239 652 2309 proprie
670 2238 853 2292 insidiari-
887 2245 948 2297 718.
969 2237 1036 2291 Gre-

53 2329 57 2357 ι
69 2309 167 2379 fovet5
191 2310 319 2362 sustinet:
344 2316 375 2359 ut
392 2309 490 2374 (092.):
514 2308 548 2362 Et
560 2310 657 2376 fatam
675 2312 791 2380 gremio.
812 2333 845 2345 —
880 2316 942 2370 719.
961 2308 1036 2362 Insi-
1101 2320 1104 2325 '
1144 2352 1152 2367 s

54 2391 79 2443 t,·
103 2379 145 2446 [in
161 2378 224 2433 sinu
239 2376 355 2443 sedeat‚]
376 2377 480 2444 legitur
498 2376 616 2446 [umen]
641 2385 669 2427 et
691 2376 792 2427 insidat
809 2373 843 2442 [i.
863 2395 901 2443 a,
922 2384 954 2427 ut
977 2377 1037 2445 qui·

53 2464 66 2499 a
88 2449 198 2512 volunt,
221 2446 335 2499 insidias
356 2445 467 2511 iaciat]
506 2447 540 2501 At
565 2461 669 2500 memor
693 2446 741 2499 ille
764 2442 886 2510 Matris3
920 2445 973 2497 hoo
996 2451 1040 2497 ast

54 2525 216 2583 ereptorum
239 2515 344 2568 matris.
361 2542 396 2558 -ψ
430 2520 493 2574 720.
518 2515 680 2577 Acidaliae,-
706 2513 836 2565 Aeidalia
855 2515 946 2566 Venus
970 2513 1038 2568 dici·

54 2604 61 2636 ε
77 2585 119 2640 vel
135 2584 307 2654 q¹1iainiicit
324 2599 418 2648 eruas,
442 2600 509 2651 quas
527 2584 629 2639 Graeci
653 2579 748 2639 dardos
765 2584 872 2652 dican,
896 2582 937 2634 vel
961 2590 1036 2637 certe

53 2653 279 2721 bnte,Acidali0,
308 2652 355 2721 qui
379 2660 420 2707 est
443 2653 473 2705 in
496 2653 674 2733 Oroporneno
697 2653 829 2705 Boeotiae
853 2652 975 2705 civitate:
1005 2651 1037 2703 in

52 2741 57 2770 s
77 2739 107 2774 se
131 2721 245 2776 Gratiae
269 2721 386 2777 abluunt
409 2722 453 2787 (al.
477 2722 602 2787 lavant),
635 2738 702 2790 quas
724 2721 825 2775 Veneri
849 2727 957 2774 constat
980 2736 1039 2771 esse

52 2799 130 2845 ratas.
164 2791 251 2862 Ipsius
269 2791 347 2843 enim
364 2798 392 2842 et
408 2790 504 2845 Liberi
521 2791 594 2846 filiae
612 2799 688 2855 suat,
711 2807 763 2846 nec
779 2789 929 2845 immerito.
966 2787 1039 2841 Gra·

52 2860 153 2913 renim
204 2860 339 2915 rhorurn
354 2859 415 2911 iere
438 2859 586 2914 numinum
608 2874 726 2911 manresa
748 2857 938 2910 conciliantur.
972 2857 1039 2909 Ideo

54 2945 98 2982 em
121 2946 161 2982 nn
183 2946 215 2981 ae
238 2935 315 2993 sunt,
340 2928 414 3004 quqd
441 2928 547 2996 gratiae
571 2928 632 2981 sina
654 2929 718 2980 fuco
744 2943 801 2980 esse
825 2926 933 2980 debent
972 2926 1039 2979 Ideo

52 3015 163 3054 inexesa
187 2997 252 3066 quia
276 2995 433 3047 insolubiles
457 3013 515 3052 essa
539 2996 643 3065 gratias
666 2996 752 3050 decet,
786 2995 915 3047 Horatius
933 2995 1037 3067 (Carsu.

56 3066 124 3130 21.):
147 3065 303 3134 segnesque
327 3065 432 3120 nodum
456 3065 500 3133 (al.
525 3063 644 3127 nudum)
669 3063 774 3115 solvere
794 3063 919 3118 Gratiae.
960 3063 1041 3135 Quod

52 3151 71 3185 ὀ
88 3152 144 3188 una
156 3150 255 3188 aversa
271 3133 409 3204 pingitur,
434 3134 504 3186 duae
522 3149 572 3186 nos
588 3132 780 3202 respicientes,
802 3133 872 3188 haec
894 3134 966 3188 ratio
986 3128 1040 3186 es't:

52 3204 72 3258 ia
87 3205 210 3273 profecta
234 3220 251 3254 a
268 3202 348 3255 nobis
374 3202 479 3269 gratia,
501 3202 600 3272 duplex
617 3203 687 3257 solet
702 3202 817 3266 reverti;
841 3201 915 3254 unde
941 3209 981 3254 est
997 3216 1041 3255 su·
1095 3216 1102 3227 ¹

52 3290 60 3323 ι
82 3272 186 3340 (548.);
213 3271 271 3327 Nec
296 3283 321 3323 te
347 3283 465 3324 certasse
489 3273 612 3336 priorem
638 3270 787 3325 Paeniteat.
828 3269 1064 3338 [Sana.Veneri·

52 3341 94 3393 lta
112 3340 234 3393 nomina
256 3355 308 3411 pro
324 3338 392 3392 locis
409 3339 450 3391 vel
467 3339 554 3392 causis
572 3340 701 3395 dicuntur
724 3340 861 3405 imposita.
897 3339 970 3391 Nam
992 3339 1040 3391 Ve-

52 3427 99 3463 rem
121 3410 216 3462 vacui
239 3408 352 3477 quidam
375 3415 496 3527 propter
526 3416 686 3476 promptam
717 3408 826 3462 veniam
856 3406 965 3471 dicunt3
994 3407 1043 3460 alii

52 3481 130 3531 edam
147 3477 301 3551 appellant,
319 3490 373 3544 quo
409 3477 469 3543 ipsa
485 3477 642 3544 conciliatio
659 3477 748 3529 Suada
764 3476 814 3526 sit:
839 3475 938 3529 dicitur
955 3479 1041 3529 etiam

52 3565 159 3615 repuens
188 3547 297 3612 Venus,
321 3562 405 3613 quam
429 3545 529 3596 Fabius
553 3546 660 3614 Gurges
684 3554 746 3616 post
769 3553 914 3617 peractum
937 3544 1043 3599 bellurn

52 3618 203 3683 nuiticum,
219 3615 282 3666 ideo
299 3615 352 3665 hoc
370 3614 482 3666 nomine
501 3615 684 3678 consecravit,
701 3616 775 3684 quod
791 3614 846 3666 sibi
859 3614 949 3667 fuerit
964 3615 1041 3667 obse·

52 3702 85 3748 ’ἢ
117 3685 191 3741 hano
214 3683 275 3749 Itali
300 3682 458 3735 Postvoram
483 3684 594 3745 dicunt3
624 3684 697 3736 dicta
720 3692 761 3734 est
788 3683 874 3736 etiarn
896 3682 1042 3750 Equestris

52 3772 122 3820 aas,
145 3754 219 3808 dicta
242 3760 271 3804 et
296 3752 449 3817 cloacina,
478 3752 543 3818 quia
565 3761 672 3806 veteres
696 3751 796 3803 Cloare
821 3768 945 3822 pugnare
969 3754 1044 3804 dire·

52 3832 86 3885 rt;
111 3821 216 3878 dicitur
237 3821 394 3888 etMyrica
419 3828 449 3873 et
470 3820 597 3888 Myrtea,
621 3829 650 3875 et
667 3819 840 3889 Purpurissa
865 3828 893 3873 et
908 3821 1044 3888 Erycina,

52 3911 92 3947 un
116 3893 223 3945 Aeneas
245 3907 340 3942 secum
363 3888 482 3941 advexit:
505 3890 606 3943 dicitur
630 3897 659 3941 et
682 3889 812 3955 Salacia,
837 3906 908 3957 quae
931 3891 1044 3960 proprie

53 3960 194 4016 satricum
207 3958 266 4012 Dea
290 3958 426 4030 appellata
449 3967 492 4012 est
514 3976 531 4011 a
554 3959 707 4024 veteribus,
730 3968 759 4013 et
774 3958 952 4027 Lubentina,
974 3976 1045 4026 quae

51 4031 158 4086 entiam
173 4029 312 4084 rantibus
328 4042 430 4081 novam
452 4036 590 4100 praestat,
613 4027 736 4098 quamvis
759 4029 808 4083 alii
831 4029 904 4083 hanc
921 4026 1045 4080 Lubiam

478 4141 484 4172 1
