2454 4500
148 264 208 339 aa
402 244 548 365 servu
569 244 922 369 conumrnnms

148 453 185 506 Et
201 450 271 504 scire
289 449 435 513 debemus,
453 441 602 518 prudenter
618 450 730 520 po'e'tanr
746 461 798 520 pro
822 446 925 514 causis,
949 445 993 503 vel
1009 447 1121 504 tendere
1143 446 1176 492 ‘f's

125 538 127 545 ·
147 523 289 590 corripere
312 519 480 570 orationem:
504 525 535 568 ut
557 517 610 569 hoc
633 518 694 568 loco
718 516 936 587 periclitantibus
960 517 1103 585 Troianis,

148 591 290 643 celeritate
314 588 379 640 dicit
402 601 459 638 esse
489 586 658 638 subventum.
708 589 812 638 Contra
842 587 872 637 in
896 586 994 654 quinto
1017 588 1107 654 libro,
1123 590 1173 632 ἰι

148 659 256 712 nullum
279 655 432 728 periculum
456 662 513 718 est,
535 654 616 705 Istius
641 654 772 706 describit
795 653 952 724 placentem
968 657 1061 708 maria
1083 657 1123 715 Ne

147 745 224 781 num.
258 727 329 778 Item
344 725 376 775 in
392 723 513 774 seeundo
530 722 602 774 libro
620 721 719 789 (322·):
738 724 870 791 quonism
882 723 1013 777 imminet
1024 727 1102 794 peric
1141 747 1152 767 ⁸·

147 812 204 847 uno
222 811 299 846 versu
316 794 366 846 ait:
391 791 453 859 Quo
474 809 517 841 res
535 808 645 842 summa
671 792 730 842 loco
751 784 884 841 Panthu?
909 808 994 859 quam
1019 795 1120 861 prendi
1151 826 1152 829 =

148 863 315 918 arcem?-
350 863 410 917 147.
429 859 586 910 Periclitor
601 861 714 925 ›undas5
740 858 832 928 figura
849 867 898 912 es't.
943 860 1025 929 Quod
1042 863 1120 915 enim
1140 867 1168 906 ω’

147 935 230 984 modo
255 931 371 982 dicimus
395 946 445 999 per
476 925 710 998 praepositionem
735 929 845 980 nomini
868 928 1030 998 copulatam
1054 948 1131 1000 sequ
1157 931 1173 965 Ψ

148 1001 237 1071 (codd.
260 1000 354 1048 Burm.
379 997 521 1064 sequenti)
539 997 641 1060 verbo,
664 996 770 1064 antiqui
787 1013 866 1050 verso
884 997 982 1050 ordine
1006 998 1171 1071 praepos'i'
1218 1012 1223 1017 '

150 1088 218 1123 nem
236 1068 390 1119 detractam
406 1066 529 1130 nomini,
545 1065 704 1132 iungebant,
714 1065 808 1131 verbo,
818 1067 865 1117 ita
882 1073 977 1120 tamen
995 1075 1027 1117 ut
1044 1076 1117 1121 esset
1139 1085 1156 1110 ὐ
1175 1065 1177 1072 ’

167 1155 211 1190 ars
230 1135 377 1199 orationis,
401 1142 429 1184 et
448 1134 588 1185 faciebant
604 1134 749 1186 honestam
767 1133 961 1186 elocutionem.
995 1136 1054 1187 Nos
1071 1136 1124 1193 di‘
1171 1195 1172 1198 ¹
1202 1131 1223 1161 ⁵

147 1158 199 1259 l³er
224 1205 316 1257 undas
343 1204 463 1254 labitur:
487 1201 528 1253 illi
551 1199 681 1254 dicebant
699 1202 859 1254 Perlnbitur
885 1203 986 1254 undas.
1031 1205 1121 1270 Item,
1204 1201 1223 1235 ἶ

77 1296 79 1301 ·
143 1275 245 1346 forum
265 1288 347 1324 curro
367 1279 539 1336 et-percurro
552 1271 677 1340 forum„
699 1271 860 1323 Notandum
877 1272 958 1391 plane
973 1273 1049 1340 quod
1066 1275 1111 1344 ple
1134 1295 1184 1318 ww
1220 1272 1223 1277 ’

148 1362 202 1413 que
220 1340 403 1394 accusativum
419 1339 493 1408 regit
509 1355 611 1405 casum,
627 1339 790 1409 plerumque
809 1341 845 1392 ad
862 1354 877 1391 a
899 1340 1014 1392 laticum
1031 1344 1139 1397 transit.

146 1419 209 1470 148.
226 1411 264 1473 Ac
282 1409 491 1476 veluti·magno
511 1411 542 1458 in
559 1411 680 1476 populo,·
705 1407 835 1476 Virgilius
853 1406 954 1476 (Guelf.
971 1410 1004 1461 11.
1024 1413 1079 1462 iste
1097 1411 1184 1463 Gu
1206 1412 1209 1440 ³

147 1482 168 1533 Ι,
189 1483 207 1530 ἱ.
220 1497 260 1543 e„
275 1492 327 1548 pro
356 1476 424 1538 Vir.)
450 1480 608 1546 tempestati
639 1476 733 1546 populi
754 1485 863 1527 motum
887 1487 1040 1548 comparat.
1210 1483 1223 1505 ²

52 1590 60 1595 .
146 1549 471 1621 popidotempestatem,
494 1560 544 1626 pro
563 1545 670 1596 Milone
687 1542 738 1612 (2):
762 1545 900 1613 Equidem
920 1559 1024 1599 ceteras
1043 1560 1131 1617 tempe
1180 1541 1189 1601 .'
1206 1552 1223 1599 ‚l-

147 1632 187 1669 tes
206 1624 231 1666 et
249 1612 386 1681 procellas
406 1615 437 1664 in
457 1610 519 1665 illis
538 1613 686 1663 dumtaxat
735 1616 1045 1667 tectibusconcionum.
1084 1620 1143 1685 (Ita
1180 1631 1222 1669 t·

147 1688 285 1740 Homerus
309 1682 436 1742 seditioni
458 1688 652 1766 tempestatem
677 1687 687 1749 (
715 1683 876 1751 .β,144.);
900 1681 1015 1752 Κινὴθη
1040 1680 1068 1738 δ’
1212 1693 1222 1703 ”

147 1751 183 1807 oie
200 1750 308 1820 κύματα
331 1747 425 1820 μακροὶ
444 1748 604 1818 deinceps.)
638 1751 704 1802 Ideo
728 1759 824 1803 autem
840 1751 950 1820 Magno
976 1755 1101 1822 addidit,
1130 1735 1196 1814 udl-
1220 1792 1222 1796 Α

147 1824 196 1875 ubi
221 1824 352 1890 frequens
376 1827 417 1873 est
440 1820 570 1891 populus,
593 1819 635 1870 ibi
659 1828 688 1872 et
711 1819 812 1872 crebra
836 1817 942 1874 seditio.
968 1824 1032 1889 '(Et
1055 1824 1129 1889 (cod.
1210 1829 1222 1864 '-·

146 1892 262 1961 quidam
278 1891 413 1957 populum
437 1897 526 1939 totam
543 1885 698 1953 civitatem,
722 1889 840 1957 vulgum
857 1905 922 1941 vero
945 1890 1060 1960 plebem
1085 1909 1123 1955 sis,
1136 1922 1141 1937 ·
1154 1913 1165 1934 ··
1177 1903 1194 1944 ,τ

145 1961 205 2012 cari
221 1958 336 2031 purant.)
370 1958 467 2038 [saepe
491 1964 585 2008 autem
609 1965 640 2006 ut
662 1956 724 2008 fieri
747 1956 834 2022 solet]
852 1979 887 1995 -
921 1964 982 2017 149.
1000 1959 1121 2027 [seditio
1146 1991 1156 2005 ,
1184 1967 1190 2024 3
1211 1984 1222 2011 :·

145 2029 216 2080 sicut
233 2028 331 2078 Cicero
350 2033 389 2077 art
406 2027 437 2078 in
454 2026 488 2077 de
505 2024 637 2094 Republ:
661 2025 792 2078 dissensio
817 2024 927 2077 civium.
940 2026 1044 2095 ¹.Quod
1068 2046 1165 2082 seor·
1182 2075 1184 2082 ,
1210 2041 1222 2090 ις

148 2104 216 2148 eunt
233 2096 280 2145 alii
297 2094 331 2145 ad
348 2095 431 2158 alios,
456 2095 556 2145 seditio
575 2092 694 2158 dicitur]
729 2093 841 2145 Animis
867 2095 992 2162 ignobile
1019 2094 1145 2165 irrigue,-
1164 2094 1187 2153 t.
1210 2120 1218 2139 ,-

146 2184 170 2218 ε.
196 2163 323 2214 stultum:
354 2170 386 2212 ut
415 2170 512 2223 contra
543 2163 666 2214 nobilem
696 2162 822 2213 animum
851 2164 1031 2233 prudentium
1059 2167 1165 2218 dicim
1210 2174 1222 2212 ‘a

144 2233 209 2284 Ideo
235 2231 319 2283 etiam
342 2232 424 2300 paulo
448 2238 509 2300 post
532 2231 585 2295 ait,
616 2231 736 2282 Arrectis
768 2231 887 2282 auribus.
928 2231 1051 2304 Sumpsit
1077 2230 1189 2301 (enimi
1215 2250 1222 2279 ι

145 2301 355 2351 translationem
379 2301 414 2351 ab
438 2298 618 2364 animalibus,
642 2301 723 2367 [quae
740 2300 836 2368 utique
853 2300 978 2353 stultiora
994 2311 1060 2354 sum
1082 2312 1116 2354 ut
1133 2305 1181 2357 Te·
1216 2320 1219 2329 ¹

145 2370 251 2423 rentius
277 2369 368 2436 (Andr.
388 2376 418 2434 5,
435 2373 467 2431 4,
484 2368 553 2431 30.):
577 2368 677 2434 Arrige
696 2385 780 2419 aures
799 2366 963 2436 Pamphila]
1003 2369 1134 2439 Vulgus,·
1157 2376 1188 2425 et-
1217 2388 1222 2420 1

144 2435 289 2490 masculini
307 2437 415 2505 generis
432 2444 461 2488 et
477 2435 569 2489 neutri
586 2437 690 2488 lectum
708 2445 762 2498 est,
787 2436 898 2504 generis
921 2440 1015 2490 neutri
1034 2441 1091 2492 hoc
1108 2436 1195 2502 loco;'
1210 2450 1221 2489 a

145 2506 213 2558 alibi
229 2505 391 2570 masculini,
415 2511 446 2555 ut
470 2507 520 2570 (2,
538 2503 608 2567 99.):
632 2505 667 2554 In
686 2507 802 2571 vulgum
822 2507 994 2574 arnbiguas.'
1017 2508 1054 2558 Et
1070 2510 1127 2560 hoc
1145 2514 1221 2562 eet-,t

142 2574 227 2638 artis,
250 2582 282 2623 ut
305 2574 457 2625 masculino
482 2582 608 2637 utamur,
631 2572 704 2640 quia·
721 2573 816 2625 omnia
833 2574 935 2626 Latina
951 2576 1068 2629 nomina
1093 2581 1124 2630 in
1149 2570 1221 2644 118¹}

147 2641 288 2708 exeuntia,
311 2641 334 2693 si
357 2647 455 2694 neutra
478 2640 597 2707 fuerint,
619 2637 719 2693 tertiae
743 2650 807 2692 sunt
823 2641 1027 2710 declinationis,
1051 2653 1085 2696 ut
1101 2658 1221 2717 pacm:

102 2756 105 2767 .
145 2709 267 2783 pecoris:
285 2711 308 2761 si
324 2709 461 2763 secundae
477 2717 574 2762 autem
589 2710 694 2761 frierint
710 2708 916 2777 declinationis,
933 2714 1089 2767 masculina
1106 2721 1179 2778 sunt3

144 2780 227 2846 vulgi
265 2786 358 2831 autem
393 2776 479 2843 facit,
515 2793 573 2830 non
610 2780 751 2846 vulgetis,
788 2787 820 2830 ut
851 2780 940 2847 docti,
978 2783 1067 2848 olori,
1106 2782 1187 2841 bosri.¹
1211 2779 1221 2826 1·

144 2850 312 2917 Usurpatum
334 2854 428 2898 tamen
453 2852 495 2900 est
516 2854 647 2898 neutrum
670 2862 756 2915 genus
786 2855 902 2918 propter
925 2865 1014 2900 unum
1039 2851 1187 2917 Graecum¹
1219 2847 1221 2854 ’

144 2931 263 2979 nornen,
286 2916 304 2967 i.
323 2934 345 2968 e.
370 2917 496 2983 pelagus.
533 2916 605 2966 Ctun
629 2917 704 2967 enim
728 2916 822 2982 pelagi
845 2916 943 2983 faciat,
966 2921 1061 2971 neutri
1086 2927 1190 2975 tamen?
1216 2941 1221 2975 t,

145 2988 187 3037 est
204 2983 320 3051 generis.
337 3009 371 3020 -
407 2988 466 3042 150.
484 2983 617 3103 &Volesum
636 2983 720 3034 multi
738 3001 795 3035 non
814 2985 926 3051 volant,
943 2984 991 3039 sed
1008 2987 1124 3055 volunt,
1140 2988 1178 3041 in-
1196 2993 1201 3002 ”

144 3054 248 3106 venisse
266 3065 294 3104 se
312 3051 414 3106 dicunt.
449 3049 482 3103 Se
519 3051 669 3103 Cornutus:
697 3051 868 3118 Verendum,
893 3056 946 3120 ait,
970 3073 1004 3106 ne
1022 3070 1177 3124 praeposte·
1214 3060 1221 3110 ἰ

147 3137 210 3176 eum
236 3120 394 3242 sitscces
420 3119 529 3185 velle,
552 3122 638 3172 etsie
656 3135 763 3187 saca,
788 3136 813 3173 et
831 3139 864 3174 ex
883 3125 981 3176 ordine
1000 3126 1108 3176 dictum
1126 3127 1201 3177 site¹

145 3194 230 3244 Arma
248 3193 315 3242 veit
332 3200 429 3259 poscat
448 3206 482 3239 ue
506 3188 609 3255 simul,
634 3191 951 3256 rapiatqueiuventus.)
985 3193 1080 3246 Furor
1099 3210 1192 3259 erma,
1219 3191 1221 3200 '

147 3263 309 3323 ministrat,
332 3259 371 3310 sic
394 3205 462 3309 atili
479 3260 523 3325 (7,
539 3261 626 3318 508.):
649 3258 780 3310 Rimanti
805 3262 890 3312 telum
916 3263 961 3313 ira
974 3262 1060 3332 facit.
1097 3264 1211 3333 [Sanr¹

146 3342 255 3381 summa
270 3327 413 3380 velocitate
437 3343 531 3378 sensus
548 3326 708 3398 explicitus]
725 3352 759 3367 -
794 3334 854 3388 151.
874 3328 1011 3396 Gramen,
1035 3332 1176 3389 venerabi·
1204 3346 1220 3377 ,

144 3396 216 3449 lemt
239 3397 312 3448 tmde
330 3404 358 3448 et
374 3403 484 3452 contem
504 3394 608 3460 tibiles,
631 3397 702 3448 leves
719 3395 850 3450 dicimus:
868 3399 922 3465 (vel
937 3400 1040 3470 pietate
1056 3416 1192 3469 marem·
1213 3412 1220 3464 ξ

146 3465 224 3515 ouius
238 3463 291 3514 illis
307 3463 454 3530 auctoritas
471 3413 507 3512 ol
524 3461 656 3544 pietatem
672 3473 714 3517 est
730 3466 843 3532 gravier)
861 3474 891 3519 et
907 3467 979 3522 bene
996 3470 1174 3525 servatrices
1210 3483 1220 3529 ‚t

145 3533 219 3586 hturc
236 3532 405 3584 rhetoricam
428 3529 631 3598 defmitionem,
653 3534 698 3589 cui
721 3535 769 3586 dat
795 3543 823 3586 et
845 3534 978 3589 iustitiam
995 3546 1025 3590 et
1040 3538 1174 3611 iperitien
1215 3546 1220 3597 ξ

146 3600 269 3653 dicendi:
292 3607 337 3650 ut:
361 3600 434 3650 Tum
452 3600 552 3668 pietate
568 3617 698 3668 gravem,
722 3611 763 3657 et:
786 3603 837 3656 Ille
856 3608 928 3672 regit
944 3607 1029 3659 dictis
1054 3610 1173 3665 animes.
1196 3635 1220 3665 η

147 3670 249 3721 Orator
267 3667 342 3719 enim
358 3668 397 3720 ita
413 3667 556 3729 delinitur,
587 3667 637 3721 Vir
655 3672 761 3737 bonus,
786 3673 899 3726 dicendi
915 3677 1031 3739 peritus.
1055 3676 1176 3746 .[Quem,

144 3737 164 3788 i.
178 3755 201 3789 e.
215 3733 357 3805 aliquem]
371 3758 406 3775 ⁸·
441 3740 501 3795 152.
518 3735 650 3803 [Arrectis
668 3743 805 3805 curtim,-
821 3743 965 3794 translatio
982 3761 1000 3796 a
1017 3748 1102 3800 mutis
1118 3745 1174 3801 ani·
1188 3748 1196 3801 ,“
1213 3766 1220 3804 t

146 3805 279 3870 malibus,
296 3803 395 3872 quibus
412 3817 491 3858 aures
507 3803 623 3857 mobiles
640 3815 711 3859 saint.
744 3811 786 3862 An
803 3827 884 3863 aures
900 3827 951 3884 pro
968 3813 1176 3869 audiendiam-

145 3890 178 3925 eu
195 3874 301 3943 posuit,
323 3879 430 3926 secutus
447 3874 611 3926 Terentium
636 3875 683 3945 qui
707 3875 759 3942 ait,
781 3880 881 3948 Arrige
906 3898 991 3935 eures
1009 3878 1197 3952 Pamphile.]·'

145 3942 217 4011 Quia
235 3941 370 4012 imperim
393 3948 422 3993 et
444 3942 525 3994 stulto
549 3943 659 4023 populo·
674 3959 832 4000 sermonem
848 3948 930 4017 facit,
952 3959 1030 4006 recte
1057 3954 1174 4006 arrectis
1193 3972 1220 4008 ¹:

144 4011 264 4065 nuribus
288 4009 370 4074 dicit,
392 4016 421 4063 et
443 4018 484 4065 eet
504 4026 650 4084 proprium
673 4013 855 4084 animalium]
872 4040 909 4057 ··-
950 4025 1011 4081 155.
1032 4018 1174 4087 Genium
1194 4048 1220 4079 ,ἱ

552 4094 559 4120 ι
1214 4115 1220 4129 ἡ
