2454 4500
149 285 217 348 230
288 297 298 337 :
408 232 549 338 sanun
572 232 931 336 conururuuus
951 282 955 289 ·
979 292 983 301 ·

155 459 258 515 cecinit
272 459 457 513 deiiciendum
473 474 504 512 ex
521 460 609 513 muris
621 461 783 528 Astyanacta
795 455 922 531 Hectoris
934 461 966 511 et
978 454 1190 537 Andromachae

150 526 255 596 lilium,
278 545 311 582 eo
328 528 403 597 quod
425 529 448 580 ci
464 527 624 581 adolevisset
646 529 745 581 fortior
761 533 841 595 patre
856 526 984 591 nunus,
1005 524 1190 579 rmdrcaturm

153 606 226 653 esset
249 600 336 669 patris
359 598 512 649 interitum.
543 594 737 651 Hunc-'Ulixes
762 594 929 648 occultatum
952 608 971 645 a
993 600 1106 661 mue,
1126 608 1189 645 ctttu

75 700 78 705 -
156 666 317 733 invenisset,
342 665 532 735 praecipitavit
549 683 571 735 ¹e
595 681 692 732 muro,
713 663 803 719 etita
827 662 931 715 Graeci
952 660 1044 715 Tmia
1110 660 1189 715 onon·

154 733 236 799 sunt]
252 763 287 773 -
320 738 383 819 49).
408 732 569 786 Pubesceret
592 752 677 799 cevo‚·
702 740 733 785 ut
756 732 843 785 etiam
865 731 897 783 in
918 730 1043 791 secundo
1067 678 1186 795 ΕΜ,

172 803 368 857 rooetonomia
385 809 440 865 est;
460 810 495 852 ut
510 802 659 855 verisimile
682 801 732 867 sit,
754 798 903 853 Ascanium
918 798 949 851 in
974 806 1073 851 octavo
1090 796 1186 867 (Guelf-
1226 851 1227 854 ,

152 820 279 934 hrono)
302 870 423 942 potuisse
445 870 504 923 iam
526 871 599 924 bella
614 879 745 923 mamare.
762 895 796 906 -
829 872 893 926 tat·
908 866 1116 947 [Digrediem
1136 880 1184 940 ΡΝ
1226 911 1227 914 ,

155 956 219 990 eum
242 941 417 1008 digrederer,
444 939 621 1010 participium
651 955 703 1008 pro
726 937 810 990 verbo
837 936 916 989 modi
938 934 1133 1003 coniunctim]
1152 960 1184 975 ·-

86 1068 90 1077 Ι
152 1010 215 1067 493.
238 1008 328 1061 Viuite
339 1006 458 1077 selicet‚·
482 1010 582 1078 vivite,
598 1008 688 1079 ‘mode
712 1007 784 1060 bene
808 1003 1000 1087 optandaest:
1023 1004 1188 1073 non,'nt‘m.

133 1075 305 1143 tuentius,
327 1077 400 1129 made
416 1076 531 1129 dicentis
555 1077 601 1145 (E.
618 1082 649 1140 8,
667 1076 742 1139 58.)t
770 1074 860 1127 Vivrte
877 1074 985 1142 silvae,
1008 1073 1072 1127 itu
1093 1072 1183 1145 perita.

153 1141 251 1199 Simile
267 1153 309 1198 eat
324 1152 353 1198 et
369 1146 476 1196 valere-.-
494 1152 525 1196 ut
541 1144 687 1198 Terentius
705 1144 796 1212 (Andr.
812 1147 845 1211 4,
862 1151 895 1208 2,
914 1143 983 1207 14,):
1003 1140 1124 1197 Valeant
1131 1156 1183 1222 qiu

14 1220 20 1231 ·
91 1264 93 1269 ,
154 1214 230 1264 inter
254 1230 305 1266 nor
328 1206 481 1265 discidium
505 1215 611 1265 volunt.
647 1211 716 1265 Sunt
738 1220 832 1265 autern
854 1211 926 1263 haec
947 1218 1183 1283 percontrarium

153 1281 266 1335 inventa
281 1282 443 1348 maledicta,
464 1290 496 1332 ut
512 1282 547 1334 sit
562 1282 641 1351 quati
659 1299 758 1339 amera
783 1280 870 1349 (codd.
894 1287 925 1333 et
935 1278 983 1343 ,al
1000 1278 1094 1343 salva)
1108 1294 1182 1333 rene·

154 1349 234 1402 titio.
266 1351 337 1404 illud
352 1351 508 1421 quaeritur,
531 1358 628 1402 utrum
646 1352 724 1415 vive,
740 1368 785 1401 an
802 1352 898 1415 vivas,
920 1350 996 1411 ie,
1021 1355 1118 1401 unam
1137 1362 1183 1419 pat

154 1416 377 1500 imperativum,¹
389 1437 430 1483 an
450 1437 504 1490 -per
528 1420 680 1490 optativum
704 1416 798 1471 dicer'e
825 1415 995 1470 debeamus?
1025 1422 1057 1471 et
1077 1422 1184 1483 condiat,

153 1484 208 1540 dici
224 1487 323 1541 melius
339 1505 389 1559 per
412 1487 572 1559 optativum.
606 1485 704 1558 Optari
721 1486 798 1539 enim
813 1492 941 1557 possunt,
965 1500 1024 1539 non
1046 1484 1183 1553 imperari,
1212 1522 1219 1535 .

154 1553 199 1607 vel
212 1554 301 1622 bona,
323 1556 366 1608 vel
380 1557 500 1610 adversa.
534 1555 615 1625 Quod
630 1565 726 1610 autem
741 1555 895 1611 invenimus
910 1556 962 1625 pei·
983 1554 1184 1627 imperativtm,

153 1631 316 1694 usurpanrm
334 1632 382 1678 est.
417 1624 543 1678 Fortuna
567 1637 679 1691 peracta
697 1625 758 1675 iam
776 1641 848 1690 ωας
871 1623 892 1674 i.
915 1640 940 1675 e.
964 1622 1050 1689 dina,
1065 1621 1184 1762 Jropria

46 1712 64 1727 κ
154 1690 356 1745 Troianorum:
379 1702 410 1745 ut
433 1698 483 1762 (6,
503 1692 579 1756 62.):
608 1692 672 1745 Hac
695 1693 823 1746 Troiana
846 1704 930 1743 tenus
947 1690 1061 1761 suerit·
1088 1698 1184 1745 ortum
1213 1694 1218 1705 '

153 1773 257 1813 secuta.
282 1761 424 1831 [Peracta,·
441 1761 598 1834 prostrata]
608 1790 644 1801 —-
676 1766 739 1822 495.
754 1760 856 1825 Parta5
873 1776 925 1829 pro
935 1758 1052 1827 -pareitn
1088 1761 1189 1831 [Arcu-¹

154 1828 238 1896 dum,·
255 1830 430 1897 findendum,
447 1838 479 1882 ut
494 1835 539 1897 (5,
555 1833 642 1892 158.):
660 1829 776 1901 Longae
794 1832 908 1881 sulcant
925 1830 1001 1880 vada
1019 1830 1100 1883 scira
1116 1830 1185 1883 cari-

156 1914 227 1961 nne3
252 1901 350 1951 sulcus
374 1900 450 1952 enim
473 1901 586 1969 proprie
603 1900 690 1954 aratri
712 1898 771 1964 est]
787 1927 822 1937 -
855 1903 918 1963 496,
934 1897 1048 1967 &emper
1065 1900 1186 1951 cedentis
1208 1898 1213 1903 ’

156 1972 246 2031 rltro,·
263 1975 294 2018 ut
319 1974 345 2033 6,
355 1969 424 2028 61.):
442 1969 504 2019 Iam
522 1970 633 2020 tandem
650 1968 753 2020 ltclice
765 1967 912 2037 fugientis
928 1968 1097 2035 prendimus
1115 1984 1185 2021 oras.
1221 1994 1226 2001 ·

152 2060 186 2071 -
221 2038 283 2093 498.
300 1973 394 2103 buum
412 2036 624 2106 cestraesecere
643 2054 763 2101 manns,·
781 2035 1096 2105 modestimine·
1128 2039 1187 2095 499.

141 2100 189 2154 Et
206 2119 275 2170 quae
293 2113 361 2166 etc.;
384 2105 401 2156 i.
419 2123 443 2157 e.
468 2122 539 2173 quae
561 2106 669 2158 nullum
692 2107 814 2173 patiatur
831 2104 975 2156 excidium.
1009 2098 1065 2158 Alii
1075 2104 1186 2175 fuerint

152 2169 262 2239 legunt:
286 2181 314 2225 et
336 2174 429 2224 volunt
453 2190 511 2226 esse
535 2176 714 2228 maledictum
737 2175 767 2225 in
790 2173 928 2237 Graecos,
951 2180 983 2223 ut
1006 2173 1042 2225 ad
1069 2174 1187 2243 auspicia

152 2242 274 2292 referas:
291 2242 363 2309 quod
380 2258 436 2294 non
453 2244 586 2312 procedit.
620 2244 678 2296 Nec
696 2243 772 2295 enim
785 2242 819 2294 de
835 2243 889 2293 hoc
905 2241 1050 2311 agebatur.
1070 2243 1187 2362 {Obvia

153 2316 250 2360 autem
268 2310 399 2376 obnoxie,
415 2312 544 2376 inimica,
561 2311 720 2377 contraria]
738 2340 771 2349 —
806 2316 867 2369 500.
884 2309 916 2361 Si
934 2313 1049 2377 quando
1096 2313 1186 2376 ibrin,·

150 2376 280 2427 fluvium:
306 2396 356 2447 pro
374 2395 427 2447 quo
445 2396 545 2448 regem
561 2381 653 2450 ipsum
670 2381 760 2447 posuit
777 2378 892 2444 Tibrin,
908 2379 961 2498 Jui
980 2380 1010 2431 in
1028 2381 1105 2432 hune
1122 2380 1187 2433 ceci·

152 2444 193 2496 dit
216 2445 347 2512 fluvium,
371 2455 399 2499 et
423 2449 450 2501 ei
471 2465 575 2503 nornen
593 2449 675 2501 dedit.
711 2450 784 2501 Nam
808 2455 890 2500 antea
931 2450 1011 2500 lbula
1031 2449 1187 2502 dicebatur:

152 2522 184 2564 ut
208 2516 326 2566 ostendit
349 2516 377 2566 in
403 2524 496 2575 octauo
519 2516 616 2584 (332.)
642 2518 698 2585 (Al.
724 2520 854 2586 septimo,
879 2517 972 2569 Guelf.
995 2520 1016 2568 Ι.
1043 2534 1135 2586 nono,
1156 2518 1186 2568 11.

152 2582 263 2649 quarto)
280 2584 439 2652 [Virgilius].
473 2586 525 2637 Alii
541 2587 649 2652 volunt,
674 2603 730 2638 non
748 2586 847 2637 Tibrin
871 2587 1016 2638 cecidisse:
1041 2588 1090 2640 sed
1108 2585 1186 2639 Tibe·

150 2650 261 2712 riuum,
276 2669 373 2720 regem
390 2654 573 2707 Albanorum:
598 2673 614 2706 a
632 2671 686 2723 quo
704 2654 755 2723 [et]
773 2654 881 2706 Tiberis
899 2655 987 2707 dictus
1005 2663 1055 2708 est.
1089 2655 1127 2706 Ut
1143 2671 1186 2708 au·

149 2726 209 2771 tem
224 2720 320 2771 Tibris
337 2722 458 2789 dicatur,
474 2724 543 2776 haec
560 2724 632 2776 ratio
651 2731 704 2775 est:
728 2724 854 2792 Quodam
873 2731 1000 2792 tempore
1018 2723 1186 2794 Syracusani,

149 2788 264 2840 victores
287 2784 509 2858 Atheniensium,
539 2800 674 2860 ceperunt
696 2775 868 2860 [Syracusis]
892 2793 1038 2859 ingentem
1068 2792 1185 2844 hostium

149 2855 355 2910 multitudinem
372 2867 399 2911 et
416 2877 480 2912 eom
497 2862 583 2914 caesis
601 2861 741 2912 montibus
755 2863 881 2914 iecerunt
894 2861 997 2913 addere
1010 2862 1184 2914 munimenta

149 2924 259 2977 civitati.
301 2927 379 2979 Tunc
406 2930 491 2980 erretis
520 2929 607 2982 muris
633 2930 718 2982 etiam
742 2931 813 2981 fossa
841 2929 1005 2980 intrinsecus
1035 2932 1111 2983 facto
1136 2937 1184 2983 est:

179 3009 222 3046 tac
253 2995 369 3047 flumine
393 2998 510 3049 admisso
541 2999 648 3068 repleta
679 2999 860 3050 munitiorem
883 2998 1013 3051 redderet
1037 2999 1183 3051 civitatem

177 3079 229 3113 anc
255 3064 342 3130 igitur
366 3067 468 3118 fossam
492 3085 542 3136 per
567 3067 688 3120 hostium
712 3083 847 3134 poenum,
874 3075 902 3119 et
923 3066 1059 3123 iniurium
1076 3069 1184 3131 iactam,

153 3129 241 3182 ert'n
259 3143 424 3186 vocaverunt
441 3131 495 3186 sind
512 3132 560 3202 τῆς
578 3129 687 3204 ὕβρεως.
730 3137 825 3187 Postea
861 3135 961 3187 rosecti
981 3135 1067 3188 Siculi
1084 3137 1121 3190 ad
1135 3138 1183 3188 Ita·

151 3196 232 3266 liam,
257 3217 319 3255 earn
341 3209 491 3255 tenuerunt
517 3214 643 3273 partem,
672 3204 720 3256 ubi
742 3220 818 3255 nunc
869 3220 932 3255 orna
956 3213 1011 3271 est,
1041 3221 1130 3275 usque
1152 3203 1183 3257 ad

150 3265 266 3321 Rutulos
291 3277 318 3322 et
341 3272 472 3323 Ardeam:
505 3276 577 3326 unde
603 3281 644 3324 est
668 3276 737 3336 (11,
761 3271 849 3335 ¹517.):
880 3271 966 3324 Fines
991 3292 1078 3342 super
1103 3289 1183 3343 usquc

147 3334 282 3389 Sicanos.-
313 3345 340 3389 et
363 3340 493 3391 Albulam
518 3342 633 3394 fluvium
656 3342 691 3394 ad
715 3341 867 3409 imaginem
890 3342 1014 3393 iossaeS
1049 3359 1181 3396 acusanae

56 3464 59 3469 Ι
149 3404 252 3457 Tttrtn
269 3416 447 3473 vocaverunt,
465 3412 542 3478 quasi
559 3405 653 3480 ὕβρινι
671 3418 716 3460 ut:
741 3409 867 3478 effigiem
886 3410 997 3461 Xanthi
1042 3414 1183 3482 roicmqnt

149 3475 259 3526 videtis.
296 3477 378 3527 Circa
396 3476 540 3544 Syracusas
563 3487 658 3532 autem
675 3495 734 3531 esse
756 3480 859 3532 fossam
878 3480 999 3530 Thilrt'n
1018 3481 1065 3549 (al.
1087 3480 1182 3545 erin)

149 3542 263 3596 nomine
288 3542 450 3597 Theocritus
473 3552 516 3615 (ι,
534 3551 606 3612 118.)
630 3546 765 3600 meminit
783 3572 817 3586 ·-
852 3556 914 3607 501.
934 3548 1074 3617 Gentique
1093 3569 1183 3616 mene,

148 3608 220 3662 bene
239 3613 316 3677 genti
332 3628 397 3666 suae
413 3615 494 3682 dicit,
511 3617 644 3669 nonsibi.
680 3615 736 3668 Scit
753 3618 846 3681 enim,
861 3617 977 3669 Ascanio
995 3635 1084 3687 regna
1102 3620 1182 3673 debe

148 3677 175 3730 ri
198 3681 300 3749 [victa,
326 3682 443 3750 sausque
465 3683 597 3751 incensa]
640 3686 717 3737 Olim
726 3709 735 3749 ‚·
754 3686 934 3754 quandoque,
959 3692 988 3737 et
1012 3705 1064 3757 per
1089 3688 1182 3741 omnia

148 3763 260 3799 cernam
278 3749 413 3802 subaudis.
447 3751 655 3805 &mutantem
673 3753 807 3806 talisest:
830 3752 857 3805 Si
881 3762 998 3823 potuero
1023 3756 1060 3808 ad
1077 3758 1185 3810 Italiam

147 3818 305 3886 pervenire,
329 3826 357 3869 et
379 3835 465 3887 regna
483 3822 664 3887 constituere,
689 3830 717 3875 et
734 3823 855 3876 dividere
874 3823 960 3889 (codd.
974 3832 1008 3875 et
1025 3826 1060 3877 al.
1079 3827 1184 3888 videre)

147 3885 245 3951 nrbes,
269 3894 297 3938 et
318 3887 431 3956 populos
454 3889 506 3941 tibi
523 3899 661 3959 cognatos.
698 3892 769 3943 Nam
789 3891 839 3959 [et]
855 3896 959 3943 derisas
984 3900 1011 3944 et
1029 3894 1152 3947 Helenus
1169 3913 1185 3947 a

147 3953 278 4006 Dardano
298 3954 434 4022 originem
451 3958 561 4010 dtrcunt.
596 3960 670 4027 Ergo
689 3959 742 4012 hoc
760 3960 841 4011 dicit:
863 3959 1002 4027 Quoniam
1026 3970 1057 4014 et
1074 3965 1111 4014 ab
1131 3980 1185 4015 uno

148 4024 283 4090 originem
314 4022 453 4078 ducimur:
488 4034 517 4081 et
556 4027 653 4079 iisdem
686 4029 792 4080 casibus
824 4027 1028 4096 subruerimus,
1069 4032 1189 4086 Tr'oiam
