2454 4500
230 296 267 339 nt
288 254 449 338 uuou.
470 272 642 337 sanun.
663 271 744 335 ua.
765 269 798 347 1,
818 271 970 341 as-sr.
1071 274 1114 339 rs

78 458 187 512 Batiam
230 455 325 526 (Dora.
357 454 551 524 Abatiamque)
597 454 700 509 Teucri
745 453 845 519 filiam,
880 449 1025 505 Dardanus
1061 449 1114 503 n'bi

78 527 181 594 iunxit,
211 533 242 579 et
270 523 418 599 populares
441 541 504 577 suos
526 539 624 578 socero
647 523 828 591 cognomines
851 519 936 586 fecit]
977 522 1115 588 (Avertere

80 613 187 664 regem,
211 595 274 647 ie.
297 601 465 666 perpetuum
481 608 592 662 regem,
623 590 677 646 hoc
694 599 748 658 est,
778 589 849 644 nihil
864 590 971 655 amisit,
994 605 1042 642 rex
1060 596 1115 642 est:

80 673 107 719 et
120 666 198 718 mire
213 665 340 717 Aeneam
356 662 446 715 noluit
468 662 622 714 nominare.
656 660 835 712 Honorantur
858 659 934 712 enim
957 659 1115 713 nrirroresa

80 732 251 798 nitoribus,
266 731 291 783 si
306 747 356 783 suo
372 731 488 784 nomine
503 732 608 784 fuerint
624 729 775 790 nominum
799 736 843 781 ut:
867 728 968 791 reste,
994 743 1115 795 nomque

82 803 141 854 riti.
169 802 278 853 Contra
293 799 463 852 contumelia
479 808 535 864 est,
552 799 575 850 si
592 800 711 851 maiores
728 815 744 850 a
761 795 917 852 minoribus
932 811 982 848 suo
999 796 1115 849 nomino

81 870 276 934 nominentur,
298 877 330 919 ut
355 871 398 941 (5,
414 867 500 931 7813:
524 869 647 920 lunonis
670 869 769 935 gravis
796 868 849 918 iro.
885 867 921 917 Et
945 870 1004 930 (ll,
1028 862 1116 927 stile

84 937 180 994 Pacem
206 950 232 988 te
255 939 403 1007 poscimur.
425 954 538 1001 omnes,
563 935 675 987 Turne.-
699 951 757 988 non
780 935 857 986 enim
879 933 947 987 dixit
969 934 1116 999 Troianos,

70 1008 126 1060 'sed
149 1003 241 1059 imiim
268 1006 414 1058 hominem
429 1005 602 1069 Troianum.)
618 1030 654 1042 -
688 1010 732 1062 39.
757 1001 866 1072 Quippe
883 1022 908 1055 υ.
921 1002 964 1070 s.;
987 1019 1019 1055 re
1042 1019 1104 1054 vera

83 1075 180 1145 inquit,
193 1076 255 1127 iata
270 1091 317 1128 me
334 1072 491 1145 prohibent.
514 1075 600 1143 'Ergo
613 1075 681 1125 Iuno
698 1074 810 1141 ignorat
825 1074 881 1124 vim
897 1074 1028 1124 satorum.
1062 1039 1117 1124 Sed

83 1145 134 1198 heo
149 1159 209 1197 non
263 1159 370 1195 somnus
387 1142 496 1210 dicere,
511 1143 582 1263 tpria
599 1158 630 1192 su
666 1141 724 1192 rius
741 1141 845 1192 lectum
862 1149 919 1192 est:
941 1139 968 1191 Si
985 1157 1041 1207 qua
1056 1139 1117 1194 fato

84 1213 180 1266 sinant.
238 1218 264 1264 t:
287 1211 464 1279 [Progeniem
480 1229 509 1264 se
546 1211 622 1263 en'm
664 1210 762 1263 roiano
781 1228 798 1262 a
820 1210 953 1277 sangiune
971 1207 1045 1273 duci]
1061 1210 1115 1260 Au·

84 1281 178 1335 dierat
210 1279 271 1332 Hoc
288 1294 356 1348 ergo
374 1287 428 1345 est,
454 1279 542 1331 omnis
557 1295 605 1332 res
627 1279 774 1331 hominum
791 1285 840 1330 aut
855 1294 888 1332 ex
910 1285 1005 1328 nostra
1021 1276 1120 1330 volun·

84 1357 137 1404 ate
154 1346 313 1414 descendit,
336 1355 449 1430 utputa
466 1349 579 1413 sedere,
600 1363 729 1415 ringere:
753 1354 802 1398 aut
817 1363 851 1400 ex
874 1346 924 1398 fati
941 1348 1116 1414 necessitate,

85 1427 113 1470 ut
146 1425 195 1469 uta
211 1415 305 1482 nasci,
321 1431 410 1470 mori:
427 1424 475 1469 aut
491 1433 523 1469 ex
537 1417 657 1469 deorum
674 1415 829 1480 voluntate,
845 1423 877 1466 ut
892 1422 958 1485 puta
976 1416 1116 1483 navigare,

84 1485 123 1540 vel
158 1485 292 1538 onorihus
308 1485 374 1536 frui.
408 1485 488 1539 Nunc
512 1486 547 1538 de
571 1485 746 1552 navigatione
770 1484 876 1553 agian:
899 1483 1024 1536 sthene
1048 1484 1115 1537 invi·
1181 1516 1183 1521 ,

85 1554 172 1619 disse,
189 1553 270 1622 qrrasi
288 1553 374 1604 etiam
389 1551 471 1604 huius
486 1554 529 1608 rei
545 1561 709 1624 potestatem
728 1552 753 1604 ei
770 1552 873 1622 possint
889 1552 946 1604 fata
960 1552 1115 1606 detrahere.

84 1621 129 1677 Est
141 1630 172 1676 et
182 1623 257 1676 alter
268 1621 357 1674 latens
370 1637 472 1686 sensus,
488 1629 520 1673 ut
529 1630 621 1693 speret
634 1639 663 1675 se
677 1621 806 1687 reginam
817 1628 915 1673 contra
932 1621 1041 1672 exulum
1058 1623 1116 1676 iata

83 1707 158 1763 posse
188 1690 312 1761 aliquid,
341 1689 364 1742 si
387 1690 514 1743 Minerva
543 1705 649 1743 numen
679 1690 795 1741 inferius
817 1689 901 1742 valuit
931 1697 1027 1742 contra
1057 1690 1115 1749 fata

83 1761 225 1813 neutum.
260 1757 407 1821 Pallasne3
429 1759 570 1823 Minerva,
587 1753 708 1812 ἀπὸτοῦ
724 1755 836 1810 πάλλειν
852 1755 883 1810 τὲ
902 1754 983 1826 δόρυ,
1001 1758 1019 1811 i.
1037 1777 1061 1812 e.
1079 1760 1115 1814 ab

83 1829 178 1882 bastae
206 1827 401 1880 concussione:
425 1828 482 1879 .vel
513 1826 588 1896 quod
618 1827 772 1879 Pallantem
801 1828 944 1895 gigantem
974 1829 1116 1882 occiderit.
1198 1880 1202 1890 ,

83 1897 163 2018 gSane
181 1912 198 1948 o
218 1904 319 1948 ortune
336 1897 382 1947 hic
399 1895 488 1948 Aiacis
504 1896 682 1965 naufragium
698 1895 733 1947 ad
751 1897 907 1966 exemplum
931 1897 1027 1963 affert,
1050 1913 1115 1950 cum

100 1985 114 2019 e
137 1984 176 2019 na
224 1964 288 2033 agio
311 1965 420 2017 Aeneae
443 1965 560 2032 cogitet3
584 1973 613 2018 et
635 1982 702 2015 cum
726 1962 830 2016 bellum
856 1965 1020 2030 meditatur,
1050 1965 1117 2023 belli

69 2034 241 2106 >exemplum
257 2035 341 2085 affert
358 2038 399 2102 (7,
416 2034 503 2096 304.);
527 2032 610 2085 Mars
633 2034 745 2103 perdere
763 2047 871 2100 gentem
890 2036 1041 2086 immanem
1058 2033 1115 2087 La·

83 2105 193 2170 pithiam
218 2101 331 2164 voluit.)
372 2100 426 2170 [Ne
456 2109 550 2155 autem
579 2103 737 2155 coniunctio
768 2102 898 2173 expletiva
928 2104 1049 2168 videtur,
1078 2124 1116 2160 an

84 2170 193 2237 aliteri]
210 2171 360 2237 (Erurere;
380 2173 463 2222 exuri
479 2171 589 2234 dicitm·,
605 2172 639 2223 de
656 2186 711 2240 quo
728 2171 768 2223 nil
783 2186 815 2221 su
836 2179 917 2234 erest,
934 2181 965 2225 ut
981 2177 1034 2237 (10,
1048 2175 1116 2236 3632

84 2240 160 2308 Quid
186 2255 334 2292 memorem
365 2247 471 2291 exustas
493 2239 613 2306 Erycino
637 2239 665 2291 in
695 2241 776 2292 litore
805 2190 938 2304 cissami)
975 2239 1116 2309 Classems

83 2312 117 2364 ad
138 2309 273 2363 iuvidiam
297 2307 402 2379 posuit,
426 2315 458 2358 ut
480 2323 532 2377 pro
549 2323 606 2359 rma
627 2308 691 2360 navi
708 2309 824 2361 classem
847 2311 928 2362 (licat
964 2307 1006 2359 Sic
1026 2312 1116 2365 Venus
1190 2350 1196 2357 .

83 2379 179 2446 (252.):
196 2377 330 2430 Navibus
349 2377 503 2445 infandum
522 2379 655 2427 amissis:
673 2393 738 2426 cum
756 2375 875 2431 Orontes
892 2377 965 2428 sohte
981 2379 1115 2448 periiseer

83 2451 137 2501 Aut
157 2464 190 2499 re
213 2463 284 2505 vera,
303 2461 388 2496 unam
405 2461 504 2497 navem
519 2444 671 2513 significat,
689 2453 720 2495 ut
736 2447 865 2499 Horatius
883 2447 986 2512 (Carm.
1002 2449 1116 2511 3,11.);

84 2515 129 2568 Me
154 2515 200 2568 vel
223 2528 359 2567 extremos
377 2512 569 2564 Numidarum
594 2518 625 2566 in
643 2531 728 2581 agros
747 2515 835 2567 classe
862 2516 967 2581 releget.
1005 2514 1115 2572 Classis

84 2585 158 2637 enim
176 2583 251 2636 dicta
268 2577 382 2648 estoirtd
402 2576 457 2635 τῶν
474 2578 580 2645 καλῶν,
604 2583 622 2635 i.
641 2600 664 2634 e.
688 2599 704 2633 a
726 2582 817 2651 lignis.
851 2583 940 2635 Unde
954 2591 984 2635 et
1000 2586 1115 2640 calones

83 2653 228 2717 dicuntur,
251 2651 299 2721 qui
320 2650 396 2719 ligna
412 2651 546 2704 militibus
568 2650 751 2721 [delporunn
773 2661 802 2704 et
824 2648 983 2706 ualonddea.
1002 2679 1037 2691 -
1071 2659 1116 2712 40,

83 2723 248 2791 [Argivum
272 2723 350 2788 qttasi
374 2728 403 2772 et
424 2720 492 2771 illud
516 2727 612 2773 contra
635 2722 700 2772 iata.
735 2720 772 2770 Et
787 2722 918 2790 Argivum
935 2738 985 2792 pro
1003 2723 1116 2791 Argivo.

84 2807 161 2855 rum,
184 2789 294 2840 videtur
315 2789 461 2840 accusativi
484 2787 628 2856 singularis
652 2787 756 2858 species
779 2807 830 2860 pro
854 2791 972 2858 genitivo
996 2791 1116 2860 plurali]

85 2861 128 2923 (Et
144 2859 219 2910 bene
237 2858 393 2926 Argivum,
417 2873 486 2925 quos
509 2858 566 2925 ipsa
584 2859 652 2908 Iuno
677 2865 766 2922 amat,
789 2866 820 2909 nt
844 2876 940 2929 supra:
966 2858 1017 2910 liro
1038 2865 1115 2915 caris

85 2937 213 2995 gesserat
230 2926 335 2995 Argis.)
369 2925 480 2985 Potuil;
504 2926 539 2978 ad
562 2926 629 2978 illud
644 2927 765 2976 refertur
771 2964 785 2991 ,,
803 2929 877 2996 quod
894 2928 1017 2998 superius
1035 2931 1115 2988 dixit:

85 2995 141 3049 Nee
166 3012 258 3062 posse.
301 2995 404 3061 (Italia
430 2994 541 3053 Teucri.
583 2994 620 3045 Et
641 2993 773 3046 invidiose
795 2996 947 3065 potentiam
970 2996 1115 3055 Minervas

86 3062 249 3132 exaggerat,
271 3079 342 3130 quae
368 3078 424 3114 uno
446 3070 572 3133 tempore
589 3061 678 3131 potuit
694 3069 722 3112 et
739 3078 854 3116 exurere
864 3073 900 3116 .et
915 3065 1115 3135 submergere.)

85 3158 117 3171 ·-
142 3137 189 3189 41.
210 3131 305 3182 Unius
322 3132 355 3183 ob
376 3148 495 3197 noxam3
514 3130 617 3184 inistis
634 3131 821 3183 sermonibus:
840 3136 939 3196 unius,
960 3135 1053 3200 illius,
1073 3140 1116 3208 ip·

86 3204 164 3264 sius,
191 3199 354 3253 naturaliter
377 3201 469 3253 media
492 3199 791 3278 producimrsyllaba:
814 3203 862 3253 sed
885 3218 950 3252 cum
974 3217 1042 3272 opus
1066 3215 1117 3274 est,

85 3269 243 3339 corripitur,
259 3269 312 3320 hac
326 3269 513 3321 exornatione:
531 3268 604 3335 quod
618 3275 744 3336 quotiens
756 3269 878 3322 vocalem
889 3269 1001 3335 longam
1015 3275 1116 3327 vocalis

85 3340 224 3406 sequitur,
246 3336 384 3408 superiori
407 3337 463 3390 vim
480 3337 608 3389 detrahit.
642 3335 679 3385 Ut
695 3343 736 3387 est
765 3340 808 3403 (3,
825 3338 911 3400 2113:
937 3339 1052 3393 Insulae
1065 3344 1115 3398 10-
1166 3354 1169 3363 ·

87 3410 133 3458 nio
152 3410 185 3458 in
204 3423 316 3473 magno.
353 3405 389 3456 Et
405 3409 440 3473 (5,
456 3403 614 3469 26¹1.):Sub
633 3403 687 3457 ilio
706 3405 775 3471 alto,
807 3405 844 3456 Et
872 3402 1116 3472 ob]hoomutsnt

86 3484 238 3527 accentum
257 3475 304 3533 -In
322 3472 422 3524 Latino
447 3475 523 3526 enim
546 3489 675 3524 sermone
700 3489 764 3524 cum
788 3492 860 3544 penu
871 3475 939 3528 tima
956 3479 1115 3549 corripitur,

86 3543 301 3614 antepenultima
318 3542 404 3593 habet
419 3551 579 3606 accentum,
603 3549 633 3603 ut
649 3541 702 3594 hoc
718 3541 794 3594 loco:
821 3543 914 3594 Unius
940 3547 972 3597 ob
999 3565 1112 3602 noram.

85 3613 120 3663 Et
134 3619 235 3664 contra
264 3611 360 3679 (mlz
391 3610 522 3663 Navibus
548 3606 700 3676 infandum
725 3612 842 3664 amissis
868 3602 956 3669 unius
981 3618 1012 3666 oh
1040 3621 1114 3670 iram

86 3679 252 3732 Prodimur..
279 3679 415 3740 Noram,u
438 3697 488 3750 pro
508 3682 632 3731 noxiam.
668 3681 704 3731 Et
720 3679 773 3729 hoc
790 3681 904 3734 interest
918 3684 992 3736 inter
1009 3703 1113 3741 noxam

86 3758 111 3802 st
127 3751 258 3809 noxiam,
276 3749 350 3816 quod
369 3751 455 3799 noxio
474 3749 553 3818 culpa
567 3756 606 3798 est
623 3748 662 3815 [id
679 3755 720 3799 est
739 3749 905 3818 peccatum]:
922 3750 1006 3803 Nora
1020 3763 1114 3808 autem

86 3834 181 3888 poena.
217 3815 348 3885 [Quidam
361 3834 439 3868 noxa
456 3833 526 3885 quae
542 3817 651 3882 nocuit,
670 3821 756 3868 noxia
765 3854 775 3880 ,
792 3819 821 3869 id
839 3820 910 3886 quod
929 3821 1052 3873 nocitum
1069 3843 1113 3877 ae·

86 3889 197 3957 cipiunt.
233 3887 284 3935 San
319 3886 440 3938 latenter
457 3894 546 3954 tangit
570 3885 730 3949 historiam,
747 3887 846 3938 dicitur
863 3887 987 3940 Minerva
1004 3898 1112 3946 tantum

87 3955 264 4008 obsidatum
320 3955 464 4006 ssandram
482 3955 511 4005 in
527 3954 630 4024 templo
647 3971 710 4017 suo,
732 3953 815 4005 solius
831 3956 918 4009 Aiacis
941 3973 1032 4028 poena
1055 3978 1112 4019 non

86 4025 163 4080 luisse
183 4029 332 4089 contente,
350 4031 381 4076 ut
396 4031 492 4094 postea
508 4040 559 4094 per
576 4023 719 4074 oraculum
736 4023 770 4075 da
787 4023 845 4075 eim
861 4036 949 4094 regno
966 4031 1111 4095 quotannis
