2454 4500
271 150 275 157 ¹
297 160 307 205 l

176 294 212 336 us
233 270 388 338 VIRGIL.
411 276 583 339 aeuum.
606 274 686 337 LlB.
709 278 766 351 Ill,
787 284 980 349 452-406·
1034 284 1100 347 227

55 458 219 511 continuam
235 474 292 511 non
309 466 393 524 esset,
416 466 447 509 ut
464 462 656 527 inconsultos,
679 460 802 513 incautos
818 462 950 529 dicirnru,
973 462 1021 531 qui
1037 464 1097 517 siue

57 526 175 580 oonsilio
192 525 298 597 aliquid
314 527 534 595 adgrediuntur]
568 532 603 581 Et
620 531 768 582 consultus
786 538 840 594 est,
864 532 912 597 qui
929 532 1096 595 consulitur;

58 598 260 663 inconsultus,
281 596 330 665 qui
346 612 404 648 non
419 600 520 666 accipit
534 598 687 649 «seruilium.
704 624 739 637 —
772 600 962 667 4513.[Neqna
982 618 1093 670 moree3

57 682 150 735 neque
169 682 224 739 pro
239 666 312 731 non,
335 673 383 716 aut
399 650 488 731 nulla,
512 668 529 717 i.
547 686 570 719 e.
588 667 695 718 nullum
711 666 845 719 damnum
861 678 890 721 te
908 685 940 719 ex
956 685 1036 722 mora
1052 674 1094 723 fe·

56 734 125 789 tsine
140 734 302 787 credideris.
317 758 353 771 -
386 736 448 791 455.
470 734 535 785 Vela
554 747 665 797 vocent,
690 736 777 804 [valde
794 736 894 801 nove,]
918 739 1041 806 qttumvis
1058 738 1094 792 sit

55 818 192 875 prospera
209 802 257 870 (el.
273 802 391 870 provisa)
409 804 554 872 navigatio.
570 830 603 841 -
636 809 698 861 456.
715 805 871 872 [Orocuta3
888 806 960 870 ieta,
977 822 1092 874 respon-

10 904 13 909 ·
57 888 94 927 aa.
108 898 147 913 -··
180 875 245 931 457.
261 870 328 938 Ipsa
347 883 446 933 cauut3
463 891 498 925 ne
515 881 543 923 te
560 871 652 923 mittut
669 872 704 922 ad
721 890 755 925 ea
772 890 844 943 quae
860 874 890 924 in
905 875 978 925 foliis
994 876 1091 943 notat]

60 941 181 1005 Voleusg
204 956 279 1009 quae
294 938 363 995 velle
378 939 472 991 babet.
508 936 581 991 Nain
598 941 722 991 valitura
741 940 811 1011 [aut]
827 948 942 1013 propter
958 945 1091 1011 asperita-

37 1018 112 1065 ¹tem
128 1006 289 1129 {temonis}
305 1008 393 1059 noluit
408 1008 509 1061 dicere.
543 1011 608 1078 [Aut
624 1010 735 1074 volens,
758 1004 824 1079 quia
847 1008 910 1078 cogi
927 1027 984 1063 non
1001 1020 1092 1083 potest

56 1078 233 1143 sluo't,.ut
248 1078 278 1129 in
295 1076 449 1128 sacrificiis:
474 1076 634 1141 Utioolens
652 1075 867 1146 propitiusque]
883 1104 919 1119 ·-
952 1083 1013 1139 458.
1031 1080 1089 1133 ltta

10 1156 15 1218 J
55 1148 108 1201 uti
123 1148 231 1199 Italiae
247 1145 384 1213 populos5
407 1149 504 1213 (quaro
521 1145 556 1196 de
573 1144 673 1213 Sibylla
689 1146 769 1212 dicit,
793 1148 859 1215 quid
875 1146 953 1198 enim
969 1150 1030 1219 plus
1047 1158 1090 1201 est

10 1231 16 1249 ²
56 1214 181 1269 dicttrra?
203 1214 320 1267 Solvitur
342 1212 395 1264 sic:
419 1230 483 1264 curu
507 1214 625 1265 Helenus
648 1214 757 1266 dixisset
779 1223 894 1275 ventura
910 1230 1035 1287 quaeque
1060 1226 1088 1272 et

56 1284 138 1350 belli,
162 1284 258 1335 intulit
279 1296 373 1351 spem,
403 1290 431 1333 et
473 1299 507 1332 uo
532 1298 657 1351 quaeque
680 1282 764 1334 ruodo
788 1284 933 1352 fugiasque
956 1286 1087 1355 ferusque

57 1352 201 1414 laborem.)
235 1350 322 1419 [Bene
345 1350 415 1402 baec
438 1300 474 1402 ul
490 1350 621 1417 Sibyllam
645 1350 764 1415 distulit,
789 1354 854 1421 quia
876 1354 934 1423 ipse
952 1353 987 1405 de
1004 1370 1087 1407 cursu

57 1430 162 1475 tantm
178 1422 367 1487 interrogatus
384 1426 441 1481 est;
465 1427 492 1472 et
509 1419 573 1489 quia
590 1420 663 1471 belle
680 1421 807 1473 terribile
824 1436 927 1473 nomeu
945 1421 1085 1489 intulerat,

57 1492 144 1543 turim
162 1488 296 1543 evadendi
312 1503 391 1555 spem
407 1488 520 1539 adiecit:
545 1488 580 1537 Et
597 1505 651 1554 quo
671 1504 804 1555 quemque
824 1492 903 1541 inodo
923 1490 1085 1559 fugiasque

56 1558 182 1629 ferasque
208 1558 339 1609 laborem.
363 1582 397 1592 -
436 1562 497 1613 460.
527 1555 679 1621 Venerata5
710 1574 794 1625 qvmns
817 1566 848 1608 tu
877 1568 1019 1611 veneratus
1042 1561 1087 1627 sis,

56 1628 93 1681 vel
110 1634 246 1681 venerata
269 1640 321 1695 pro
345 1632 372 1675 te
398 1626 479 1689 deos,
504 1626 521 1676 i,
538 1644 577 1689 e,
600 1626 704 1705 rogatis
727 1641 778 1692 pro
801 1634 829 1678 te
853 1624 924 1691 diis]
947 1655 981 1665 -
1021 1632 1084 1685 461.

55 1696 126 1749 Haeo
144 1708 216 1748 sunt
229 1700 296 1756 οἵοις
312 1694 384 1745 bene
401 1709 465 1744 cuin
484 1693 709 1762 praescriptione,
726 1712 761 1744 ue
777 1693 915 1745 falsidicus
932 1695 977 1747 vel
992 1697 1084 1748 minus

84 1768 154 1819 ritus
167 1770 266 1833 postea
278 1762 603 1833 putaretursacerdos.--
627 1768 689 1819 463.
697 1761 820 1829 [ligimus
829 1764 920 1813 amico
930 1776 970 1813 est
975 1788 985 1828 ,-
1003 1770 1085 1833 poeta

52 1782 156 1889 &vinus
209 1830 304 1884 titiam
320 1846 400 1880 stiunt
416 1831 525 1881 inventu
543 1830 686 1882 occasione
699 1846 812 1900 semper
831 1831 962 1895 ostendit,
986 1836 1083 1885 effatus

52 1918 114 1973 ergo
128 1851 218 1955 verbero
230 1898 357 1965 arrgtuali
375 1898 438 1949 usus
453 1906 501 1964 est,
517 1899 582 1965 quia
599 1898 650 1949 scit
667 1899 728 1950 loca
745 1915 832 1964 sacra,
848 1900 865 1951 i.
880 1918 904 1951 e.
919 1899 954 1951 ab
971 1902 1083 1969 auguri·

51 1972 97 2025 bus
111 1970 300 2039 inaugurate,
318 1965 404 2035 effatu
422 1967 489 2017 dici:
513 1967 588 2034 Ergo
606 1966 736 2036 religioso
754 1967 838 2018 verbo
855 1968 940 2019 voluit
957 1968 1011 2034 uti,
1036 1970 1083 2037 qui

82 2040 136 2092 tuit
160 2040 271 2091 dicere:
296 2032 376 2101 Quae
400 2048 547 2100 postquam
573 2048 650 2086 vates
675 2040 718 2086 sie
743 2054 789 2086 ore
814 2049 854 2087 est
871 2036 958 2105 fatus
982 2041 1083 2089 antico.

48 2056 153 2181 &atio
177 2105 254 2159 dicta
276 2120 308 2157 ex
338 2104 529 2171 prolocutione
551 2104 625 2172 quod
656 2105 705 2156 ubi
731 2103 885 2174 loquimur,
908 2106 1019 2174 fernus.
1048 2132 1084 2145 -

44 2182 105 2239 454.
122 2176 204 2228 Auro
217 2175 338 2243 gravia,-
357 2180 451 2223 utrum
464 2188 558 2236 aurea,
575 2191 612 2225 an
623 2173 721 2243 quibus
735 2188 793 2225 non
806 2173 871 2225 totis
883 2175 973 2226 aureis
987 2174 1081 2227 addito

44 2262 112 2309 apro
128 2244 240 2317 pondus
257 2240 422 2294 accesserit?
445 2239 484 2305 et]
503 2238 629 2305 Gravia,·
647 2260 679 2307 u,
702 2241 840 2293 iinalitatis
857 2243 965 2295 ratione
981 2244 1083 2313 produ-

43 2316 128 2369 citur:
152 2312 284 2367 sedeatis
301 2328 405 2380 aspere.
438 2309 512 2359 Nam
528 2310 559 2360 iu
575 2311 680 2362 nullam
697 2310 798 2363 desiuit
813 2320 1026 2363 consonantem:
1053 2320 1083 2363 ut

43 2384 85 2451 (E.
104 2382 247 2449 10,69.):
271 2380 378 2431 Omnia
398 2379 487 2427 vincit
504 2396 599 2445 arnor,
623 2389 647 2429 et
666 2397 717 2429 uos
737 2380 867 2428 cuduinus
885 2382 984 2430 amori.
1009 2382 1082 2433 Item

43 2457 109 2519 (10,
125 2448 223 2513 394.);
252 2448 287 2499 As
317 2449 372 2497 tibi
395 2446 535 2513 Thymbre
561 2458 645 2513 caput
669 2447 833 2497 Evandrius
858 2449 976 2498 abstulit
994 2452 1079 2502 ensis.

42 2520 148 2589 (Quare
165 2517 272 2570 liceat?
307 2514 439 2569 Solvitur:
465 2516 562 2581 liceat,
586 2533 658 2583 quae
674 2516 777 2568 leviora
794 2523 871 2576 sunu
894 2532 979 2587 supra
1003 2516 1080 2569 enirn

40 2590 128 2647 uerit
144 2586 182 2640 de
199 2593 293 2637 morte
310 2585 411 2654 patris;
429 2601 496 2636 nain
514 2585 642 2635 dicuntur
660 2584 771 2636 difficile
789 2600 921 2654 responsu
938 2586 1081 2653 praedice-

39 2656 88 2719 re.)
121 2656 161 2709 Et
189 2655 299 2719 ‚hent03
316 2669 369 2723 pro
387 2652 472 2705 ebore
489 2653 591 2723 posuit,
609 2652 717 2704 Graece
734 2652 806 2702 dixit.
827 2680 862 2689 -
895 2656 957 2711 465.
975 2652 1079 2721 stipat,-

40 2726 165 2792 densat(
193 2724 260 2778 uelf.
277 2724 297 2774 1.
315 2720 427 2785 denset).
463 2722 540 2775 Unde
560 2724 708 2787 stipatores
725 2719 869 2786 dicuntur,
895 2722 989 2789 quiin
1005 2722 1080 2773 navi-

39 2794 88 2847 btn
104 2800 297 2862 componunt,
320 2809 337 2843 a
354 2792 428 2857 stipa
448 2790 550 2856 (Guell'.
567 2793 586 2839 l.
605 2805 692 2854 cornp.
708 2787 853 2855 styppom).
871 2814 907 2829 -
940 2794 1001 2848 466,
1021 2789 1080 2841 Do.

41 2864 181 2927 douaeds;
198 2861 232 2930 [i.
249 2859 306 2925 e.,]
323 2859 485 2929 Epiroticas.
519 2859 542 2907 A
558 2858 667 2909 civitate
685 2858 764 2923 Epiri
781 2856 911 2909 Dodona:
927 2858 1047 2910 latiduvit
1062 2878 1081 2912 a

38 2932 172 2999 regione,
189 2936 221 2980 ut
237 2946 307 2979 vasu
323 2927 486 2979 Corinthia:
512 2925 638 2993 [quidum
654 2926 750 2977 dicunt
766 2923 820 2989 ita,
845 2924 894 2977 ubi
909 2943 955 2977 ees
973 2927 1079 2994 optime

39 3002 149 3065 ium,
162 2998 235 3049 siout
252 3004 281 3049 et
296 2997 370 3064 apud
388 2994 570 3047 Corinthum:
588 2994 633 3047 vel
649 2992 835 3060 Dodoueeos,
859 2994 953 3062 quales
970 2996 1079 3047 suntin
1177 3046 1180 3053 ,

39 3066 317 3141 templo'Dodonuei
332 3064 418 3115 Iovis.
454 3065 529 3115 Haec
546 3069 640 3115 autem
657 3063 735 3127 regio
753 3061 782 3113 in
801 3060 900 3112 furibus
917 3063 1079 3114 Aetolorum

39 3146 95 3203 est,
117 3136 170 3189 ubi
186 3135 244 3187 Iovi
262 3141 290 3186 et
306 3133 407 3185 Veneri
423 3132 559 3203 ternplum
584 3148 600 3183 a
617 3130 754 3184 veteribus
770 3129 862 3182 fuerat
878 3138 1078 3182 consecratum.

39 3206 120 3259 Girca
137 3204 195 3257 boo
209 3202 347 3270 templum
364 3217 480 3270 quercus
497 3199 627 3253 immanis
644 3200 727 3251 luisse
742 3197 850 3262 dicitur,
867 3216 898 3250 ex
911 3199 987 3249 euius
1004 3199 1077 3250 rarii·

39 3274 114 3327 sibus
130 3274 195 3327 fons
211 3271 361 3335 mussabat,
384 3270 432 3338 qui
449 3285 498 3318 suo
516 3284 661 3320 murmure
685 3266 816 3318 instinctu
832 3268 949 3318 deorum
966 3267 1077 3319 diversis

40 3342 152 3397 oracula
167 3340 317 3394 reddebat:
344 3356 416 3407 quae
440 3354 585 3388 mtumura
611 3353 678 3389 auus
695 3334 782 3387 Pelias
805 3335 921 3387 nomine
939 3335 1076 3403 interpre-

38 3418 94 3465 tata
115 3410 279 3464 bominibus
303 3407 465 3460 disserebat.
499 3405 552 3457 Sed
576 3421 641 3456 cum
664 3404 710 3457 bic
736 3404 804 3454 ordo
822 3404 1075 3473 oraculorum-per

39 3481 126 3535 multa
148 3488 278 3549 tempora
300 3478 433 3540 stetisset,
456 3472 491 3525 ab
508 3476 578 3526 Arce
600 3473 708 3526 latrone
724 3471 834 3523 Hillirio
852 3469 963 3539 (Illyrio)
989 3473 1076 3524 excidi

39 3565 156 3619 quercias
172 3553 323 3629 praecepta
341 3553 394 3606 est3
420 3545 492 3595 unde
509 3544 614 3594 factum
631 3551 686 3607 est,
708 3549 739 3591 ut
756 3548 850 3610 postea
867 3540 979 3592 fatidica
997 3558 1074 3591 inur-

38 3634 119 3671 mura
144 3618 318 3670 cessaverint
352 3615 490 3665 Narratur
514 3620 541 3663 et
558 3612 638 3664 aliter
660 3609 769 3663 fabula:
793 3608 917 3677 Iuppiter
934 3612 1076 3677 qnondam

37 3687 132 3741 Hebae
155 3685 232 3739 filiae
260 3682 361 3741 tribuit
384 3683 451 3733 duas
475 3679 616 3731 columbas
645 3680 799 3731 humanam
823 3692 921 3729 vocem
954 3680 1075 3742 edentes,

104 3772 156 3807 um
168 3754 266 3806 'altera
290 3750 440 3823 provolavit
463 3750 492 3799 in
509 3749 643 3800 Dodonae
666 3748 851 3815 glandiferam
866 3745 971 3797 ⁴silvam
988 3746 1076 3816 Epiri,

37 3825 130 3896 iique
154 3822 280 3875 consedit
308 3819 339 3871 in
363 3818 464 3872 arbore
489 3816 636 3881 altissima,
666 3814 862 3886 praecepitque
893 3815 919 3866 ei
943 3814 991 3883 qui
1014 3823 1075 3866 tum

38 3910 97 3947 eam
120 3891 297 3957 succidebat,
321 3895 353 3939 ut
374 3887 409 3938 ub
433 3893 539 3939 saorata
564 3901 668 3955 quercu
690 3886 800 3936 ferrum
824 3882 989 3950 sacrilegum
1012 3884 1075 3934 sub·

35 3969 175 4017 moveret:
198 3960 239 4011 ibi
263 3956 408 4011 oraculum
424 3955 493 4007 Iovis
517 3955 697 4006 constitutum
722 3960 776 4016 est,
799 3951 830 4002 in
854 3967 908 4019 quo
933 3960 996 4002 sunt
1012 3968 1075 4003 vasa

34 4048 136 4101 aenea,
160 4038 232 4101 quae
255 4042 312 4081 uno
336 4032 411 4078 tactu
436 4025 560 4079 universa
583 4021 709 4074 solebant
725 4036 833 4072 sonare.
868 4018 962 4071 Altera
979 4028 1074 4073 autem

810 4133 867 4192 1⁵*
