2454 4500
156 247 220 318 192
284 219 296 283 ί
316 206 332 299 .’
418 226 561 351 tantu
579 197 964 323 counaurmios‘
1038 297 1050 316 ,

153 430 206 483 clei.
232 424 278 491 ,Et
293 423 347 478 hoo
363 425 512 494 augurium
536 426 610 481 imta
632 431 796 498 originalem
819 427 996 499 disciplinam
1004 414 1121 495 ,dicans
1146 437 1193 499 est,

152 497 227 569 qood
243 496 396 565 appellatur
414 497 572 562 tripudium
596 500 767 564 sonubium,
789 499 808 553 i.
826 517 850 551 e.
867 516 885 550 a
899 514 968 550 sono
986 495 1021 554 ad
1038 502 1195 571 quoti'per·

152 569 231 630 tinet,
247 567 270 615 si
286 565 370 617 arbor
386 572 484 632 sponte
500 566 639 617 radicibus
657 567 821 636 (radicitus)
839 567 927 632 cadat,
942 568 966 618 si
982 577 1061 627 terra
1078 577 1190 634 treme,

93 650 96 655 ·
152 636 226 708 quod
242 633 289 685 hic
305 636 414 686 Aeneae
430 633 536 684 factum
549 635 681 706 ‘ostendit
697 645 848 704 antequam
863 649 928 688 voce
947 636 1041 688 divina
1056 652 1188 706 responsa

152 704 231 774 perci
251 701 333 768 eret]
377 701 446 765 Viso
473 713 598 770 repente,
625 704 731 754 Stoicos
754 712 789 757 et.
805 700 982 757 Academicos
1006 713 1117 758 secutus
1140 717 1188 773 est,

152 768 200 843 qui
223 721 333 836 dicunt,
355 778 477 838 eaquae
495 780 594 824 contra
616 780 746 824 naturam
770 780 846 838 sunt,
870 787 928 823 non
943 771 1104 839 termes
1128 775 1188 830 lieri

151 842 248 893 rideri.
281 839 360 890 Unde
383 837 493 904 magica
518 857 563 892 ars
580 843 608 909 [a
624 838 776 905 Romanis]
802 840 892 892 omnis
909 840 1016 892 exclusa
1039 851 1096 905 est:
1118 845 1188 911 sicut
1218 844 1221 849 ’

55 940 57 945 -
123 910 253 965 *Plinius
269 906 408 961 Secundus
424 907 505 960 docet
520 909 694 961 in'Naturali
710 909 831 961 Historia
855 909 913 974 (lib.
931 908 967 971 3.)
991 910 1142 978 [Quocirca
1157 920 1187 966 es

28 980 34 987 “
88 1012 95 1024 .
134 979 222 1030 ‚Dido
235 976 374 1029 inducitur
387 976 480 1028 dicens
495 980 624 1044 (5,443.);
640 978 773 1053 Magicus
788 979 879 1029 invita
895 980 1187 1047 accingier-arteni·-

151 1053 195 1106 91.
212 1044 397 1112 Liminaqu'e3
423 1063 475 1113 que
493 1046 581 1098 brevis
603 1055 646 1098 est
667 1058 720 1114 pto
744 1047 828 1114 longa
852 1046 957 1113 posita:
981 1064 1058 1115 miae,
1079 1048 1183 1112 (Burni.

152 1117 241 1184 qued)
265 1114 319 1165 hac
341 1115 452 1181 ratione
474 1114 643 1166 defenditur:
665 1123 713 1167 aut
736 1115 801 1183 quia
824 1115 919 1165 ormiia
936 1117 1132 1184 ¹monosyllaba
1147 1118 1183 1174 ad

151 1190 242 1237 artem
258 1200 315 1234 non
331 1183 481 1251 pertinent,
498 1190 527 1234 et
542 1182 585 1237 his'
601 1183 717 1236 licenter
733 1183 774 1234 uti
791 1182 864 1250 (Vos.
884 1187 926 1234 uti
944 1184 1012 1247 non)
1029 1201 1183 1256 pessumum

75 1305 79 1311 ,
150 1255 205 1309 Aut
219 1261 303 1316 certe,
320 1253 384 1320 (suia
402 1268 484 1304 omne
501 1246 606 1329 pipios,
624 1252 682 1304 ie.
703 1251 838 1323 partiariis
855 1268 925 1320 quae
942 1252 984 1303 sni
1000 1253 1184 1321 substantiam

152 1321 325 1386 nonhabet,
347 1321 506 1372 membrum
523 1329 635 1388 putatur
658 1320 815 1388 superioris,
825 1321 971 1386 orationis,
995 1322 1070 1390 quod
1087 1323 1112 1374 si
1128 1333 1183 1385 esta

151 1392 308 1458 liminaque
326 1384 409 1457 quasi
427 1405 482 1442 rina
505 1405 569 1460 pars
586 1389 717 1442 orationis
734 1397 788 1440 est:
813 1397 842 1440 et
857 1396 949 1456 potest
962 1387 1026 1455 Que
1043 1390 1183 1446 finalitatis

149 1458 258 1512 ratione
283 1457 325 1510 vel
340 1456 470 1533 produci,
493 1457 536 1510 vel
551 1458 662 1525 corripi.
697 1456 877 1524 [Laurusque
896 1459 941 1508 dei
947 1477 955 1520 ς
982 1459 1111 1512 antideo
1129 1463 1183 1514 sin·

118 1562 120 1567 -
147 1527 298 1650 polariter,
314 1527 379 1594 quia
394 1526 425 1577 in
441 1525 511 1578 Delo
531 1526 622 1579 Insula
637 1528 730 1579 latirus
746 1526 865 1594 Apollini
882 1534 1042 1579 consecrata
1058 1537 1114 1595 est,
1136 1536 1184 1581 ant

159 1613 242 1646 sicum
257 1594 340 1660 dicit,
363 1602 414 1645 aut
429 1595 496 1662 'quia
511 1595 643 1660 traditur,
659 1594 797 1645 Latonam
818 1595 886 1646 duas
902 1594 1010 1646 Laurus
1026 1598 1182 1665 amplexam

38 1702 42 1711 «
77 1696 90 1729 ¹.
148 1665 270 1717 Dianam
294 1670 322 1714 e't
336 1662 493 1731 Apollinem
516 1665 632 1715 esrixam.
666 1662 770 1714 Fabula
794 1678 861 1714 sane
883 1662 919 1714 de
935 1662 1029 1716 Lauro
1055 1667 1118 1718 talis
1134 1676 1182 1733 est,

58 1729 60 1736 '
148 1734 267 1801 Daphne
285 1728 383 1798 Penei,
407 1731 497 1784 velut
513 1729 561 1784 alii
577 1731 898 1797 dicuntLadonisiilia,
921 1731 958 1782 ab
975 1732 1101 1800 Apolline
1118 1737 1183 1789 ada.

123 1858 127 1864 ,
148 1810 224 1856 mats
242 1809 296 1873 pst,
320 1819 337 1853 a
354 1818 408 1869 qua
424 1817 490 1851 cum
505 1801 637 1868 precibus
654 1808 681 1852 et
697 1799 837 1870 promissis
854 1816 910 1851 non
928 1801 1062 1867 potuisset
1077 1804 1181 1875 Apollo,

148 1879 179 1922 ut
194 1867 289 1923 secum
305 1870 518 1934 concumberet,
540 1869 707 1939 impetrare,
729 1869 788 1919 tim
806 1868 832 1920 ei
850 1869 982 1920 adhibere
998 1878 1115 1922 conatus
1133 1881 1181 1940 ert,

147 1953 266 2007 eumque
280 1955 344 1992 eam
356 1939 556 2006 insequeretur,
572 1942 600 1990 et
616 1936 663 1990 illa
679 1938 787 2005 fugiens
801 1937 946 1990 defecisset
960 1937 1070 2004 lassata,
1086 1948 1180 1996 terrae

135 2007 304 2074 *imploravit
321 2007 466 2071 aprilium,
489 2022 575 2074 quam
591 2013 668 2058 terra
684 2006 762 2057 hiatu
778 2007 853 2057 facto
869 2006 989 2072 recepit,
1018 2014 1047 2061 et
1062 2022 1124 2076 *pro
1147 2027 1181 2063 ea

147 2078 280 2129 arborem
296 2076 398 2139 edidit,
413 2089 485 2144 qliae
504 2075 611 2127 Graece
627 2082 732 2126 nomen
748 2088 830 2133 sturm
845 2074 975 2137 retinuit,
991 2075 1092 2145 Latine
1107 2077 1182 2132 Lau·

146 2161 193 2197 rus
211 2145 324 2207 dicitur,
348 2145 396 2196 sed
413 2143 509 2210 Apollo
533 2160 596 2194 eam
619 2145 706 2195 etiam
729 2150 865 2193 mutatam
888 2139 928 2193 ita
944 2138 1057 2208 dilexit,
1079 2147 1117 2198 ud
1135 2149 1181 2200 ad·

68 2268 70 2271 ,
146 2213 283 2264 scriberet
300 2211 491 2279 efficeretque,
515 2213 682 2291 nt‘propter
700 2212 887 2279 virginitatem
910 2220 1046 2264 servatam
1068 2229 1179 2284 semper

144 2281 253 2336 vireret.
294 2279 420 2345 Moneri,
446 2280 511 2348 quia
536 2281 629 2348 opinio
652 2289 693 2332 est
716 2282 767 2332 sub
791 2280 908 2331 adventu
930 2281 1048 2332 deorum
1072 2282 1179 2338 moveri

144 2347 267 2416 templa]
284 2373 318 2386 ··-
353 2355 396 2406 92.
420 2347 521 2413 Mons3
548 2351 677 2416 Cynthus.
712 2349 790 2400 Unde
810 2349 948 2414 Cynthius
966 2349 1074 2414 Apollo.
1112 2352 1178 2405 Cor-

146 2420 225 2481 tina,·
247 2420 322 2469 locus
347 2419 419 2469 unde
443 2418 587 2468 oraculum
611 2419 700 2470 datur.
734 2417 842 2468 Dicitur
865 2425 959 2468 autem
984 2423 1115 2489 eortina,
1138 2422 1177 2476 vel

145 2488 220 2555 quod
236 2483 366 2553 Apollinis
389 2487 475 2553 tripos
493 2485 600 2554 (tripos)
625 2487 701 2537 corio
717 2485 846 2553 Pythonis
863 2494 950 2538 tectus
968 2494 1023 2538 est:
1040 2486 1089 2540 <vel
1105 2491 1178 2558 quod

143 2563 220 2607 certa
237 2556 311 2608 illinc
327 2571 459 2622 responsa
476 2556 643 2620 fundimtur,
660 2554 738 2622 quasi
756 2557 880 2620 certina,
905 2555 960 2619 vel,
986 2556 1060 2622 quod
1077 2567 1118 2609 est
1136 2576 1179 2611 ve·

142 2624 215 2690 rius,
232 2623 296 2692 quia
313 2637 361 2674 cor
378 2622 434 2674 illic
450 2624 517 2673 vatis
533 2631 651 2676 tenetur.
686 2624 758 2672 Nam
775 2639 891 2675 caverna
909 2625 1046 2690 quaedam
1063 2625 1093 2677 in
1110 2633 1177 2679 tem·

162 2693 189 2743 lo
213 2692 343 2759 Apollinis
368 2693 420 2743 fuit
465 2693 500 2743 ad
523 2709 609 2760 quam
633 2690 758 2742 Phoebas
789 2700 871 2759 rapta
901 2693 1117 2760 vaticinabatur,
1148 2703 1177 2747 ut

141 2708 269 2812 {sicanus
293 2764 341 2827 (5,
362 2766 420 2817 159.
461 2760 587 2813 ostendit.
616 2760 684 2877 limi
709 2762 847 2820 cortinam
871 2761 948 2829 quasi
972 2764 1096 2812 artinam
1122 2772 1177 2815 tra·

142 2829 223 2893 dunt,
240 2829 394 2897 quodinde
407 2845 456 2881 vox
470 2827 583 2881 oriatur.
645 2829 764 2890 eclusis3
783 2846 856 2880 num
874 2829 988 2896 apertis:
1006 2827 1073 2881 alitis
1085 2830 1175 2884 denuo

141 2896 242 2963 clusis]
257 2923 302 2935 -—·
327 2903 369 2954 93.
389 2897 542 2948 Summitti
547 2918 556 2962 ,·
574 2896 708 2949 inclinati.
743 2898 854 2965 [Utrum
872 2912 991 2965 corpore
1010 2915 1046 2950 sm
1064 2900 1175 2952 anima?

142 2982 177 3018 an
195 2967 258 3036 quia
276 2967 410 3034 supplices
426 2970 572 3035 rogamus,
597 2983 632 3018 an
648 2963 722 3031 quod
738 2981 834 3016 verum
853 2975 909 3030 est,
932 2967 1110 3032 Inclinatil]
1141 2971 1176 3021 Et

139 3037 297 3099 sciendum,
314 3052 364 3101 pro
383 3036 513 3103 qualitate
530 3035 692 3098 numinum,
710 3042 820 3086 orantes
837 3034 977 3086 interdum
994 3038 1067 3102 ima,
1090 3035 1175 3090 inter·

140 3105 207 3156 dum
224 3117 333 3155 summa
349 3105 495 3171 respicere.
516 3104 602 3165 „Nam
621 3111 768 3170 potestates
786 3104 856 3156 aliae
871 3103 1000 3155 coelestes
1016 3111 1087 3172 sunt,
1106 3104 1174 3160 aliae

138 3182 278 3239 terrenae,
303 3173 373 3224 aliae
397 3175 559 3239 permixtae.
607 3171 686 3240 Unde
709 3186 782 3222 nstnc
806 3171 963 3239 Apollinem
985 3173 1174 3241 deprecantes,

138 3249 244 3295 terram
260 3250 364 3310 petunt.
400 3243 460 3310 Ipse
478 3243 554 3294 enim
572 3248 614 3293 est
631 3248 658 3292 et
675 3237 733 3303 Sol,
752 3248 780 3291 et
797 3240 883 3292 Liber
900 3249 987 3307 pater,
1005 3243 1053 3309 qui
1070 3244 1173 3295 inferos

158 3309 224 3363 etiit.
267 3312 303 3361 Ut
325 3308 419 3361 Horat.
451 3311 489 3360 Te
512 3310 585 3361 vidit
616 3310 757 3360 insomnis
783 3308 939 3361 Cerberus..
969 3308 1092 3362 Petimus
1123 3324 1170 3364 ter.

137 3329 213 3431 lene
232 3395 298 3446 ergo
315 3386 421 3431 terram
437 3387 551 3450 petunt,
577 3378 649 3430 unde
674 3378 710 3429 ad
727 3392 772 3429 eos
790 3393 921 3449 responsa
944 3380 1121 3444 perveniunt:
1145 3387 1173 3434 et

67 3477 72 3491 ι
165 3448 202 3498 ria
223 3448 319 3515 Apollo
346 3449 430 3500 etiam
460 3448 556 3498 inferis
578 3455 660 3497 notus
684 3453 732 3499 est.
759 3473 795 3482 ·-
835 3449 880 3503 94.
904 3445 1109 3514 Dardanidae,-
1142 3457 1173 3500 ut

136 3464 265 3580 diximus,
291 3517 407 3569 obscura
430 3517 557 3584 quidem,
581 3514 629 3567 sed
652 3531 717 3567 vera
740 3522 803 3564 sumt
828 3514 929 3565 omnia.
965 3515 1039 3571 Nam
1056 3517 1171 3571 dicerido

135 3583 337 3650 Dardanidae,
368 3585 486 3637 ostendit
507 3584 632 3646 Italiam,
665 3584 737 3636 unde
762 3583 908 3636 Dardanus
932 3582 996 3634 luit.
1039 3585 1120 3654 Quod
1148 3584 1173 3638 si

135 3651 249 3704 Cretam
273 3650 484 3720 significaret,
538 3651 712 3703 Teucriadae
769 3652 823 3717 (Al.
881 3650 1052 3715 Teucridue)
1099 3655 1173 3707 dice·

133 3728 184 3773 ret.
220 3719 298 3772 Duri
303 3745 313 3786 ,·
336 3723 379 3775 vel
395 3724 521 3775 iutisrum
539 3720 658 3773 ostendit
675 3720 817 3777 laborem:
839 3720 883 3772 vel
905 3735 1003 3771 eorum
1021 3723 1114 3791 arguit
1129 3722 1173 3775 in·

133 3787 307 3856 apientiam,
330 3791 395 3860 [qui
418 3790 584 3842 intellecturi
608 3804 666 3839 non
689 3788 821 3854 fuerant]
856 3789 974 3856 stirpen
988 3790 1061 3868 [hoc
1083 3790 1171 3844 verbo

133 3855 261 3909 Troianis
284 3860 372 3910 factus
396 3867 437 3912 est
453 3868 552 3912 terror.
588 3855 670 3921 Sane]
695 3860 781 3924 stirps
799 3873 902 3926 genere
926 3856 1062 3910 iemmino
1086 3859 1171 3928 origi·

131 3942 198 3981 nem
215 3926 363 3994 significat,
386 3937 417 3978 ut
434 3933 477 3993 (7,
494 3925 582 3986 293.):
609 3919 672 3976 Heu
697 3929 811 3992 stirpem
837 3929 980 3993 invisum3
1007 3927 1172 3991 masculino,

93 4052 96 4059 ,
131 3996 277 4051 arborem:
304 4004 334 4052 ut
357 3999 423 4068 (12,
439 3996 527 4064 770·):
549 3994 601 4052 aaa
625 3996 739 4064 stirpem
760 3993 864 4053 Teucri
890 3996 971 4065 nulle
998 3996 1172 4054 discrimino
