2454 4500
105 269 171 332 298
366 261 505 326 statut
527 263 874 371 COMMENTARIUS

102 447 213 514 buta,
234 455 266 501 ut
278 445 362 519 paulo
378 456 439 519 post
461 447 553 516 (tos-t:
575 449 733 519 Natumque
755 463 912 522 patremque
930 452 1003 504 Cum
1110 472 1125 507 e

101 519 259 582 utinsem,
281 529 377 568 memet
397 534 480 584 super
503 519 564 585 ipsa
589 520 732 572 dedissem.
772 519 859 575 Haud
882 524 988 589 ignaru
1004 469 1122 590 ἶπες

100 600 212 637 memor
227 601 292 637 suae
306 584 495 652 dispositionis.
512 612 547 624 —
581 593 640 644 509.
658 589 748 656 [Stant
764 607 830 641 arae
846 591 968 655 circum,·
987 598 1036 642 aut
1052 598 1122 654 estut,

100 661 150 704 ant
171 655 355 706 circumstant
397 653 495 704 crines
518 648 628 724 iffuso3
653 658 743 710 crines
766 660 865 711 effusos
885 658 1009 724 habens,
1031 665 1064 708 ut
1085 661 1121 723 (7,

100 721 189 785 Ml:
218 722 289 774 Pteer·
313 733 392 772 touta
416 720 526 791 Labici.
567 723 716 790 Sacerdos3
746 726 887 794 quaeritur
911 745 930 778 a
952 725 1119 797 quibusdam

97 805 172 861 miae
193 791 229 842 eit
249 791 317 842 haec
340 790 480 856 sacerdos,
503 791 567 859 quia
589 792 664 844 illam
685 790 777 860 ipsam
802 794 888 865 accipi
910 795 1019 858 volunt,
1049 803 1119 872 guae

98 873 184 926 supra
199 860 273 911 dicta
295 865 349 924 est,
370 865 503 928 tanquam
526 860 588 911 licta
604 878 621 912 e
637 861 751 913 Didone.
784 862 858 930 Ergo
874 863 946 914 hanc
964 861 1119 913 adhibitam

98 926 137 980 ad
151 935 259 999 tempus
280 926 360 977 huius
384 926 467 978 officii
491 929 662 981 sacerdotem
678 927 790 994 volunt]
806 957 841 967 -
874 936 934 988 510.
951 929 1117 981 Tercentum

99 1004 181 1048 tonet
203 1013 249 1049 ore
272 995 352 1055 deos;
374 1012 432 1048 non
454 1007 603 1046 tercentum
628 998 707 1048 deos:
732 998 780 1050 sed
801 1005 878 1050 tonat
897 998 982 1050 tertio
1005 1004 1119 1050 centum
1142 1034 1145 1039 -

97 1062 366 1187 (condescensum)
391 1065 507 1116 numina
528 1066 654 1118 Hecates:
681 1066 755 1133 uude
777 1064 828 1134 [et]
848 1067 951 1119 Hecate
973 1066 1050 1118 dicta
1071 1071 1119 1132 est,

113 1130 210 1197 miv,
232 1133 252 1185 i.
274 1149 299 1183 e.
327 1139 440 1183 centum
469 1138 613 1202 potestates
636 1132 747 1186 habens.
786 1134 884 1184 -Tonat
912 1141 1007 1187 autem
1027 1133 1118 1216 perite

97 1198 172 1255 dixit.
205 1202 237 1252 ln
252 1198 351 1259 talibus
368 1201 415 1265 (al.
427 1201 581 1267 aliquibus)
598 1201 672 1253 enim
688 1201 771 1253 sacris
786 1201 965 1255 imitabantur
980 1209 1118 1263 tonitrum

96 1270 157 1353 [sed
173 1269 265 1336 praeci
287 1283 320 1319 ue
336 1267 367 1318 in
382 1269 515 1321 Hecatae:
537 1276 584 1319 ant
608 1281 686 1320 tonat
708 1271 782 1321 clara
799 1285 864 1321 voce
886 1278 996 1323 etcum
1017 1268 1118 1321 fiducia

41 1356 50 1367 ·
96 1336 223 1403 mrocat]
255 1286 411 1403 Herebum
436 1337 589 1388 inferorum
612 1338 834 1408 profunditatem.
851 1363 885 1376 -
924 1337 1115 1406 stt-[Terge-

98 1408 257 1473 minomque
274 1401 397 1455 Hecaten
403 1428 413 1470 ,-
431 1405 544 1474 atridam
553 1405 681 1458 Hecaten
696 1405 799 1458 dictam
817 1422 877 1473 esse,
890 1406 1019 1470 tradunt,
1040 1404 1115 1475 ,qttod

59 1478 63 1487 '
96 1476 196 1533 adem
213 1482 240 1526 et
254 1472 345 1524 Diana
360 1473 395 1523 sit
411 1480 439 1524 et
453 1473 629 1538 Proserpina,
653 1468 707 1525 eiad
731 1471 788 1526 τῶν
813 1474 959 1544 ἑκατέρων,
984 1473 1027 1526 vel
1043 1471 1116 1542 quod

96 1542 226 1613 Apollinis
248 1554 326 1591 soror
348 1540 399 1606 sit,
421 1540 470 1609 qui
492 1547 533 1593 est
548 1539 724 1610 incenditur,
749 1550 777 1595 et
794 1543 952 1595 sectandum·
966 1541 1118 1594 Hesiodum

95 1614 197 1666 Hecate
215 1616 243 1662 et
259 1608 364 1659 Titanis
381 1617 409 1660 et
422 1610 543 1662 Asteriae
559 1611 614 1662 fllia
631 1618 686 1676 est,
701 1611 791 1662 Diana
808 1619 836 1663 et
850 1611 918 1662 Iovis
934 1616 964 1662 et
979 1608 1117 1661 Latonae:

95 1678 267 1749 Persephone
282 1676 349 1727 Iovis
367 1685 395 1729 et
411 1676 536 1743 Cereris,
558 1695 641 1748 qtram
657 1679 846 1748 genealogiam
868 1678 1036 1746 posteriores
1052 1691 1116 1728 con·

94 1744 243 1808 fuderunt]
278 1744 347 1795 Tria
366 1746 489 1813 virginis
507 1765 556 1797 ora
574 1746 705 1812 Dianae5
721 1747 832 1799 iteratio
848 1755 888 1800 est
903 1745 1040 1815 [eiusdem
1054 1741 1115 1808 teil,

95 1816 205 1878 Liuiae,
221 1812 339 1876 Dianae,
354 1814 543 1884 Proserpinae.
577 1816 623 1882 [Et
639 1831 704 1866 cum
719 1824 904 1885 super-terras
921 1821 977 1878 est,
993 1812 1114 1866 creditus

95 1901 154 1940 estc
169 1883 263 1946 Luna,
285 1897 349 1931 cum
370 1883 512 1948 interris,
534 1882 640 1948 Diana,
663 1900 728 1934 cum
749 1883 799 1935 sub
821 1883 916 1946 terris,
937 1880 1116 1952 Proserpinae

95 1951 264 2022 Quibusdam
279 1949 341 2000 idco
358 1949 495 2020 triplicem
512 1951 614 2020 placet,
637 1951 702 2018 quia
718 1952 797 2002 Luna
819 1959 876 2003 tres
897 1950 999 2019 figuras
1023 1949 1115 2012 habat,

116 2022 185 2073 rima
202 2027 332 2084 tanquam
351 2018 387 2082 C,
404 2035 518 2086 sequens
534 2026 666 2085 tanquam
684 2035 714 2085 ς).
732 2057 739 2072 .
757 2057 763 2070 .
781 2014 1112 2085 ¹'(tertia)tant1uam0.

93 2036 225 2142 bornuni
248 2086 363 2137 eandem
387 2085 536 2150 Lucinam,
565 2087 698 2152 Dianam,
727 2090 849 2140 Hecaten
872 2080 1022 2154 appellant,
1053 2084 1114 2136 ideo

95 2158 159 2227 quia
175 2155 224 2205 uni
240 2153 308 2204 deae
325 2161 381 2204 tres
398 2154 542 2220 adsignant
559 2163 719 2221 potestates,
736 2155 878 2220 nascendi,
893 2154 1014 2218 valendi,
1032 2151 1113 2202 mori·

95 2226 172 2289 endi,
203 2231 230 2274 et
253 2222 364 2289 quidem
387 2223 514 2273 nascendi
537 2223 673 2274 Lucinam
696 2226 776 2275 deam
800 2241 856 2275 esse
879 2222 987 2287 dicunt,
1010 2218 1114 2273 valendi

92 2294 228 2355 Dianam,
251 2289 386 2340 moriendi
402 2291 537 2353 Hecaten,
561 2291 596 2340 ob
615 2309 698 2359 quam
715 2293 850 2359 triplicem
866 2297 1045 2360 potestatem,
1067 2288 1113 2339 tri·

93 2364 214 2415 formem
231 2375 293 2409 cam
309 2358 500 2425 triplicemque
520 2358 669 2423 linxerunt,
691 2361 812 2419 cuius‚in
829 2360 914 2409 triviis
931 2359 1035 2424 templa
1051 2358 1110 2408 ideo

93 2425 271 2490 struxerunt]
295 2453 330 2461 -
379 2433 438 2482 512.
465 2426 617 2477 Simulatos
640 2429 735 2496 fontis
760 2430 873 2489 averni,·
903 2426 933 2476 in
956 2426 1055 2490 sacris,
1084 2431 1112 2473 ut

94 2514 175 2567 supra
193 2499 234 2561 (2,
253 2494 323 2556 116.)
341 2494 470 2557 diximus,
493 2512 562 2612 (Eam
580 2496 700 2548 exhiberi
717 2511 773 2546 non
790 2501 933 2564 poterant,
949 2493 1110 2544 simulabam·

94 2574 152 2617 tur:
178 2572 206 2615 et
223 2571 302 2613 crant
319 2578 370 2627 pro
388 2563 464 2611 veris.
522 2582 572 2614 ene
590 2573 681 2615 atatem
698 2566 731 2616 dc
748 2566 867 2627 Averno,
893 2576 1044 2628 perquem
1067 2562 1109 2612 de·

94 2648 201 2684 scensas
219 2630 253 2680 ad
274 2629 378 2680 inferos
396 2630 502 2680 dicitur.
520 2659 555 2667 —-
589 2633 799 2688 513.Falcil1us
823 2640 888 2692 etc.;
912 2630 1017 2681 herbae
1041 2629 1110 2682 cuim

93 2699 162 2769 [aut]
179 2698 327 2750 secundum
343 2699 480 2749 rationem
497 2698 591 2749 Lunae
608 2701 752 2763 tolluntur,
768 2700 825 2765 [aut
841 2700 870 2749 in
887 2713 955 2766 quas
972 2697 1110 2767 despuma-

94 2769 166 2820 cerit
181 2769 272 2816 Luna:
296 2766 365 2815 sicut
381 2765 507 2816 Lucanus
531 2772 570 2833 (6,
588 2769 673 2831 505.):
696 2769 792 2818 Donec
815 2769 975 2833 subpositas
999 2769 1108 2832 propius

95 2837 234 2903 despumet
253 2836 282 2884 in
301 2833 417 2897 berdan]
451 2835 507 2884 Nec
526 2851 620 2886 omncs
638 2838 734 2889 eodem
753 2836 843 2886 modo.
878 2833 956 2884 Unde
981 2835 1070 2901 perite
1086 2838 1108 2884 et

95 2907 176 2955 ainis
188 2903 318 2970 saltibus
335 2902 413 2952 dixit:
430 2903 493 2971 quia
511 2903 580 2954 eliac
598 2905 740 2967 velluntur,
757 2904 826 2954 aliae
842 2902 1015 2963 inciduntur3
1033 2912 1062 2955 et
1077 2899 1107 2949 ad

95 2972 221 3034 Lunam,
244 2987 299 3021 non
317 2969 352 3020 ad
368 2979 492 3034 noctem,
514 2974 561 3023 sed
577 2973 611 3022 ad
628 2972 723 3023 Lunae
740 2970 967 3023 observationem:
987 2995 1021 3007 -
1055 2972 1108 3026 514.

94 3041 227 3093 Pudentes
254 3047 348 3090 autem
365 3037 462 3088 herbae
487 3039 595 3105 [ideo‚]
621 3040 692 3106 quia}
708 3042 778 3091 aliae
795 3042 895 3102 siccae,
919 3038 990 3088 aliae
1007 3036 1107 3087 viridio-

94 3126 137 3165 res
153 3109 288 3173 leguntur.
323 3107 358 3155 Et
375 3107 532 3172 sciendum,
555 3109 628 3158 inter
653 3106 778 3158 homines
803 3116 830 3157 et
853 3106 953 3157 herbas
971 3122 1030 3157 csse
1048 3103 1108 3156 reci·

93 3192 207 3250 procem
223 3174 386 3225 relationem
404 3176 491 3241 (codd.
511 3178 602 3225 tralat.
620 3192 639 3225 s.
659 3178 785 3229 translat.
805 3176 893 3225 Guelf.
913 3176 931 3223 1.
960 3177 1107 3239 reciprocas

94 3244 314 3305 translationes).
348 3242 390 3291 Sic
408 3245 482 3294 enim
499 3245 641 3308 prebentem
659 3243 769 3295 herbam
786 3244 915 3305 dicimus,
937 3243 1107 3310 quemadmo-

94 3316 160 3367 dum
170 3313 272 3380 florem
292 3313 398 3360 aeternis.
434 3311 521 3378 Nigri
538 3329 599 3360 curn
618 3314 686 3362 lacte
709 3314 823 3374 veneni,·
846 3309 935 3375 nigri,
959 3316 1008 3360 aut
1031 3307 1108 3365 noxii,

95 3384 160 3453 qtria
176 3381 250 3449 nigri
266 3379 336 3428 siunt
352 3380 476 3431 homines
493 3389 554 3446 post
570 3397 711 3431 terrenum.
744 3381 797 3429 Aut
812 3386 887 3428 certe
903 3377 970 3428 illud
983 3384 1038 3428 est:
1054 3376 1108 3444 quis

95 3458 159 3503 eum
174 3450 278 3501 herbae
295 3447 368 3514 nigri
385 3448 468 3511 lactis,
484 3448 502 3497 i.
522 3466 545 3498 e.
562 3449 643 3498 succi.
676 3448 777 3497 Dicunt
793 3454 885 3497 autem
903 3459 955 3509 per
973 3446 1108 3512 periphra-

95 3520 138 3571 sin
162 3524 268 3584 agreste
291 3531 408 3583 papavcr
431 3516 586 3583 significari.
610 3543 643 3552 -
691 3520 749 3572 516.
779 3515 813 3563 Et
845 3514 928 3563 tnatrt'
954 3525 1108 3580 praereptus

98 3604 193 3646 arnor,·
218 3584 367 3634 secundum
383 3583 516 3647 Plinium,
540 3584 586 3651 qui
603 3582 668 3634 dicit
691 3583 720 3632 in
737 3582 860 3633 Naturali
876 3581 999 3632 Historia
1016 3587 1058 3649 (8,
1072 3585 1109 3639 42,

98 3655 168 3717 ω),
192 3653 279 3716 pullos
303 3651 417 3717 equinos
439 3652 541 3703 habere
565 3652 594 3702 in
619 3654 709 3703 fronte
727 3651 863 3717 quandam
879 3665 1011 3714 carnem,
1034 3661 1108 3717 quam

97 3724 137 3779 eis
153 3721 245 3771 statim
268 3719 337 3770 natis
354 3718 450 3770 adimit
472 3728 573 3771 mater:
595 3735 679 3788 quam
702 3719 724 3768 si
749 3720 807 3787 quis
829 3720 901 3768 forte
925 3716 1110 3787 praeripuerit,

99 3791 156 3845 odit
171 3788 291 3858 pullum,
314 3795 343 3838 et
364 3788 407 3840 lac
424 3788 450 3838 ei
467 3788 592 3854 denegat.
625 3786 756 3838 Iuvenalis
779 3792 826 3850 (6,
842 3784 934 3844 616,);
960 3784 1016 3836 Cut'
1034 3797 1107 3836 totam

100 3858 210 3915 aemuli
221 3855 346 3922 frontem
364 3867 389 3906 et
406 3856 542 3907 Caesonia
561 3856 633 3923 pulli
650 3853 777 3922 infudit,
805 3862 834 3904 et
856 3854 958 3903 merito
981 3854 1109 3924 suspican-

99 3938 145 3983 tur
169 3940 294 3977 amorcm
318 3924 406 3974 creari
433 3941 464 3975 ex
487 3942 582 3975 cartre:
612 3924 669 3975 sine
693 3939 747 3990 qua
768 3929 857 3973 mater
879 3938 935 3970 non
962 3921 1012 3971 alit
1036 3937 1067 3972 er
1087 3935 1108 3968 se

101 4003 232 4049 creatum.
265 3990 439 4059 [Theocritus
463 3996 507 4058 (2,
523 3993 577 4054 48.)
602 3991 782 4059 hippomanes
806 3989 913 4058 virgulti
930 4004 1019 4057 genus
1035 3980 1111 4048 dicit]

107 4346 191 4444 st
