2454 4500
150 286 213 353 tas
304 264 316 305 ³
346 241 367 262 ⁰
391 236 920 367 *arantsconnaanains-
968 238 978 376 ,’
1036 246 1041 257 ’
1087 326 1090 331 -
1137 371 1145 387 ¹

126 458 219 517 'med
242 462 398 530 sequentes)
421 462 439 514 i.
457 482 488 517 e.
505 461 642 519 'medium
674 466 775 532 secuti,
799 474 858 518 tam
884 467 1058 522 diutinrare
1081 469 1187 536 dicunt,

149 532 298 602 quamdiu
315 533 394 583 durat
411 540 439 584 et
456 548 563 600 corpus.
597 535 675 587 Unda
691 536 818 603 Aegyptii
835 538 919 606 periti
942 538 1098 605 sapientia,
1119 554 1183 590 cort·

148 604 205 655 dita
224 602 323 652 diutius
344 609 483 653 reservant
499 603 646 669 cadavera,
671 604 821 656 scilicetut
837 606 931 659 anima
948 608 1037 658 multo
1055 618 1183 678 tempore

170 673 295 734 erduret,
323 676 352 721 et
375 669 490 737 corpori
510 672 546 722 sit
568 671 699 738 obnoxia,
730 689 781 731 nec
805 675 860 725 cito
887 675 922 727 ad
947 675 1022 728 aliud
1052 666 1182 727 trinseat

68 736 82 754 “’
148 690 271 793 immani
288 745 382 790 contra
398 739 547 805 iaciebant,
564 741 760 794 comburentes
772 744 912 810 cadavera,
928 745 1071 796 utstatim
1088 747 1198 798 anime‘

148 811 179 863 in
197 800 411 878 generalitatem,
427 808 446 858 i.
460 825 483 859 e.
499 808 528 860 in
547 825 626 858 suam
641 807 772 861 naturam
789 813 901 864 rediret.
934 813 1010 864 Dicit
1023 828 1092 880 ergo
1110 827 1182 864 nunc

149 877 298 944 sacrificiisx
317 875 481 943 quibusdam
512 877 633 928 elicitam
663 880 800 945 animam,
830 889 858 932 et
880 882 1007 950 sepulcro
1022 881 1181 943 'conditam

149 946 347 1012 obnoxiamque
365 932 469 996 tabam
486 947 609 1015 corpori:
626 947 700 1014 quod
717 955 781 999 ante
797 949 945 1014 horrebat,
962 952 1039 1018 quasi
1057 949 1180 1018 pervim

149 1018 263 1070 eritorta.
296 1013 359 1065 Ideo
385 1021 479 1070 etitem
497 1013 599 1065 Stoicos
623 1016 748 1068 medium
758 1030 761 1035 ¹
772 1019 850 1085 sequi
867 1017 1008 1085 diximus„
1022 1022 1090 1086 quia
1106 1017 1179 1071 Plato

43 1084 46 1087 ’
99 1126 104 1132 ,
148 1093 310 1156 perpetium
327 1081 394 1132 dicit
410 1083 549 1148 animam,
568 1091 595 1135 et
612 1084 647 1136 ad
664 1085 770 1137 diversa
787 1088 1072 1156 corpora'transitum
1089 1088 1179 1139 facere

76 4028 79 4045 Ι
161 3972 284 4042 Pytlione
303 3987 310 4020 ι

151 1157 308 1224 statimpro
326 1151 433 1202 meritis
451 1153 521 1204 vitae
539 1152 647 1221 prioris.
681 1153 850 1221 Pythagoras
867 1172 946 1222 vero,
962 1156 1018 1208 non
1036 1150 1179 1226 μετεμψῦ-

150 1242 247 1289 χωσιν,
271 1221 314 1274 std
331 1216 534 1293 peieyyaveolae
552 1237 609 1273 esse
626 1221 705 1273 dicit:
721 1223 775 1274 hor:
794 1232 834 1276 est
848 1225 950 1290 redire,
966 1226 1014 1277 sed
1032 1233 1096 1295 post
1111 1233 1179 1283 tem·

151 1310 210 1362 pus.
245 1291 422 1358 Supremam,
446 1307 504 1341 non
521 1297 562 1341 est
578 1305 694 1356 nomen,
720 1292 768 1344 sed
792 1292 966 1345 adverbium:
981 1302 1022 1344 art
1039 1304 1078 1361 (7,
1095 1293 1178 1356 399.):

151 1363 275 1415 Tereum
301 1359 414 1414 clamat.
466 1359 578 1410 Ciemn's
608 1367 702 1411 autem
729 1369 772 1412 est
800 1362 853 1413 hoc
883 1362 943 1413 loco
966 1363 1041 1432 quod
1065 1362 1180 1415 dicimus

150 1448 232 1485 more
248 1426 374 1492 solenni,
391 1427 421 1496 [i.
437 1444 461 1480 e.
478 1426 576 1495 tertio]
591 1429 669 1478 vale:
696 1436 747 1481 etos
766 1443 790 1481 te
810 1433 907 1483 ordine
925 1448 979 1498 quo
1000 1443 1106 1482 nutura
1123 1447 1179 1498 per·

151 1504 277 1558 miseritt
299 1498 394 1549 cuncti
417 1513 572 1564 sequemur.
603 1494 739 1565 {Q'uidam
762 1500 858 1551 dicrmt
881 1517 979 1552 eorum
1004 1508 1180 1552 mortuorum

149 1570 265 1626 nomina
285 1573 328 1618 ter
353 1565 460 1632 vocari,
477 1566 532 1636 qui
554 1567 583 1617 in
608 1563 697 1618 alicui
720 1575 796 1620 terra
820 1569 1011 1634 dimittuntur,
1035 1577 1069 1620 ut
1087 1569 1122 1621 in
1139 1566 1188 1626 vl„

150 1641 244 1708 (506.):
269 1635 300 1707 iit
318 1652 422 1703 magna
441 1652 538 1697 omnes
556 1648 596 1687 ter
614 1651 678 1686 voce
696 1634 816 1701 vocavi]
833 1665 868 1675 -
902 1644 945 1696 69.
962 1637 1048 1690 Fides
1067 1638 1181 1707 pelago,-

149 1711 215 1779 [hoc
233 1716 284 1769 est,
308 1703 357 1755 ubi
373 1704 460 1756 tidem
479 1705 575 1774 pelago
599 1704 703 1757 habere
721 1707 878 1776 coepimus,
900 1722 949 1758 nos
966 1714 1028 1758 tuto
1043 1706 1185 1775 navigata-¹

149 1777 228 1845 rom]
251 1773 313 1844 quia
337 1773 402 1824 alibi
427 1774 467 1825 ait
492 1779 534 1839 (5,
552 1771 637 1836 6513:
662 1773 777 1825 Totiens
801 1775 901 1842 [coeli]
927 1772 1180 1844 deceptus-fraude

150 1848 251 1900 sereni.
264 1870 298 1882 -
330 1848 375 1900 70.
393 1841 481 1905 Lenis
499 1845 640 1908 crepitans
657 1857 772 1909 auster,
788 1845 841 1895 duo
861 1845 981 1914 epitheta
998 1844 1093 1916 posuit
1108 1836 1181 1895 vitio·

150 1934 194 1982 se,
219 1922 249 1967 ut
270 1909 385 1965 diximus
409 1928 491 1983 supra
515 1915 565 1980 (2,
588 1911 676 1975 392.).
710 1913 787 1964 Fecit
809 1913 979 1965 autemhoc
1003 1904 1183 1986 [improprie]

127 2000 236 2061 ,prope
253 1979 353 2048 (Guelf.
369 1982 389 2033 Ι.
406 1980 528 2052 proprie)
548 1980 582 2041 ,in
605 1981 702 2033 decem
725 1982 857 2033 versibus.
889 1982 990 2034 Auster
1013 1989 1111 2034 autem
1133 1992 1182 2050 pro

151 2053 339 2122 quovisuvento
358 2049 459 2114 (Guelf.
473 2050 497 2101 4Ι.
514 2048 590 2101 add:
615 2048 761 2116 Quomodo
785 2058 879 2102 auster
901 2067 932 2102 ex
956 2050 1095 2118 Thracia,
1119 2063 1182 2099 cum

91 2185 93 2189 y
150 2123 220 2176 lenis
238 2117 288 2171 sit?
323 2115 451 2178 Solvitur:
468 2119 568 2169 Auster
585 2135 636 2189 pro
656 2119 781 2186 quolibet
796 2127 877 2170 vento
894 2117 1066 2192 accipimus.)
1102 2118 1183 2188 [Natu

151 2193 187 2245 ad
205 2187 354 2239 Thraciam
366 2182 498 2254 Aquilone
516 2186 676 2251 navigatum
694 2190 769 2239 lenis
786 2195 879 2238 autem
897 2189 960 2240 ideo
978 2189 1043 2257 quia
1061 2187 1184 2258 superius

152 2259 198 2329 (8.)
216 2258 265 2309 ait:
283 2257 331 2306 uix
350 2258 441 2320 primu
461 2257 602 2323 inceperat
619 2269 726 2321 nestas,
750 2265 778 2308 et
794 2257 870 2307 lenes
887 2261 959 2308 venti
979 2275 1031 2324 per
1049 2264 1184 2308 aestatem

151 2336 221 2381 sunt,
239 2353 272 2365 -
307 2329 350 2380 7¹1.
368 2323 533 2386 Deciderint,
557 2332 607 2394 pr'o
627 2326 685 2391 rie,
708 2333 771 2377 ute
788 2326 927 2378 contrario
951 2323 1136 2390 subducunt]
1153 2349 1185 2362 -

152 2407 196 2456 72.
215 2393 370 2459 Terraeque
389 2394 522 2460 urbesque
543 2344 689 2457 acciunt,
714 2393 856 2462 physicam
874 2396 1032 2447 rem'dixit:
1050 2396 1092 2447 ita
1110 2395 1184 2445 enim

152 2461 342 2532 navigantibus
366 2462 485 2527 videtur,
508 2461 585 2530 quasi
609 2463 644 2517 ab
668 2463 710 2513 his
733 2471 808 2515 terra
826 2463 956 2516 discedat.
991 2465 1081 2531 [item
1098 2463 1185 2527 aliter,

151 2535 220 2589 Iuno
236 2547 301 2585 cum
318 2530 424 2584 vidisset
441 2531 578 2583 Latonam
603 2533 697 2585 anve
722 2534 894 2597 adamatmn,
918 2533 1018 2585 iuravit
1041 2550 1106 2584 eam
1130 2530 1186 2583 non

152 2603 306 2675 parituram
328 2599 356 2652 in
381 2599 475 2653 terris:
499 2599 620 2670 luppiter
645 2603 761 2653 mutarit
784 2616 847 2652 eam
871 2601 901 2651 in
926 2601 1102 2652 coturnicem
1116 2617 1185 2670 quae

153 2675 263 2726 Graece
287 2662 369 2735 ὄρτυξ
385 2668 551 2738 appellatur,
575 2676 602 2721 et
625 2670 786 2725 monstravit
809 2676 840 2718 ut
862 2670 969 2720 verriret
985 2664 1092 2736 Dilon,
1115 2685 1185 2738 quae

101 2740 107 2746 '
152 2743 205 2796 illis
229 2738 400 2804 temporibus
424 2737 499 2790 circe
523 2737 618 2789 omnia
640 2737 722 2791 litora
745 2737 887 2790 ferebatur
910 2737 1006 2789 ventis.
1040 2739 1107 2790 Post
1123 2755 1186 2807 par·

153 2820 214 2862 tum
230 2809 323 2858 *sero
340 2806 480 2870 Latonae,
503 2821 557 2871 quo
582 2807 685 2874 (quae)
702 2807 822 2858 Dianam
846 2813 874 2856 et
890 2805 1046 2875 Apollinem
1070 2806 1186 2878 peperit,

135 2876 269 2944 *Ortygia
287 2875 360 2929 dicta
383 2882 437 2938 est,
457 2874 531 2943 'quae
556 2883 619 2927 ante
643 2874 725 2926 Delos
749 2874 898 2941 (Cynthus)
920 2875 1136 2943 nominabatur,
1159 2882 1186 2928 et

153 2955 248 3019 postea
277 2944 359 2997 Delos
389 2958 454 2994 cnm
484 2960 547 2995 eam
578 2944 675 3014 Apollo
705 2944 861 2995 retraxisset
891 2944 983 3010 Gyaro
1016 2951 1044 2995 et
1067 2946 1185 3013 Mycono

153 3012 297 3081 (Mycono)
315 3010 450 3068 altissimis
467 3011 626 3076 montibus]
644 3020 673 3053 -'=
708 3021 752 3069 73.
769 3013 854 3062 Sacro
873 3015 947 3062 mari
961 3013 1065 3062 colitur
1080 3015 1187 3073 medio(

154 3086 221 3136 ordo
241 3089 295 3134 est:
319 3083 351 3136 In
368 3077 440 3135 mari
457 3081 549 3132 medio
566 3083 674 3148 Aegaeo
692 3081 791 3131 colitur
808 3081 888 3132 tellus
905 3097 982 3131 sacra
999 3081 1144 3150 Neptun0,
1161 3089 1187 3133 et

153 3151 304 3206 Nereidum
323 3149 414 3212 enutri,
430 3148 448 3200 i.
464 3167 485 3200 e.
503 3148 598 3219 Doridi
613 3149 776 3218 gratissima.
810 3149 912 3200 Fabula
926 3149 1043 3216 [autem]
1057 3151 1119 3203 talis
1133 3157 1186 3202 est:

153 3223 218 3276 Post
234 3219 357 3271 vitiatam
374 3217 511 3269 Latonam
527 3217 649 3288 luppiter
665 3234 729 3268 cum
747 3217 834 3269 etiam
851 3219 908 3270 cius
925 3233 1051 3270 sororem
1063 3218 1187 3272 Asterien

155 3290 243 3358 (codd.
256 3288 401 3345 Asturum
420 3285 509 3336 Guelf.
524 3287 544 3344 1,
557 3287 701 3348 astericis)
714 3286 810 3338 vitiare
823 3287 911 3353 vellet,
923 3286 1088 3356 illa-optavit
1100 3305 1117 3340 a
1129 3288 1186 3349 diis,

156 3368 187 3410 ut
203 3360 232 3410 in
250 3373 328 3410 ovem
345 3361 564 3417 converteretur:
587 3372 719 3423 versaque
742 3356 771 3406 in
789 3355 960 3407 coturnicem
982 3364 1031 3406 est.
1066 3358 1103 3409 Et
1124 3371 1186 3407 cum

155 3427 237 3480 vellet
253 3443 329 3480 mare
346 3423 541 3488 transfretare,
558 3425 632 3492 quod
650 3421 824 3475 coturnicum
843 3433 896 3475 est:
923 3425 1015 3477 afflata
1031 3441 1048 3475 a
1066 3426 1143 3489 Iove,
1159 3432 1186 3476 et

156 3498 186 3548 in
202 3494 324 3561 lapidem
341 3507 484 3556 conversa,
502 3492 549 3542 diu
567 3493 619 3542 sub
635 3492 765 3543 fluctibus
781 3492 869 3544 latuit
902 3494 999 3544 Postea
1016 3494 1200 3563 supplicantes

156 3563 213 3619 lovi
231 3563 351 3623 Latona,
374 3559 461 3613 levata
478 3559 631 3628 superferri
647 3564 724 3628 aquis
740 3561 845 3632 coepit:
866 3561 933 3612 haec
951 3561 1042 3630 primo
1060 3563 1188 3632 Neptuno

100 3643 104 3649 '
158 3641 186 3688 et
202 3630 300 3685 Doridi
323 3629 377 3683 'fuit
399 3636 565 3683 cortseerata.
600 3629 697 3680 Postea
720 3646 784 3680 cum
806 3631 875 3680 Iuno
899 3630 1043 3698 gravidam
1066 3631 1188 3698 Pythone

80 3756 83 3761 ,
104 3750 111 3767 ,
159 3699 248 3768 (codd.
272 3699 367 3750 Burm.
393 3695 525 3760 Phitone')
547 3697 671 3749 immisso
692 3699 829 3750 Latonam
852 3706 1082 3768 persequereuu,
1110 3699 1190 3753 terris

161 3767 289 3819 omnibus
306 3766 415 3834 expulsa
433 3765 576 3833 [Latona],
592 3767 705 3817 tandem
722 3767 871 3834 aliqrtando
887 3765 1041 3836 applicante
1059 3783 1089 3820 se
1106 3767 1190 3820 litori·

161 3841 210 3890 bus
234 3849 329 3889 sorore
348 3834 451 3899 (Burm.
475 3836 639 3910 applicando
656 3852 684 3887 se
700 3835 718 3888 l.
735 3854 752 3887 a
769 3837 836 3899 sor.)
860 3843 983 3905 suscepta
1007 3843 1061 3900 est,
1086 3844 1114 3889 et
1137 3837 1191 3889 illio

159 3906 280 3962 Dianam
311 3904 423 4022 primo,
454 3912 515 3973 post
542 3904 698 3971 Apollinem
729 3907 843 3975 peperit
892 3904 946 3970 Qui
976 3903 1071 3956 statim
1102 3906 1193 3957 occiso

332 3979 373 4021 tus
391 3979 432 4022 est
447 3973 545 4025 matris
560 3973 701 4025 iniuriam.
735 3973 806 4026 Sane
830 3981 895 4026 nata
912 3974 1002 4024 Diana
1026 3973 1193 4040 parturienti

161 4042 318 4113 Apollinem
341 4039 426 4093 matri
449 4041 549 4096 dieitur
573 4041 732 4112 praebuisse
755 4042 911 4096 obstetricis
935 4041 1066 4094 officium
1114 4043 1193 4096 Unde
