2454 4500
215 285 251 328 ιι.
274 264 434 330 iinon.
459 267 631 333 sauata.
653 269 735 392 pie.
756 270 823 349 vu,
845 225 1056 353 osa-sos(
1084 279 1149 347 sss

106 451 149 502 tio
169 450 264 503 deerit.
298 450 335 503 Ut
348 451 475 515 Troienis
493 453 563 506 nihil
579 453 613 507 de
630 455 719 523 prisce
736 471 833 511 sertim
849 458 929 528 copie
944 456 1045 514 abesse.
1053 449 1155 514 vides?

103 526 161 570 tur.
199 519 311 570 Gentem
336 527 429 573 eutem
454 520 564 574 abusiva
582 523 649 575 dixit
665 523 700 577 de
717 525 808 594 equis,
831 528 905 593 quod
928 536 968 583 est
990 529 1140 583 trerminum

103 590 261 655 proprium.
285 612 319 625 ·-
369 595 431 646 283.
453 588 577 658 Notbos3
608 599 736 645 materno
765 593 900 661 ignobiles
930 610 1039 663 genera.
1090 597 1140 650 Est

101 664 199 707 etitem
215 656 268 707 hoc
286 671 390 708 nomen
408 657 555 709 Graecum.
589 660 662 710 Nam
686 660 715 713 in
732 661 883 715 Latinitate
898 663 990 715 deficit
1006 664 1050 732 (al.
1069 683 1137 716 nam
1203 714 1206 718 .

102 723 193 774 latine
212 726 444 790 quemadmodum
462 728 588 793 dicotur,
606 746 664 780 non
683 728 743 792 est.)
761 755 795 768 -
829 735 891 788 284.
909 730 1019 798 Donir,
1037 733 1135 785 dictis·

101 809 157 858 que
174 791 291 855 Latini,·
315 794 405 860 equis:
429 801 458 846 et
474 795 549 865 pacis
565 797 779 867 nuptiarumque
796 799 985 868 promissione,
1001 795 1039 838 ''-
1073 807 1136 862 286.

100 860 234 911 inachiis
252 879 310 911 seso
329 861 465 929 referebat
481 866 515 914 ab
534 864 633 931 Argis3
657 866 728 918 bene
744 865 871 918 Inachiis.
905 867 969 920 Non
986 869 1062 921 enim
1079 886 1136 924 una
1209 928 1212 936 ,

99 936 144 980 est
158 931 259 998 Argos:
276 931 330 981 fuit
346 931 421 982 enim
438 940 467 983 et
482 932 513 984 in
529 933 625 998 Italia,
642 950 727 1003 quam
743 934 891 987 Diomedes
908 935 1046 988 condiditr
1063 954 1134 1007 quse
1194 990 1203 1012 s

97 998 194 1064 primo
218 999 305 1065 Argi,
335 1006 396 1068 post
418 1001 566 1067 Arghipo,
596 1010 659 1070 post
679 1002 749 1069 Arpi
770 1003 844 1054 dicta
868 1009 917 1054 est
964 1003 1027 1055 Fuit
1053 1014 1081 1057 et
1103 1007 1135 1060 iu

98 1065 250 1118 Thessalia.
284 1067 411 1119 Lucanus
428 1074 469 1134 (7,
486 1070 572 1132 355.);
606 1070 661 1121 Ubi
679 1072 771 1123 nobile
789 1072 831 1138 (V.
846 1065 964 1134 mobile)
1002 1075 1134 1142 uoniam,

97 1133 190 1185 Nunc
215 1152 297 1202 super
321 1137 412 1203 Argos
434 1149 493 1187 erat
517 1137 607 1204 (Febr.
631 1139 714 1202 orat).
756 1139 819 1192 Fuit
841 1145 871 1192 et
892 1089 1069 1212 bauddonge
1094 1143 1132 1198 ab

96 1202 220 1270 Athenis,
237 1204 311 1273 quod
328 1223 344 1256 a
361 1205 406 1256 siti
418 1205 507 1272 Argos
520 1206 645 1271 Dipsion
662 1208 767 1259 dictum
785 1214 840 1261 est:
856 1207 931 1275 apud
942 1223 1011 1277 quos
1026 1225 1132 1280 magna

95 1278 161 1322 erat
176 1273 291 1325 societas
308 1274 381 1324 inter
399 1289 445 1326 eos
462 1274 509 1342 qui
528 1290 581 1326 uno
600 1277 644 1342 (R.
657 1275 732 1343 Lips.
753 1296 770 1330 a
784 1292 821 1328 m.
834 1279 1008 1342 παρῆκας
1023 1278 1128 1357 privo?

93 1337 189 1405 Guelf.
207 1341 239 1393 11.
258 1344 289 1392 in
315 1343 383 1404 uno)
407 1350 490 1409 puteo
514 1343 670 1396 utebantur.
706 1345 783 1398 Unde
804 1351 833 1397 et
850 1336 978 1414 fratrias
1001 1344 1130 1401 deerunt

94 1399 154 1458 sisti
177 1405 227 1460 soi
251 1413 379 1479 φρέατος,
404 1427 471 1478 quse
495 1414 585 1462 tribus
611 1428 745 1473 vocemus.
790 1412 827 1464 Et
848 1413 1015 1480 notandum,
1046 1415 1129 1485 quod,

93 1474 147 1527 ubi
170 1476 258 1529 bonus
283 1480 406 1546 sequitur
429 1487 538 1531 eventus
555 1481 704 1547 Troianos,
726 1482 796 1532 Iuno
818 1489 990 1535 removetur:
1012 1488 1041 1534 et
1063 1499 1129 1536 con·

89 1558 165 1612 grue
188 1547 264 1614 quasi
287 1563 392 1600 numen
416 1547 578 1614 inimicum,
602 1549 677 1619 quod
699 1565 830 1618 praesens
851 1556 943 1616 posset
964 1567 1076 1604 nocere.
1091 1578 1127 1592 -

89 1616 158 1679 287.
182 1615 328 1681 durusque
353 1618 461 1666 invecto
486 1618 608 1679 tenebam
631 1633 682 1687 per
705 1617 875 1670 elementum
897 1632 979 1669 suum
999 1617 1066 1671 ibat.
1090 1624 1127 1660 -·'·

89 1684 158 1737 289.
176 1683 306 1751 abusque
313 1706 321 1750 3
346 1686 471 1752 abusque
495 1683 611 1753 [autem]
634 1692 662 1738 et
679 1687 805 1751 adusque
828 1686 983 1756 usurpative
999 1686 1126 1741 dicimus.

89 1748 263 1817 Praepositio
300 1751 377 1806 enim
411 1769 463 1805 nec
500 1753 630 1805 adverbio
659 1753 805 1822 iungitur,
832 1770 885 1806 nec
918 1755 1125 1824 praepositioni.

93 1815 189 1885 Usque
205 1829 300 1875 autem
325 1829 373 1871 eut
396 1821 561 1890 praepositio
579 1829 634 1886 est,
656 1830 706 1874 aut
721 1820 894 1875 adverbium.
912 1847 948 1860 -·
981 1828 1044 1880 290.
1061 1823 1124 1874 Iam

82 1884 180 1955 fidere
204 1899 307 1952 terroe,·
338 1890 408 1955 [per
432 1889 553 1942 dativum
576 1890 762 1958 iungendum,
794 1889 956 1951 stireman
978 1891 1125 1961 procedit]

90 1955 127 2005 Ut
145 1958 189 2021 (9,
206 1957 291 2016 mi:
315 1957 416 2008 Fiden
436 1960 519 2009 nocti.
538 1983 573 1996 ·-
606 1965 670 2015 291.
686 1958 780 2022 Stetit,
798 1957 871 2026 quod
888 1956 957 2009 solet
973 1975 1032 2012 esse
1049 1959 1125 2027 cogi·

87 2030 214 2088 tantum,
238 2026 273 2092 [i.
291 2043 314 2077 e.
330 2025 422 2091 stareJ.
441 2053 474 2064 ·-
509 2031 571 2084 293.
588 2025 684 2091 Fotis3
707 2025 898 2078 voluntatibus.
918 2050 953 2064 ·-
986 2030 1047 2084 295.
1068 2027 1123 2079 Cn.

86 2093 132 2160 pti
148 2105 260 2158 potuere
278 2095 363 2161 capi?
387 2110 453 2145 cum
473 2094 539 2146 falle
561 2095 667 2146 dictum
691 2102 739 2148 est.
772 2093 845 2147 Nam
861 2093 885 2145 si
901 2093 955 2147 hoc
971 2111 1124 2163 removeas,

88 2161 145 2212 erit
161 2176 332 2229 oxymorum.
364 2161 440 2215 Dicit
455 2169 563 2228 antem,
587 2163 680 2216 omnia
757 2179 772 2214 e
796 2163 986 2230 contigerunt,
1010 2178 1067 2216 non
1085 2164 1122 2217 vi·

87 2229 150 2281 deri
166 2231 328 2300 contigisse,
353 2227 491 2300 quianon
509 2231 668 2284 obfuerunt.
725 2231 784 2298 apti
799 2238 894 2284 autem
911 2233 977 2298 copi
991 2231 1030 2282 sic
1046 2231 1122 2299 dixit,

87 2305 119 2347 nt
137 2297 237 2361 Cicero
255 2301 342 2367 (Verr.
361 2308 393 2365 3,
412 2299 478 2362 18.):
499 2299 534 2349 Ut
552 2301 583 2350 in
602 2301 744 2352 uberrimo
760 2299 877 2352 Siciliae
894 2311 972 2368 parte
988 2299 1119 2353 Siciliam

87 2382 293 2432 praestaremus.
318 2396 353 2408 -··
386 2372 448 2426 297.
473 2367 507 2417 At
532 2369 613 2421 credo
637 2377 705 2432 etc.;
727 2385 780 2423 nec
799 2369 915 2436 fatigata
937 2366 1044 2434 destiti,
1065 2387 1119 2422 nec

85 2435 184 2486 satiata
206 2436 335 2506 requievi.
354 2461 389 2474 ·-
423 2441 484 2494 299.
502 2435 598 2487 Patria
623 2454 771 2501 excussos3
794 2437 859 2491 satis
880 2437 987 2504 signate
1010 2435 1117 2490 locutus

85 2511 134 2556 est.
159 2530 195 2543 ·-
235 2512 296 2562 300.
320 2504 367 2556 Me
391 2522 526 2572 opponere
550 2517 652 2572 pontu
680 2506 741 2577 plus
771 2513 827 2571 est,
857 2520 942 2574 quam
965 2504 988 2556 si
1012 2504 1118 2558 diceret

83 2580 271 2642 tempestates.
296 2573 353 2625 =Me
370 2582 463 2626 eutem
480 2589 531 2641 per
548 2574 750 2643 Physiologiam
766 2573 886 2638 imbres,
901 2572 1032 2638 tonitrua,
1047 2579 1117 2626 tem·

79 2648 212 2716 pestates.
229 2667 262 2679 ·-
297 2649 358 2700 302.
378 2643 433 2692 Aut
456 2643 549 2710 Scylla
575 2642 662 2703 mibi;
685 2643 758 2696 bene
782 2642 870 2704 mihi‚·
894 2656 927 2693 ac
949 2639 973 2692 si
996 2640 1116 2693 dicaret:
1139 2692 1141 2705 ,

79 2713 180 2763 titiam
196 2726 268 2777 qrvne
291 2727 342 2778 per
359 2727 438 2762 stram
459 2718 590 2762 nutrirem
606 2711 696 2763 solent
717 2726 834 2775 nocere,
856 2724 903 2761 me
925 2715 1040 2776 rogante
1055 2724 1114 2761 non
1215 2760 1222 2771 ,

73 2785 235 2846 potuerunt
256 2779 352 2832 obesse
369 2779 502 2830 Troianis.
518 2804 554 2816 ·-
588 2784 649 2836 303.
669 2779 839 2831 Condantur
859 2774 993 2844 Tybridis
1017 2775 1114 2841 alueo,-

75 2848 171 2900 coridi
188 2850 301 2918 proprie
318 2848 461 2913 dicaretur,
483 2846 532 2915 qui
554 2846 608 2898 sibi
623 2853 747 2899 staturmt
762 2847 909 2898 civitatem.
944 2843 1113 2895 Condantur

72 2931 166 2984 engo,
190 2917 284 2968 sedem
299 2915 428 2969 stabilem
451 2915 551 2967 locant.
587 2913 741 2968 Sellsrstius:
765 2913 845 2966 Porto
868 2914 916 2977 (V.
933 2910 1025 2964 Guelf.
1040 2912 1060 2962 Ι.
1077 2912 1112 2967 ΙΙ.

67 2996 202 3051 pestem,
218 2985 250 3045 L.
266 2985 300 3036 R.
317 2987 379 3037 Vos.
395 2984 469 3054 Lips.
485 3000 534 3050 per
550 2995 592 3049 τις
604 2982 702 3035 Guelf.
718 2984 751 3035 11.
769 2983 855 3037 etiam
873 2981 1016 3040 conditum
1039 2983 1111 3045 pesti

67 3059 99 3120 (i.
108 3073 140 3109 e.
153 3054 187 3104 in
198 3053 310 3107 exitium
322 3052 408 3113 orbis)
421 3051 587 3113 conditorii
596 3052 725 3105 conditor
737 3053 815 3104 orbis
828 3063 975 3102 terrorum.
999 3048 1037 3100 Et
1047 3057 1112 3100 sunt

67 3120 196 3193 propria
218 3122 302 3174 verbe
325 3138 396 3190 quas
418 3121 494 3174 nulle
515 3121 623 3175 ratione
638 3127 795 3174 murense:
817 3135 884 3172 nam
901 3125 933 3169 ut
954 3116 1111 3170 secerdotes
1173 3158 1176 3163 .

67 3192 190 3256 creari,
204 3189 322 3258 virgines
340 3192 404 3256 capi
419 3189 543 3242 dicimus.
561 3189 664 3254 (Guelf.
680 3190 713 3242 11.
730 3195 760 3243 et
774 3188 809 3239 Li
841 3186 942 3240 .add.:
965 3185 1005 3238 ita
1023 3185 1110 3251 condi

67 3260 226 3323 iticuntur,
242 3259 289 3326 qui
306 3266 428 3312 statuunt
444 3258 602 3322 civitatem)
622 3285 656 3297 -
691 3260 752 3316 304.
770 3254 806 3308 Pe
820 3258 889 3325 agi;.
912 3261 1026 3325 propter
1041 3250 1109 3305 illud
1155 3246 1162 3272 '

67 3337 112 3396 (6,
122 3327 193 3389 84.);
208 3326 261 3378 Sed
273 3339 362 3380 terrae
375 3330 510 3395 graviora
525 3338 644 3380 monent
679 3326 761 3378 Mars
773 3327 884 3394 perdere
897 3333 1018 3400 gentem}
1035 3321 1109 3401 betis

67 3397 147 3452 belli
163 3402 193 3448 et
207 3397 363 3449 vastationis
380 3395 489 3466 quaerit
512 3397 636 3468 exempla
652 3390 682 3448 in
698 3395 780 3448 rebus
797 3391 968 3459 huiusmodi:
990 3396 1060 3443 sicut
1075 3406 1107 3444 m

67 3467 189 3538 primo,
213 3466 359 3534 naufragii.
397 3466 536 3518 Pirithous
556 3465 740 3537 Lapithaion
760 3480 807 3516 rex
824 3478 891 3524 cum
906 3454 1107 3526 uxorem·[ds·]

67 3538 209 3599 duceret,
224 3534 325 3586 vicinos
341 3535 456 3605 populos
473 3535 640 3601 Centauros,
656 3533 742 3587 etiam
758 3531 811 3584 sibi
822 3536 973 3600 cognatos,
996 3534 1024 3608 et
1039 3525 1106 3585 deos
1119 3598 1133 3605 ..

67 3617 176 3657 omnes
200 3611 311 3670 excepto
333 3605 441 3668 Marte,
462 3603 499 3656 ad
519 3603 673 3655 convivium
694 3599 857 3654 convocavit
898 3596 978 3667 Unde
999 3601 1104 3649 iratum

67 3687 183 3726 reinnen
204 3671 321 3724 immisit
341 3674 481 3738 furorem,
504 3688 558 3740 quo
577 3671 707 3724 Centauri
727 3679 756 3723 et
771 3668 905 3738 Lapithae
921 3666 951 3719 in
973 3663 1105 3746 benave-
1163 3720 1166 3739 Ι

67 3745 191 3795 nerunt·
209 3764 242 3777 -
277 3748 337 3800 306.
354 3742 505 3808 Antiquam
523 3750 587 3801 etc·;
605 3741 715 3794 Oeneus
731 3735 876 3807 Calydonis
891 3751 939 3790 rex
954 3733 990 3788 de
1005 3747 1103 3815 primi·
1174 3797 1177 3803 r

67 3811 118 3861 tiis
146 3808 273 3860 omnibus
296 3810 456 3862 numinibus
478 3809 654 3876 sacrificavit,
674 3815 787 3879 excepta
809 3805 915 3867 Diana3
936 3808 1102 3884 quaeurrata

67 3892 178 3948 aprum
193 3877 323 3944 immisit,
344 3879 392 3948 qui
408 3885 507 3930 cuncta
522 3878 645 3930 restabat
659 3877 747 3933 donec
771 3895 789 3929 a
804 3873 946 3943 Meleagro
963 3871 1111 3952 occidere·-

67 3954 130 4002 tur,
167 3943 310 3998 Concessio
332 3955 427 4000 autem
448 3947 511 3999 ideo
528 3947 609 4011 dixit,
631 3953 662 3999 ut
677 3946 833 3999 ostenderet
854 3943 963 3995 minora
978 3954 1110 4021 nummu!

67 4013 130 4068 nisi
147 4013 369 4084 impetraverint,
385 4031 486 4071 nocero
503 4030 560 4071 non
576 4030 661 4088 posse.
696 4013 796 4068 Statius
811 4013 847 4066 de
864 4014 984 4067 venere-2
1000 4007 1101 4078 Issos-
