2454 4500
150 279 187 322 n·
209 257 368 325 imon
382 202 573 321 'usuum
587 252 668 321 uu
690 254 746 334 Vl.
770 260 967 345 roo-ms
990 282 997 357 j
1017 259 1084 331 sor

53 445 116 500 nasi
138 460 217 498 mors
238 444 382 516 praedicte
403 442 475 499 false
497 459 557 498 esse
579 441 716 497 debuerit.
741 467 776 483 -
825 445 886 500 ¹90·
915 424 986 493 Cum
1005 441 1084 514 som

53 517 201 578 elumbem
223 518 351 584 augurio
376 522 425 566 sut
441 509 562 566 oblativa
578 520 657 576 sunt,
678 527 751 581 quae
773 526 833 591 non
849 520 1013 593 posounuir:
1036 521 1087 566 eut

53 582 857 706 ibeffimffogiaeBbiistbugffiuitcoliuibbiiggeggbb
868 579 1021 702 (diffidi
1038 589 1088 704 tersit,

53 673 105 788 rii,
127 729 158 775 et
173 691 295 775 Veneris·
313 720 372 773 filio
394 729 423 774 et
444 721 514 788 regi.
547 720 623 772 Nem
645 719 681 772 nd
705 733 786 788 reges
802 718 925 789 pertinet
940 666 1085 775 couniibs·

53 807 105 842 uns
122 791 287 861 augurium:
314 791 379 859 quie
403 805 547 858 nonque-im
563 788 637 840 solae
653 795 734 854 sunt,
756 787 828 839 sient
850 805 903 841 nec
927 805 1008 856 reges
1025 790 1087 858 qui·

53 861 116 927 lein.
133 885 170 897 -·
205 866 265 929 191.
285 858 353 926 lpse
370 860 422 911 sub
442 875 511 927 ονιι,ο
528 857 631 929 perite:
645 874 686 927 ¹ne
703 856 855 936 si'longius
871 857 1011 925 volarent,
1028 875 1085 911 non

53 930 168 982 deum
191 929 333 1000 pertinere
357 929 524 980 viderentur.
568 927 643 976 Nam
668 942 755 977 moris
780 933 856 992 eret,
889 936 920 978 ut
942 934 1086 996 captantes

53 997 161 1067 reginis
183 1004 262 1051 certa
283 995 337 1050 sibi
358 997 449 1068 spotia
471 995 664 1064 designarent,
693 994 793 1063 quibus
816 991 947 1049 volebant
970 996 1088 1050 videnda
1172 1008 1176 1013 ·

53 1065 123 1119 dee
139 1066 300 1134 pertinere;
316 1067 403 1135 [quod
419 1065 541 1136 spatium
557 1073 615 1115 tem
635 1063 695 1114 lum
711 1062 867 1134 appellauit
875 1084 888 1124 t·
900 1073 928 1118 et
945 1072 1086 1125 extremae

53 1143 132 1188 nrtes
147 1138 250 1186 antico
267 1143 296 1189 et
311 1136 420 1202 postico
437 1081 678 1198 vocabunturi-
712 1136 775 1189 193.
791 1130 956 1201 Maumas‚·
982 1128 1087 1188 Veneri

53 1212 217 1256 :onsecretas
240 1212 355 1276 propter
379 1206 470 1256 fetum
494 1204 673 1272 frequentem
697 1209 725 1253 et
748 1202 861 1253 coitum.
887 1230 922 1241 -·
965 1207 1027 1261 194.
1053 1203 1087 1254 Si

53 1289 97 1323 ruo
116 1276 167 1324 oia
186 1286 243 1339 rst,·
264 1273 289 1325 si
305 1279 347 1326 est
362 1273 444 1324 ratio.
479 1271 590 1324 Etiam
607 1286 640 1320 ex
656 1269 710 1322 hoc
726 1268 789 1320 loco
806 1285 865 1323 esse
880 1270 980 1341 incipit
996 1271 1085 1340 impe·

53 1341 183 1408 refirma,
199 1343 274 1411 qnod
290 1344 382 1394 fueret
398 1341 556 1394 oblativum.
592 1338 768 1407 cursumque
778 1350 829 1406 per
844 1358 950 1406 auras,·
969 1357 1086 1392 rursum

53 1409 148 1471 ocavit
170 1412 324 1479 impetum,
347 1419 376 1462 et
399 1409 483 1463 eundi
507 1408 638 1460 officium.
672 1408 747 1461 Nam
770 1415 800 1459 et
823 1412 942 1461 nauium
968 1426 1084 1462 currum

53 1479 169 1533 linimus.
186 1507 222 1518 -
255 1486 316 1538 196.
335 1478 380 1530 Νι
405 1479 490 1546 defice
516 1479 614 1538 rehus3
637 1495 674 1528 ne
690 1478 787 1529 desere
810 1477 839 1530 in
862 1479 946 1532 rebus
962 1480 1085 1532 incertis.

53 1547 76 1598 it
92 1549 169 1603 bene
184 1549 216 1602 in
232 1549 303 1600 silvis
319 1549 428 1600 invocet
443 1554 580 1609 matrem,
604 1560 689 1612 quem
706 1545 757 1597 soit
773 1544 831 1597 iam
846 1548 901 1599 sibi
916 1548 1004 1600 visum
1028 1564 1087 1602 esse

53 1619 141 1670 iabitu
157 1617 318 1675 versenicis:
342 1624 374 1667 ut
395 1619 425 1669 in
443 1617 536 1688 primo
553 1613 636 1682 (319)
657 1614 784 1682 legimus.
802 1643 837 1654 -
873 1621 933 1674 197.
950 1617 998 1670 Sio
1015 1612 1089 1687 effoss

54 1704 104 1752 νη
127 1688 253 1759 -proprie
276 1687 362 1756 effata
386 1693 451 1737 sunt
477 1700 617 1752 angurum
646 1700 751 1752 preces.
792 1683 870 1736 Unde
894 1701 963 1754 eger
987 1686 1087 1753 (codd.

53 1764 154 1810 rreeter
171 1756 262 1808 Guell.
277 1757 297 1808 l.
314 1772 430 1823 aggeres
448 1764 478 1806 et
494 1751 672 1814 dicebantur)
690 1759 752 1822 post
767 1752 910 1821 pomeria,
926 1754 976 1807 ubi
992 1764 1089 1826 cepte·

53 1834 146 1879 ienmr
170 1824 303 1893 augurio,
326 1825 472 1877 dicebatur
495 1822 608 1892 effetus.
655 1820 781 1889 Vestigia
807 1826 927 1889 pressit,-
958 1825 1025 1892 quin
1050 1825 1088 1879 ad

53 1893 181 1966 optanda
206 1893 324 1962 originis
347 1902 410 1963 post
432 1908 527 1961 preces
550 1889 709 1943 immobiles
733 1890 777 1942 vel
804 1891 917 1959 sedere,
945 1892 988 1944 vel
1010 1901 1086 1948 stare

53 1971 218 2017 ensuerunt.
246 1988 278 1998 -
315 1967 375 2019 198.
400 1963 577 2030 [Observare
601 1974 674 2027 quoe
691 1962 776 2028 signa
794 1959 912 2042 ferenti
939 1963 1087 2015 obseruare

53 2031 231 2086 nim'et'de
256 2031 334 2082 coelo
358 2038 386 2083 et
409 2031 443 2083 de
468 2030 563 2081 nvibus
587 2029 671 2080 verbo
695 2044 834 2098 augurum
858 2029 979 2096 dicitur]
1020 2030 1085 2100 Quo

53 2103 154 2154 rudere
171 2118 221 2169 per
241 2111 305 2165 ant,
321 2111 485 2168 pascentes3
501 2099 567 2151 hino
584 2098 643 2148 iam
661 2097 799 2165 optimum
814 2099 984 2166 significetur
1002 2106 1088 2170 augu-

53 2172 135 2236 inm,
160 2186 198 2238 qu
256 2168 415 2239 pascebant.
451 2169 526 2221 Nem
542 2167 666 2219 Romani
682 2167 768 2217 moris
785 2167 852 2233 suit,
876 2176 904 2220 et
920 2171 950 2223 in
966 2170 1088 2223 comitiis

54 2238 161 2311 gendis
179 2245 208 2290 et
230 2236 260 2289 in
277 2235 357 2293 bellis
375 2237 504 2306 gerendis
520 2237 640 2304 pullaria
657 2244 771 2306 capture
789 2239 914 2304 auguria.
949 2237 1027 2292 Unde
1045 2247 1088 2293 est

53 2329 66 2362 r
92 2307 193 2372 Livio,
219 2306 310 2375 quod,
335 2317 402 2356 cum
425 2307 539 2374 quidem
563 2306 679 2373 cupidus
702 2303 770 2357 belli
792 2304 908 2374 gerendi
932 2325 950 2361 n
963 2308 1087 2374 'tribuno

53 2377 134 2441 lehis
151 2383 294 2428 arceretur
312 2392 348 2426 ne
364 2375 428 2441 iret,
443 2375 531 2444 pullos
547 2375 626 2427 iussit
641 2375 751 2427 efferri:
767 2375 815 2442 qui
832 2391 897 2427 cum
916 2376 1012 2430 misses
1028 2391 1087 2430 non

53 2449 163 2501 tierent
178 2446 290 2512 fruges,
305 2443 423 2496 irridens
440 2444 537 2496 consul
552 2445 703 2514 angurium
720 2444 773 2496 eit:
794 2443 842 2495 Vel
859 2446 975 2498 bibatur
994 2454 1024 2500 et
1040 2462 1088 2500 eos

53 2512 241 2585 risecipitavit
260 2513 291 2566 in
309 2510 444 2566 Tiberim.
478 2511 546 2565 Inde
563 2514 677 2566 navibus
694 2513 781 2565 victor
797 2522 938 2568 revertens
963 2517 998 2568 nd
1015 2517 1088 2568 Afri-

53 2601 108 2637 am
134 2583 180 2649 (sl.
198 2583 262 2655 vict.
282 2600 315 2632 ex
333 2582 432 2650 Africa
458 2594 554 2634 reuert.
567 2581 665 2635 *Gueli
680 2583 701 2634 Ι.
719 2597 782 2634 nau.
802 2583 840 2633 ad
857 2585 943 2706 αὲνίο.
962 2584 1088 2648 tendens)

53 2653 249 2708 emericum
266 2651 396 2703 omnibus
452 2668 481 2702 os
497 2651 617 2704 ducebat
633 2651 766 2703 extinctus
783 2659 831 2703 est
898 2662 910 2704 t
932 2655 1015 2707 multi
1038 2668 1089 2723 pa-

53 2731 153 2776 rentes
165 2721 352 2789 distinguunt3
369 2728 397 2773 et
409 2738 426 2773 e
446 2720 548 2772 solutus
566 2727 607 2772 est
623 2737 724 2773 sensus.
759 2720 812 2771 Alii
829 2721 925 2791 dicunt
941 2737 1087 2789 parcentes

56 2792 185 2848 alendos
210 2796 239 2842 et
261 2790 390 2841 referunt
413 2791 448 2842 ad
470 2795 601 2840 naturum
624 2784 834 2854 columbarum,
857 2808 928 2859 quee
946 2793 1089 2846 exilientes
1156 2802 1159 2813 ·

53 2878 161 2915 ‚mere
177 2857 408 2926 oonsue[ve]runt.
441 2857 495 2910 Alii
520 2858 659 2923 volando,
683 2851 860 2911 ambulando.
874 2860 977 2912 dicunt.
1016 2859 1088 2914 Volo

54 2931 122 2985 nim
146 2928 366 2994 diciturlmedie
389 2943 454 2998 pars
475 2926 553 2993 pedis
575 2928 631 2978 sive
655 2940 762 2978 manus.
786 2953 821 2964 -
862 2933 925 2986 199.
953 2925 1087 2999 Prodire3

53 2997 211 3054 trodibentt
227 2995 350 3048 infinitus
366 3012 418 3064 pro
435 2992 592 3048 indicativo.
606 3020 642 3032 ··-
676 2998 738 3053 201.
755 2993 952 3051 Graveolentis
966 2999 1087 3067 Avemi3
1131 3040 1135 3045 .

53 3068 121 3122 nale
138 3067 246 3123 olentis.
282 3064 355 3117 Alibi
372 3067 444 3118 bene
462 3063 573 3137 olentis:
590 3072 621 3115 ut
639 3063 684 3129 (G.
702 3068 728 3128 4,
744 3066 815 3129 31.):
832 3065 868 3117 Et
884 3068 1011 3135 graviter
1029 3071 1088 3135 spi.

53 3138 145 3190 nmis
169 3137 250 3202 eopia
277 3135 402 3201 tymbrae
420 3133 594 3185 Floreat-
628 3129 920 3203 202.Liquidumque
939 3146 1007 3200 etc.;
1029 3152 1088 3190 non
1141 3194 1143 3199 ,

53 3215 87 3259 »et
105 3207 178 3256 a'e'ris
194 3210 362 3274 perpetuum
379 3200 536 3274 epitheton:
560 3200 608 3254 sed
626 3217 729 3269 purum
751 3202 804 3268 eit,
825 3205 925 3258 Averni
943 3222 1091 3278 compere-

53 3275 132 3329 ione.
167 3272 243 3324 Dicit
259 3280 352 3323 autem
371 3289 417 3325 eas
442 3271 616 3324 altevolusse
633 3271 668 3324 ad
684 3268 827 3323 vitandum
844 3275 946 3327 Averni
964 3276 1088 3328 odorem·
1139 3320 1147 3331 .

53 3370 80 3383 -
116 3348 180 3400 203.
203 3339 292 3408 Super
316 3343 414 3394 arbore
447 3341 561 3406 smum,-
592 3338 744 3391 secundum
773 3340 917 3410 antiquom
946 3343 1090 3398 licentium

55 3429 145 3478 super
167 3409 259 3478 iungit
282 3408 422 3475 ablativo]
457 3410 534 3476 (Imo
562 3424 647 3476 super
671 3424 724 3476 pro
748 3425 843 3477 supra.
864 3413 894 3461 V.
914 3417 945 3477 1,
962 3413 1035 3475 295)
1053 3440 1090 3455 .-

53 3485 110 3540 104.
129 3479 203 3531 Auri
220 3496 310 3543 onro,·
329 3480 459 3548 splendor
476 3475 545 3530 auri.
580 3479 711 3530 Horatius
728 3480 832 3545 (Curru.
850 3488 882 3544 2,
900 3480 953 3542 8.):
972 3480 1035 3532 Tua
1054 3495 1090 3536 ne

53 3548 171 3601 »aaran
187 3567 261 3599 aura
280 3554 415 3610 moritos;
436 3548 454 3600 1.
472 3565 496 3599 e.
518 3545 656 3617 splendor.
690 3548 761 3600 Hinc
786 3555 815 3599 et
831 3565 936 3599 aurum
953 3549 1091 3607 diciture
1147 3572 1150 3577 ·

79 3616 212 3682 tendere,
235 3618 283 3686 qui
307 3618 401 3677 estin
426 3632 459 3670 eo
482 3614 603 3669 metallo.
638 3616 708 3668 Hinc
731 3623 760 3668 et
783 3619 898 3668 aurarii
921 3622 956 3686 (r.
979 3619 1090 3685 Burm)

53 3634 132 3752 goti,
156 3701 276 3755 quonnn
292 3689 370 3740 fetor
388 3685 543 3755 splendidos
560 3685 653 3737 reddit
671 3684 774 3752 (Guelf.
791 3686 811 3736 l.
828 3693 953 3739 tanturn:
976 3685 1044 3738 bine
1062 3698 1090 3743 et

53 3773 157 3809 eurora
175 3758 273 3814 dicta.)
289 3783 325 3795 ·-
359 3763 420 3813 205.
438 3753 570 3806 Brumali
586 3752 701 3822 frigore
718 3757 842 3817 uiscum3
866 3754 938 3810 bene
961 3756 1090 3812 brumali

53 3825 163 3878 rddidit.
198 3824 278 3876 Tunc
295 3824 371 3878 enim
388 3831 530 3876 maturum
548 3825 619 3888 (Vos.
639 3822 805 3886 meroldum)
822 3832 878 3889 est,
903 3833 931 3876 et
946 3826 1008 3877 auri
1025 3827 1089 3881 imi·

53 3900 125 3945 tetur
148 3893 281 3945 colorem.
318 3894 391 3944 Nam
416 3908 487 3946 nova
510 3892 610 3944 fronde
633 3892 716 3943 viret:
740 3892 815 3959 quod
838 3900 869 3944 ut
884 3892 924 3946 nit
939 3894 1042 3955 Plinius
1057 3895 1089 3951 in

53 3960 175 4015 Netineli
193 3961 313 4014 Historia
331 3964 385 4028 (16.
404 3961 464 4022 lin.)
481 3961 516 4013 de
533 3961 600 4012 fimo
616 3958 804 4024 turdelarum,
827 3962 856 4013 in
881 3963 963 4013 certis
981 3961 1090 4018 arbori·

53 4030 101 4086 bru
130 4029 263 4084 nescitur.
315 4030 396 4084 Unde
428 4030 552 4082 Plauttu:
588 4029 655 4097 lpse
684 4031 742 4080 sibi
771 4031 836 4082 ovis
868 4042 983 4084 mortem
1012 4045 1089 4086 ercet
