2454 4500
187 302 223 344 a
246 280 404 343 vmcu.
426 217 597 349 seuero.
618 258 809 379 unsri-11,
829 285 979 352 ss-ss.
1042 288 1122 376 iss¹

11 454 17 459 ’
74 484 136 520 mus
154 467 239 519 etiam
255 465 290 519 de
306 465 390 516 fluvio
409 465 479 516 litus
497 464 605 530 dicere,
617 464 705 535 'ponit
726 471 823 519 tamen
845 459 1052 535 discretionem,
1074 475 1106 525 ut

74 536 135 589 hict
158 536 214 587 Sub
234 536 359 586 ilicibus.
386 533 470 585 Paulo
484 541 545 602 post
561 533 641 599 (83.):
662 533 807 603 Viridique
824 537 950 589 inlitora
965 544 1103 607 conspici.

75 617 123 656 tur
140 623 199 656 sus.
232 606 309 654 Hanc
327 610 420 654 autem
438 617 561 669 porcam,
578 609 609 665 ut
625 602 740 653 diximus
756 620 839 674 supra
856 610 891 671 (3,
908 609 993 671 3900,
1010 626 1104 664 secum

73 674 198 726 habuere
216 671 344 736 Troiani,
367 686 453 738 quam
477 670 608 721 amissam
630 670 661 723 in
678 672 831 739 Campania
853 674 1017 727 invenerunt
1039 696 1104 733 curn
1179 679 1182 691 '

40 748 48 755 ‘
72 743 151 795 foetu
180 741 254 792 circa
278 740 447 791 Laurentem
476 754 589 806 agrum:
619 755 703 806 quam
734 735 797 793 ideo
820 742 923 794 Aeneas
951 744 1105 802 immolavit

72 809 189 874 lunoni,
204 809 270 877 quia
286 808 346 875 ipsa
363 804 463 858 dicitur
481 808 577 858 Terra.
611 807 647 857 Ut
664 807 726 875 [est]
743 808 785 873 (G.
803 818 836 872 2,
853 811 937 872 3263:
963 813 1104 884 Coniugis

10 882 13 887 '
67 880 108 930 'in
125 880 263 946 gremium
282 879 369 927 laetae
387 877 536 928 descendit.
571 874 676 943 Scimus
692 885 787 928 autem
809 878 863 928 hoc
887 880 990 932 arrimal
1011 883 1104 939 inimi·

10 962 35 1009 ’,
73 964 139 998 cum
163 963 221 998 esse
244 945 383 1013 frugibus:
410 952 440 995 ut
464 960 580 1014 caprum
601 943 714 1009 vitibus,
739 945 787 1012 qui
809 946 911 998 Libero
934 949 1103 1008 immolatur.

73 1014 139 1084 [Alii
163 1014 197 1066 de
221 1030 255 1065 ea
277 1012 450 1077 medicant,
472 1013 600 1064 habuisse
623 1029 685 1063 eam
702 1013 850 1078 Troianos,
873 1022 902 1068 et
917 1017 967 1068 sibi
982 1021 1105 1088 primurn

10 1086 18 1117 ἵ
73 1090 241 1152 generasset,
257 1081 298 1132 ibi
314 1089 422 1133 certam
438 1098 517 1148 spem
535 1081 604 1131 sedis
621 1081 785 1151 concepisse.
810 1083 872 1133 ..Alii
888 1084 918 1136 in
934 1085 1014 1141 litore
1030 1083 1105 1142 La'u·

10 1158 20 1187 '-
72 1153 149 1204 renti
164 1151 318 1216 inventam,
343 1165 428 1218 quam
445 1157 550 1200 secutos
568 1148 701 1200 Troianos
724 1149 754 1201 in
779 1167 844 1203 eum
866 1160 991 1206 montem
1007 1169 1105 1223 perve-

72 1220 165 1282 nisse,
188 1219 236 1270 ubi
260 1226 356 1286 postea
373 1219 443 1268 Alba
469 1218 595 1270 acolore
611 1233 726 1286 porcae,
751 1219 836 1286 longa
861 1222 1045 1290 spontione,
1068 1229 1105 1278 sit

41 1303 44 1309 '
71 1287 194 1340 cordua
229 1286 299 1340 Sane
324 1294 352 1339 et
373 1287 482 1337 litoreis
507 1294 534 1338 et
558 1287 721 1336 litoralibus
744 1287 862 1355 diciturJ.
879 1315 914 1327 -
947 1295 992 1348 44.
1008 1293 1103 1346 Enisa
1128 1318 1131 1323 ·

10 1380 17 1390 ·
73 1358 194 1418 iacebit‚·
211 1355 355 1425 participio
372 1362 452 1407 utens
467 1354 558 1421 tangit
573 1353 725 1406 historiam.
737 1382 773 1392 —
805 1359 848 1414 45.
866 1352 930 1410 Salo
950 1360 1103 1428 recusans)

10 1442 13 1451 ¹
72 1427 135 1476 solo
151 1425 255 1477 videtur
266 1423 459 1475 abundare-
492 1421 590 1479 47.E.c
609 1437 677 1488 quo;
694 1433 749 1490 qua
765 1424 982 1483 ratiocinatione.
1019 1426 1104 1498 Quod

10 1516 15 1525 ·
73 1497 178 1555 inscat3
197 1493 270 1561 quod
286 1492 375 1543 solum
394 1508 425 1542 ex
441 1489 582 1543 laboribus
597 1498 690 1542 restet.
724 1492 799 1543 Cura
812 1493 887 1544 enim
900 1497 1008 1549 Aeneae
1023 1512 1105 1567 prae·

10 1568 12 1573 '
70 1563 158 1615 sentis
180 1563 273 1612 iuerat
293 1561 468 1611 necessitatis.
492 1586 528 1595 —
572 1563 613 1614 51.
636 1559 757 1609 Arcades
781 1567 847 1622 etc.;
867 1561 998 1617 Etsander
1021 1570 1105 1620 Arcas

10 1632 17 1663 ·'
70 1631 131 1683 faie
144 1644 229 1699 nepos
246 1628 374 1680 Pallantis
390 1630 463 1696 regis
480 1626 621 1693 Arcadiae.
661 1628 712 1677 Hic
730 1643 794 1678 cum
811 1637 920 1696 patrem
936 1642 1017 1684 suum
1035 1631 1106 1688 occi*

71 1700 158 1751 disset
180 1698 312 1749 suadente
336 1704 426 1748 matre
448 1696 616 1757 Nicostrata,
648 1711 719 1762 qliae
743 1696 828 1747 etiam
852 1698 1007 1752 Carmentis
1030 1697 1107 1759 dicta
1158 1695 1161 1709 ¹

72 1774 132 1831 est,
169 1766 233 1834 quia
263 1765 432 1817 carminibus
462 1763 674 1822 vaticinabatur3
709 1763 774 1830 [alii
800 1764 890 1831 ipsam
918 1768 1105 1826 Nicostratam

70 1843 195 1889 matrem
211 1833 335 1885 Euandri
359 1848 424 1883 cum
441 1839 513 1882 esset
528 1839 638 1882 centum
655 1832 752 1882 decem
775 1849 912 1885 armorum
936 1855 952 1888 a
967 1837 1025 1888 filio
1042 1856 1106 1907 per.

71 1912 200 1974 emptam
215 1902 336 1954 tradtmt.
370 1902 485 1957 Constat
506 1907 601 1950 autem
617 1899 736 1950 Arcades
758 1901 909 1970 plurimum
933 1899 1040 1972 vixisse,
1062 1910 1105 1962 in*
1127 1962 1133 1971 ⁸

71 1981 199 2035 teritum,
223 1978 254 2020 ut
277 1969 390 2038 quidam
415 1984 499 2035 usque
523 1969 559 2019 ad
581 1975 718 2023 trecentos
733 1981 827 2019 annos
844 1971 957 2022 vivendo
994 1986 1105 2030 eruens*

68 2043 138 2095 rint.
172 2041 232 2107 Ipse
255 2047 349 2089 autem
371 2034 520 2100 Euander]
546 2031 819 2104 dinrissa‘provincia
842 2047 890 2089 s'ua
913 1991 1025 2120 [semiim
1048 2060 1106 2099 non

69 2115 186 2182 sponte,
202 2102 369 2176 compulsus]
385 2104 459 2156 venit
475 2104 510 2156 ad
526 2103 647 2167 Italiam,
665 2111 692 2155 et
707 2104 791 2172 pulsis
806 2104 1001 2175 Aboriginibus
1018 2115 1108 2177 tenuit

35 2234 38 2239 ,
69 2178 135 2231 loca
150 2175 181 2227 in
197 2175 295 2243 quibus
312 2190 386 2226 nunc
403 2172 494 2224 Roma
511 2179 563 2237 est,
587 2178 615 2223 et
631 2171 772 2223 modicum
789 2169 922 2242 oppidum
937 2173 1062 2231 fundavit
1076 2188 1107 2235 irt

10 2282 20 2295 .
71 2251 172 2298 monte
196 2241 336 2307 Palatino,
362 2240 447 2308 [sicut
469 2241 509 2291 ait
524 2241 624 2291 Varro:
648 2239 750 2290 Nonne
773 2239 894 2293 Arcades
919 2245 1013 2298 exules
1041 2260 1106 2301 cana

65 2315 212 2385 sugerunt
236 2314 268 2363 in
287 2305 428 2362 Palatium
453 2307 714 2373 incensarium]
738 2308 789 2360 Hic
812 2317 908 2363 autem
932 2323 1012 2365 mons
1029 2316 1107 2372 Pala*

70 2383 149 2435 tinus
170 2381 322 2432 secundum
345 2377 494 2446 Virgilisun
524 2394 541 2428 a
563 2376 686 2428 Pallante
716 2388 765 2428 eso
789 2375 912 2431 Euandri
941 2389 982 2432 ess
1004 2378 1107 2439 dictust

53 2444 226 2504 'secundum
243 2451 397 2500 Varronem
425 2445 551 2510 atilios,
574 2463 591 2496 a
614 2445 671 2496 filia
687 2445 810 2497 Euandri
826 2445 960 2567 Pallpntia
983 2448 1019 2502 ab
1036 2452 1125 2515 Here,

71 2518 136 2571 aule
153 2518 261 2580 nnete,
284 2523 312 2569 et
328 2523 423 2584 postea
437 2509 494 2565 illic
511 2513 617 2579 sepulta
623 2549 631 2579 ,
654 2510 697 2564 vel
713 2522 788 2566 certe
806 2533 823 2566 a
838 2516 876 2567 Pa
897 2525 960 2569 ante
977 2519 1035 2571 eius
1048 2522 1105 2574 filio

73 2587 136 2641 illic
159 2581 273 2655 sepulto.
307 2584 357 2648 (Al.
380 2578 434 2633 alii
460 2600 477 2631 a
496 2580 622 2632 Pallante
646 2583 697 2647 qui
720 2583 753 2631 de
770 2581 840 2649 filia
857 2584 989 2643 Euandri
1013 2601 1107 2655 natus,

16 2664 42 2684 ⁸
57 2656 100 2708 'et
118 2657 161 2706 ibi
178 2656 303 2722 sepultus
321 2660 362 2702 est
379 2654 544 2701 immaturae
562 2651 671 2699 aetatis.
707 2650 768 2700 Alii
786 2668 803 2699 a
815 2650 883 2717 filio
900 2651 1039 2720 Euandri,
1057 2656 1108 2724 qui
1189 2708 1192 2712 ,

57 2735 139 2794 ‚post
156 2735 269 2775 mortam
285 2720 376 2789 patris
394 2720 530 2770 seditione
548 2705 747 2789 occisus-est.)
778 2716 832 2768 Alii
854 2718 992 2772 ainictu
1015 2725 1107 2776 ovium

71 2794 242 2844 Balameum
266 2791 359 2841 volunt
380 2784 493 2839 dictum.
528 2787 571 2850 Et·
587 2784 682 2835 exinde
705 2795 756 2850 per
779 2780 968 2840 Antistoichon
991 2783 1106 2844 Pallan·

72 2875 151 2915 teum
168 2860 281 2912 dictum.
315 2857 368 2908 Sed
384 2857 406 2906 si
424 2873 441 2907 a
457 2854 552 2906 balatu
566 2851 620 2904 hoc
637 2866 742 2902 nomen
758 2855 877 2919 venerit,
899 2867 936 2923 pa
952 2853 1035 2926 longa
1053 2870 1107 2915 estc

70 2931 148 2984 sicus
169 2942 233 2981 eam
248 2925 386 2978 Martialis
409 2923 487 3001 ponit
509 2921 679 2990 plerumque.
712 2913 742 2998 §i
766 2928 860 2972 etitem
885 2924 1046 2978 aPallante
1065 2932 1106 2996 (-V.

73 2994 237 3061 Palanteo),
259 3010 297 3062 pa
320 2993 408 3044 brevis
433 2998 488 3054 est,
511 2996 542 3039 ut
567 3003 631 3040 eam
652 2991 732 3053 ponit
748 2987 850 3056 ubique
868 2988 997 3062 Virgilius
1013 3009 1107 3059 secun*

10 3086 12 3091 ·
73 3068 146 3120 dum
161 3079 240 3116 susm
257 3058 424 3131 opinionem.
461 3055 557 3108 Genus
575 3072 592 3106 a
611 3055 738 3107 Pallante
754 3057 926 3127 profectum
948 3059 1107 3133 profectum
1130 3068 1135 3085 “

73 3136 113 3190 nri
130 3135 179 3187 tas
197 3146 259 3191 oras
275 3144 360 3198 genus
378 3145 395 3181 a
412 3126 550 3189 Pallante,
566 3136 622 3176 non
640 3140 656 3176 a
673 3117 795 3177 Pallante
812 3129 977 3193 profectum.
994 3151 1029 3177 a.
1065 3139 1108 3191 52⁴

65 3204 149 3278 ¹[Qui
166 3218 255 3270 regem
272 3195 449 3259 Euandrum,
467 3197 516 3263 qui
533 3190 633 3260 sigum
649 3193 667 3244 i.
682 3208 722 3257 e.‚
739 3190 787 3260 qui
803 3190 876 3262 regis
887 3194 1012 3251 Euandri
1028 3194 1106 3269 signa

72 3269 177 3337 muti,
199 3277 231 3320 ut
248 3276 290 3334 (2,
309 3265 393 3328 110.):
417 3264 561 3331 Sanguine
578 3262 713 3330 placastis
730 3272 827 3312 centos
844 3272 871 3313 et
887 3267 998 3334 virgine
1017 3284 1108 3335 caesa,

74 3356 131 3413 pro
155 3339 288 3405 sanguiue
311 3330 423 3403 virginis
447 3329 560 3394 caesaeb
577 3357 611 3368 -
628 3391 630 3395 .
646 3334 688 3388 53.
707 3325 742 3379 In
761 3331 919 3398 montibus‚·
942 3343 974 3385 ut
990 3336 1106 3400 diximus
1185 3389 1189 3400 ,

74 3411 177 3478 supra,
198 3405 261 3476 [est]
284 3404 314 3456 in
337 3396 491 3454 minoribus
513 3399 565 3452 illis
589 3393 719 3453 colliculis
744 3394 786 3464 (al.
809 3396 943 3464 collibus).
976 3399 1029 3470 [An
1053 3416 1105 3472 pro

10 3490 13 3527 i
73 3486 189 3541 monte,
213 3493 248 3527 an
270 3473 344 3524 inter
367 3464 511 3532 montesi]
528 3494 561 3505 -
603 3469 645 3524 54.
663 3464 803 3531 Pallantis
826 3473 927 3534 proavi
933 3481 940 3532 ;
964 3474 1109 3527 confundit

12 3538 16 3547 ¹
73 3546 194 3601 nomina
217 3550 247 3593 ut
269 3542 433 3612 plerumque
456 3533 533 3589 solet.
575 3534 648 3586 Nam
670 3547 734 3586 enus
756 3535 823 3585 fuit:
844 3535 883 3586 sic
908 3543 936 3588 et
957 3538 1024 3592 illud
1041 3541 1108 3593 dixit

77 3620 124 3684 (9,
147 3610 200 3676 4,)2
222 3608 300 3661 Luco
325 3620 393 3658 cunc
411 3602 489 3674 force
512 3604 637 3672 parensis
662 3602 789 3655 Pilumni
814 3598 957 3656 Turnus«
981 3608 1017 3658 Es
1040 3606 1108 3663 alibi

76 3690 134 3753 (10,
151 3679 238 3742 619.);
257 3679 460 3742 Pilumnusque
475 3672 520 3725 illi
535 3683 652 3740 quartus
667 3683 752 3738 pater.
786 3674 819 3739 [A
851 3668 995 3737 araunium
1010 3684 1108 3731 tamen
1129 3738 1133 3745 ¹

26 3744 38 3756 “’
75 3752 125 3807 hic
144 3745 239 3802 Pallas
256 3754 353 3800 auctor
369 3738 502 3795 Euandrii
518 3740 632 3809 generis»
643 3740 724 3808 Egeii
741 3737 834 3806 (Aegei
874 3736 945 3791 filius
967 3738 1050 3797 fuisse
1068 3743 1108 3799 di·

77 3808 167 3886 cit'ur,
190 3816 238 3885 qui
262 3834 278 3868 a
300 3817 389 3866 fratre
412 3812 521 3862 Theseo
537 3802 650 3860 Athenis
671 3822 757 3875 regno
781 3809 887 3874 pulsus,
910 3806 1108 3866 ssd-Arcadiam

78 3889 169 3954 venit,
193 3892 220 3937 et
236 3880 277 3934 ibi
299 3896 421 3948 regnum
437 3880 540 3942 tenuit,
564 3880 593 3928 et
615 3875 668 3927 hoc
692 3880 773 3945 poeta
790 3874 867 3943 qussi
883 3875 1016 3930 Romanis
1034 3878 1109 3950 dicia

79 3972 150 4011 nam
172 3954 208 4007 ad
225 3953 347 4003 Aeneam
363 3965 419 4000 non
443 3942 581 4013 pertinet].
598 3970 632 3982 -
666 3951 709 4003 55.
727 3941 835 3994 Bellum
853 3942 1109 4015 assideremus,-
1157 3956 1160 3961 '

77 4027 198 4089 ducunt,
221 4028 269 4074 aut
284 4024 399 4090 gerunt,
421 4022 469 4068 aut
490 4013 522 4068 in
537 4014 652 4084 longum
675 4011 796 4066 irehrust.
829 4006 866 4064 Et
882 4010 954 4067 bene
970 4024 1110 4085 praestan»
