2454 4500
156 245 190 343 a
214 278 368 378 ustrou.
385 243 559 369 ‘sanun
581 277 660 339 uo.
683 279 722 351 v,
745 282 937 347 saa-ess.
997 283 1075 370 sss,

55 478 97 519 ron
114 464 151 516 sit
166 478 331 527 consonans,
353 467 442 531 potest
464 468 557 531 umen
579 460 610 512 in
626 459 806 513 declinatione
828 476 880 529 pro
895 467 1061 513 consonante

55 532 153 596 uberi,
168 534 210 598 [ut
227 532 338 594 obiicit,
356 530 471 592 obiecit,
489 530 618 593 subiicit,
635 527 771 592 subiecit]
787 556 821 566 —
855 534 916 587 523.
932 528 1059 596 Auguria

55 611 197 653 senseram
203 607 216 663 ,·'
231 599 382 666 augurium
399 597 503 648 dicttrm
521 596 598 663 quasi
614 597 786 663 avigerium,
801 597 835 664 [i.
851 595 888 660 ez]
905 597 978 663 quod
994 612 1060 648 aves

55 678 151 731 serunt.
186 667 222 717 Et
237 665 308 717 bene
325 664 359 717 de
374 665 473 732 sagitta
495 663 562 716 dixit
584 667 751 731 augurium,
776 679 846 731 quae
863 665 952 731 (quia)
975 665 1061 717 babet

55 751 158 789 ennas:
187 747 354 801 quamquam
376 733 470 784 omnia
491 731 528 783 ad
548 747 634 782 unum
656 731 824 800 congesserit
844 730 949 794 locum,
980 750 1059 784 man·

55 800 713 934 imsuttttttntttttn‘'tutti-s
723 802 867 936 findi·
891 797 1060 936 ituit

55 941 76 989 :t
121 937 165 990 rod
181 934 340 1006 improbant
356 943 429 988 vates
466 939 568 987 Aeneas
585 935 777 1003 amplectitur,
797 934 926 1002 deceptus
950 936 1060 1005 augurii

55 1007 104 1057 imi
118 1005 220 1056 'tudine
241 1002 315 1071 quod
337 1003 410 1070 apud
427 973 542 1055 'i'roiam
562 1003 727 1069 probaverat
748 1010 841 1070 pater,
863 1010 895 1053 ut
917 1008 960 1068 (2,
975 1002 1061 1065 694.):

55 1074 126 1124 ltalia
144 1072 240 1141 facem
258 1072 369 1123 ducens.
385 1097 420 1109 -
453 1076 513 1128 525.
530 1068 663 1136 Liquidis
686 1072 718 1122 in
736 1071 872 1132 nubibus;
897 1072 983 1122 nubes
1006 1087 1058 1141 pro

55 1146 106 1230 '5¹⁰
130 1140 227 1210 posuit
267 1138 363 1191 Nubes
386 1138 461 1221 enim
484 1139 608 1217 liquidae
632 1155 690 1192 essa
713 1153 770 1191 non
792 1144 911 1258 possunt.
928 1165 967 1217 ᾗ,
998 1148 1059 1197 527.

55 1205 1060 1341 instruite·etit.)ttr‘tttttutttttruttttt
1082 1326 1085 1347 ,

55 1361 120 1395 *eum
140 1346 232 1411 ignem
250 1358 342 1392 secum
358 1352 480 1406 torquet,
503 1344 554 1407 qui
570 1353 676 1392 tractus
700 1344 828 1393 imitatur
847 1341 942 1392 stellas
959 1343 1059 1394 caden-

55 1431 89 1463 es.
107 1436 141 1476 -,-
176 1416 237 1470 529.
261 1411 394 1461 Attonitis
418 1411 540 1472 animis,-
566 1409 713 1477 [intentis],
736 1409 893 1477 stupefactis
916 1410 1059 1478 pattoni-

55 1496 116 1533 rua:
138 1493 215 1549 quaex
229 1494 338 1548 semper
359 1476 507 1528 cohaerent
528 1476 689 1530 coelestibus
710 1477 826 1543 ignibus.
846 1501 880 1514 ·-
914 1481 974 1534 530.
1001 1477 1059 1529 Nec

55 1555 112 1608 tc.;
134 1545 271 1613 amplexus
289 1552 341 1608 est,
364 1551 393 1596 et
408 1544 543 1612 probavit.
576 1545 649 1597 Nam
664 1547 741 1611 (nou)
757 1542 908 1597 secundum
922 1559 1075 1612 augurum

55 1614 214 1684 {isciplinam
235 1612 301 1664 dixit
320 1612 356 1664 ad
379 1628 407 1664 se
429 1616 493 1664 non·
507 1611 655 1680 pertinere.
689 1613 762 1662 Nam
784 1611 872 1663 nostri
887 1610 995 1663 arbitrii
1012 1621 1061 1680 est,

55 1683 97 1736 isa
122 1681 219 1733 omina
238 1680 280 1732 vel
300 1680 341 1731 im
360 1678 539 1744 robare,'vel
559 1681 691 1748 racipere.
708 1706 742 1716 —
777 1686 836 1738 533.
861 1678 943 1729 Sume
965 1692 1059 1746 pater,

55 1748 171 1819 suscipe
199 1747 248 1814 (al.
271 1696 359 1814 porei
400 1748 473 1799 Nam
496 1747 610 1799 verbum
639 1756 679 1800 est
708 1746 975 1811 iurisconsultorsnn,
1005 1763 1061 1816 quo

55 1824 171 1880 suatar,
238 1816 323 1867 otiens
345 1815 467 1883 legatum
490 1831 545 1867 non
569 1815 605 1867 ab
632 1814 734 1868 herede
764 1816 844 1881 datur
851 1851 860 1879 ,
887 1814 935 1866 sed
967 1822 1008 1866 est
1028 1815 1058 1867 in

55 1884 130 1936 Basil.
147 1883 209 1936 Gue
232 1919 238 1932 .
255 1883 289 1935 11.
313 1883 359 1933 sed
376 1899 426 1944 ιτς
453 1886 483 1933 ίη
502 1882 590 1933 omitt
607 1882 692 1935 etiam
708 1881 741 1932 R.
760 1884 805 1942 V.;
829 1881 919 1934 Guelf.
935 1882 970 1933 L:
994 1901 1059 1950 quo-

55 1954 115 2004 iens
139 1952 259 2030 legatum
281 1951 394 2002 sinendi
419 1952 497 2002 modo
524 1950 626 2012 datur.)
650 1950 807 2018 accipientia
829 1947 959 2014 arbitrio,
981 1951 1017 2018 [i.
1034 1969 1059 2004 e.
1145 1976 1147 1985 v

55 2019 242 2085 iudicationis,
272 2019 313 2070 vel
337 2017 479 2084 ationis]
501 2043 535 2056 -
575 2021 636 2078 534.
659 2017 819 2083 Eurorum,
843 2011 973 2085 ἅκληρον,
999 2022 1084 2072 sine·
1126 2083 1134 2091 ι

55 2094 121 2140 orte.
143 2111 178 2124 -
218 2088 278 2146 535.
300 2036 438 2144 Aneiritai
466 2102 584 2150 munus,-
612 2085 687 2155 quod
707 2085 888 2139 Cisseus-rex
916 2086 1061 2154 Thraciae,
1107 2104 1113 2115 ¹

55 2154 191 2208 ecsmduru
207 2153 350 2225 Virgilium
366 2161 445 2222 pater
460 2152 597 2219 Hecubae,
613 2161 644 2204 ut
660 2157 714 2221 (10,
724 2152 810 2216 705.):
829 2153 942 2206 Cisseus
960 2158 1059 2222 r'egina

55 2221 130 2273 'erin
147 2224 235 2286 creat,
257 2221 388 2274 Anchisae
411 2221 557 2289 aliquando
573 2221 726 2275 donaverat.
743 2246 778 2257 -
812 2227 872 2279 536.
888 2221 1059 2291 impressum

57 2292 152 2358 ignis3
168 2290 301 2357 impressa
315 2289 392 2357 sigua
408 2289 571 2355 habentem,
586 2290 606 2341 i.
623 2307 645 2342 e.
662 2289 836 2343 emblemata.
851 2314 886 2328 -
920 2295 980 2348 539.
996 2290 1059 2360 [Vi-

55 2360 166 2422 idanu‘3
189 2356 290 2425 species
306 2356 444 2426 participii
466 2357 524 2412 sine
540 2358 755 2425 verbiroriginm
777 2363 836 2410 tem
856 2357 910 2408 oris
932 2361 1060 2425 praesen-

55 2424 94 2491 is.]
110 2451 145 2463 -
178 2429 238 2483 540.
256 2423 379 2475 Primum
404 2436 468 2475 ante
486 2442 595 2489 omnes,⁸
619 2440 705 2477 uuum
721 2431 806 2478 vacat.
835 2375 991 2493 {Appellam
1017 2424 1060 2479 vel

55 2494 121 2558 icit,
145 2493 189 2544 sel
203 2493 307 2545 salutat.
340 2491 478 2546 Sallustius
495 2495 560 2561 (Ing.
579 2491 663 2555 106.):
686 2493 842 2544 Adveniens
858 2493 938 2545 velas
955 2491 1058 2560 (tohu)

55 2561 219 2628 incestarent
244 2561 370 2627 appellat.
396 2585 429 2597 -
476 2565 538 2619 541.
564 2560 690 2613 Praelata
716 2562 820 2612 inuidit
843 2560 960 2628 henori;
992 2563 1011 2614 i.
1034 2580 1058 2614 e.

55 2629 195 2681 sceletum
222 2625 384 2693 honorem]
413 2654 447 2666 -
492 2633 552 2687 543.
584 2627 751 2694 Proximus,-
781 2634 842 2699 post
870 2629 1058 2698 Eurytionem.
1112 2672 1115 2679 .

55 2697 153 2762 ionis,
169 2695 205 2748 ad
220 2695 299 2748 dona.
316 2722 349 2734 -·
383 2699 442 2754 544.
459 2696 620 2760 Extremum
645 2696 777 2761 ostendit,
799 2695 849 2747 hos
871 2712 920 2750 sua
940 2714 1059 2750 munera

55 2765 211 2831 tercepisse,
231 2764 346 2816 Acesten
361 2778 425 2816 seso
442 2764 586 2815 sumsisse
605 2763 761 2833 praecipua.
777 2790 812 2800 -
846 2767 906 2821 545.
923 2764 1057 2819 Nondum

56 2833 191 2884 erramina
207 2833 292 2883 missa
300 2856 310 2895 ‚·
328 2832 362 2884 de
377 2782 632 2899 peracusioquitur
647 2831 737 2882 rebus.
770 2831 837 2884 Iade
854 2831 949 2886 debuit
965 2832 1057 2887 dicere

55 2901 167 2963 sceau,
190 2905 217 2950 et
234 2898 319 2967 sarus
343 2911 391 2950 est.
432 2899 507 2966 Ergo
530 2906 577 2951 aut
592 2905 699 2968 tempus
716 2906 758 2952 est
773 2915 824 2968 pro
846 2907 987 2969 tempore;
1009 2909 1058 2955 aut

55 2968 78 3019 ic
101 2967 188 3019 refert
209 2965 297 3032 (codd.
316 2966 456 3046 refertur),
477 2974 509 3019 ut
532 2965 654 3019 videatur
677 2982 734 3017 uon
751 2967 785 3019 de
801 2969 951 3036 praeterito
974 2968 1059 3039 loqui,

55 3036 87 3089 ed
104 3041 195 3088 ectum
211 3035 352 3104 praeteriti
366 3035 410 3100 (ab
422 3032 585 3101 praesentis)
598 3035 728 3101 temporis
740 3049 844 3103 ponere
857 3043 884 3086 et
895 3038 1009 3088 referre.
1022 3062 1057 3079 -·

56 3108 101 3161 46.
120 3100 263 3153 Custodem
278 3103 313 3152 ad
330 3121 388 3155 sese
394 3126 404 3167 ,-
421 3103 571 3155 secuudum
584 3100 705 3152 Tullium
721 3102 769 3171 qui
782 3101 860 3168 dicit,
876 3104 912 3156 ad
927 3104 1057 3157 militiam
1086 3130 1090 3139 ·

56 3169 167 3221 uatibus
182 3168 242 3223 dari
259 3169 350 3222 solitos
366 3187 422 3223 esse
438 3172 576 3234 custodes,
594 3166 632 3234 [a]
648 3167 746 3234 quibus
761 3171 852 3241 primo
869 3187 941 3225 anno
958 3187 1058 3240 regan·

55 3254 93 3289 ur.
127 3237 204 3289 Unde
227 3239 266 3289 ait
283 3230 321 3290 be
343 3224 463 3290 Pallante
484 3243 527 3305 (8,
545 3236 629 3298 515.):
651 3237 706 3288 sat
732 3251 756 3288 te
780 3239 896 3290 tolerare
914 3243 1056 3307 magistro

55 3306 177 3356 uitiatam
195 3317 220 3356 et
235 3324 319 3372 graus
336 3306 440 3357 Martis
459 3324 535 3372 opus.
570 3305 697 3372 Impubis
713 3306 789 3371 Iuli,-
815 3305 850 3357 ab
873 3322 907 3359 eo
925 3309 998 3375 quod
1016 3317 1057 3360 est

55 3377 86 3423 ,ie
110 3374 199 3438 pubis.
241 3374 313 3426 Nam
337 3375 409 3443 quod
432 3374 472 3425 ait
492 3373 644 3426 Sallustius:
674 3371 791 3426 Puberes
816 3392 910 3426 omnes
933 3376 1057 3444 interfici

54 3443 130 3505 utet,
154 3441 227 3492 venit
242 3441 278 3494 ab
295 3456 328 3493 eo
346 3442 418 3509 quod
436 3448 476 3492 est
490 3443 591 3506 puter.-
617 3448 644 3492 et
660 3450 722 3492 sunt
736 3442 792 3495 ists
804 3442 957 3494 communis
975 3460 1057 3512 gens-

55 3510 86 3573 is,
103 3508 125 3559 si
137 3509 293 3561 referantur
309 3509 343 3559 ad
356 3509 482 3576 singulos.
515 3509 662 3562 Multitudo
677 3517 768 3561 aretem
779 3511 802 3561 si
818 3508 931 3574 dicatur,
948 3513 1057 3579 generis

55 3585 148 3628 sutum
164 3576 292 3629 feminini
308 3583 362 3639 est,
379 3577 430 3643 [ut]
447 3576 513 3627 haee
529 3578 622 3657 pultes.
641 3603 675 3615 -
709 3583 770 3635 547.
786 3578 873 3629 Fatus
891 3579 927 3629 ad
944 3589 1056 3643 aurem3'
1154 3602 1158 3609 ·

55 3643 162 3712 equitur
187 3651 214 3697 et
236 3643 294 3694 Die
316 3647 366 3695 ait.
413 3645 490 3697 Unde
513 3652 583 3697 naut
604 3651 632 3696 et
654 3646 683 3697 in
705 3647 786 3698 tertio
812 3646 907 3713 (480.)
931 3647 1056 3713 diximus,

55 3728 126 3763 num
148 3719 225 3764 vacet
246 3728 355 3764 necesse
380 3720 426 3764 est
443 3738 477 3749 -
511 3719 571 3773 552.
595 3713 713 3781 Campos
738 3716 812 3766 iubet
836 3732 894 3765 esse
919 3727 1056 3779 patentes;

55 3778 156 3830 iscessu
178 3780 271 3849 populi
293 3779 369 3831 iubet
391 3780 451 3831 fieri
474 3797 584 3848 campos
607 3789 734 3861 patentes.
760 3808 794 3819 —
833 3790 894 3841 553.
920 3782 1056 3836 Incedunt

58 3851 120 3899 ueri
126 3871 136 3910 ,·
159 3854 207 3898 aut
230 3848 336 3913 poetica
357 3847 466 3900 licentia
491 3849 632 3915 conscindit
653 3857 768 3901 aetatest
790 3858 821 3900 ut
842 3851 925 3903 modo
948 3867 1058 3919 pueros,

55 3916 122 3981 nodo
145 3916 255 3967 iuvenes
278 3916 356 3967 dicat
390 3914 461 3966 Nam
484 3915 537 3968 ait:
560 3917 618 3969 Una
642 3919 714 3970 acies
737 3918 873 3970 iuvenum.
906 3921 959 3971 Aut
982 3926 1057 3973 certa

55 3984 189 4036 scandum
205 3983 338 4053 quosdam
353 3984 479 4055 sequenti
494 3983 666 4038 &uhodone
682 3991 788 4039 mutata
805 3986 906 4053 (Gueli.
922 3987 943 4039 l.
960 3999 1058 4054 masas,

86 4103 120 4179 Ι,
820 4111 857 4161 22
