2454 4500
181 222 215 319 n
238 246 395 322 vinca.
417 238 590 323 sanem.
612 257 692 322 ua.
712 258 752 334 x,
774 260 967 329 leo-161.
1031 266 1095 329 sn

10 486 34 503 ,
67 439 224 493 Aliternum
249 444 383 512 (Altern.;
404 441 575 508 Vulturni)
598 451 740 495 vocatam:
764 442 867 494 Tuscos
890 457 907 511 a
930 439 1095 505 Samriitibru

10 508 34 567 ζ
67 518 177 561 exactos
195 513 320 581 Capuam
337 527 458 565 vocasse:
476 513 512 563 ob
529 513 582 565 boc
600 514 673 579 quod
689 512 759 564 banc
776 512 890 580 quidam
906 511 986 562 Falco
1004 512 1096 563 condi·

12 574 34 585 '‘
65 576 166 643 disset,
183 581 228 630 cui
245 582 356 649 pollices
373 585 474 651 pedum
491 581 567 632 cmvi
582 582 708 646 fuerunt,
725 580 959 648 quemadmodum
976 580 1095 633 falcones

10 646 34 699 “.
68 660 130 697 aves
148 647 265 715 habent,
282 646 350 718 'quos
365 650 437 701 viros
454 649 535 700 Tusci
549 649 655 718 Capuae
673 657 811 700 vocarunt.
846 650 932 699 Varro
950 647 1016 700 dicit
1033 665 1095 716 pro-

10 716 30 771 “,
87 720 131 765 ter
150 717 220 766 coeli
235 716 404 786 temperiem
421 726 448 770 et
464 717 573 784 cespitis
596 718 792 768 fecunditatem
817 732 947 787 campum
974 718 1094 769 eundem

10 772 32 851 U‘
94 797 248 852 apuanum,
265 787 319 838 sive
338 788 512 859 Campanum
529 785 650 849 dictum,
672 786 750 853 quasi
767 786 858 837 siarum
877 784 1008 853 (capud)
1025 786 1094 837 salu·

23 856 41 909 ,“
66 850 103 900 tis
123 859 150 902 et
165 853 327 920 fructuum]
344 880 379 894 -·
413 860 474 913 147.
493 854 674 905 contulerant
680 876 690 918 ς
714 862 795 905 nocte
818 853 1016 906 interveniente
1033 856 1094 923 per-

10 972 23 983 ,
68 928 191 987 egerant.
225 923 262 973 Et
278 931 319 975 est
335 923 487 992 explanatio
505 937 615 986 rerum,
632 937 699 989 quas
715 924 820 973 Aeneas
836 921 933 990 gessit,
949 930 1106 991 postquami

10 990 31 1001 ““
68 995 111 1038 est
128 990 265 1057 proiectus
283 992 317 1043 ab
335 993 472 1045 Eriandro·
481 993 517 1044 ad
553 991 650 1041 etenda
674 990 787 1055 auxilia,
809 990 875 1040 dum
897 991 970 1041 inter
988 1006 1049 1041 suos
1066 1000 1094 1042 et

25 1092 32 1113 ·.
66 1052 195 1107 Turnum
218 1058 290 1111 bella
312 1062 488 1131 gerebantur.
532 1009 639 1127 fMedin
657 1067 723 1118 etc.;
746 1067 793 1108 aut
816 1061 907 1109 media
932 1071 1025 1125 nocte,
1047 1067 1094 1110 aut

25 1126 34 1193 ᾗ
60 1120 141 1189 sret'a
161 1127 259 1178 media.
276 1153 311 1165 -
346 1134 405 1187 148.
423 1126 551 1195 Namque
569 1140 599 1176 ut
617 1129 650 1177 ab
670 1127 803 1178 Euandro
809 1126 837 1192 ,·]
853 1142 917 1179 rem
935 1128 1010 1178 enim
1029 1136 1091 1180 autc

22 1200 29 1209 '
69 1193 200 1244 omissam
230 1196 348 1249 breviter
380 1198 541 1265 exsequitur.
564 1220 598 1232 -
647 1200 704 1252 149.
732 1196 850 1263 [Regem
874 1196 949 1261 ndit3
980 1196 1092 1248 instanti

10 1260 34 1333 [Ι
67 1264 196 1328 tempore
212 1262 288 1328 adit]
305 1290 338 1303 -
374 1273 432 1324 1⁵0.
452 1265 561 1331 Quidve
578 1275 667 1330 petat,-
688 1265 793 1315 scilicet
809 1264 947 1315 auxilium.
981 1263 1091 1329 Quidve

10 1330 35 1393 ’,ᾗ
67 1328 127 1395 r'pse
139 1330 233 1397 serar,·
254 1332 467 1386 -vicissitudinem
490 1332 588 1385 atuilii.
621 1333 658 1381 Ut
672 1347 755 1398 supra
773 1331 923 1400 [Euandro]
946 1335 1120 1396 (8‚150.):¹

10 1396 34 1465 j
66 1400 185 1464 Accipe,
202 1400 291 1468 daque
302 1401 399 1468 fidem.
432 1402 525 1470 [Multi
541 1406 634 1451 aarum
652 1401 773 1468 quidque
790 1412 877 1467 petat,
895 1402 1016 1467 quidque
1034 1405 1092 1470 ipse

10 1472 34 1529 -ζ
60 1463 267 1533 ferat„dicunt
284 1470 433 1539 oportuisse
451 1470 519 1535 dici,
534 1468 582 1521 sed
599 1476 734 1521 mutatam
751 1468 987 1521 coniunctionem:
1003 1486 1092 1539 neque

10 1530 34 1603 J
65 1534 143 1584 enim
166 1552 199 1587 ex
223 1537 335 1589 alterius
357 1553 474 1607 persona
498 1535 656 1608 exponitur,
680 1536 727 1588 sed
750 1544 840 1587 totum
864 1551 896 1587 ex
918 1539 1041 1603 Aeneae,
1064 1545 1093 1591 at

10 1602 33 1624 '⁵
63 1599 129 1653 ideo
148 1619 200 1670 que
216 1604 491 1675 coniunctione'opus
507 1607 604 1665 fuisse;
621 1623 652 1654 ae
670 1605 745 1657 enirn
761 1603 874 1673 propria
890 1605 933 1655 uel
950 1605 1093 1674 significat,

10 1728 24 1745 q
63 1677 97 1719 ut
114 1671 153 1721 sio
176 1675 219 1738 (4,
235 1674 321 1736 427.);
344 1674 404 1726 Nec
426 1675 516 1742 patris
533 1672 673 1723 Anchisae
695 1676 803 1725 cineres
827 1689 955 1723 manesoe
979 1673 1093 1741 revelli]

10 1750 30 1805 ‘J
63 1736 227 1791 Mezentius
245 1749 309 1802 etc.;
326 1743 416 1793 iniicit
431 1744 546 1794 latenter
562 1741 708 1806 timorem,
730 1740 766 1792 ne
783 1741 857 1793 forte
873 1742 957 1810 possit
972 1743 1092 1796 collectis
1112 1750 1119 1761 ‘

63 1806 173 1858 auxiliis
189 1808 362 1875 [Mezentius]
379 1811 407 1861 in
431 1826 518 1878 regna
534 1826 676 1876 remeare,
700 1809 831 1877 aquibus
853 1811 944 1860 iuerat
967 1819 1030 1864 ante
1046 1813 1093 1864 de·

10 1884 17 1895 ··
58 1875 163 1956 pislsus.
189 1901 222 1914 -
263 1880 321 1937 151.
350 1878 528 1945 Violentaque
551 1890 661 1946 pectora
686 1878 795 1941 Turni,·
820 1878 952 1944 superba:
981 1888 1012 1933 ut
1033 1883 1093 1960 [est

57 1942 147 2008 lliud]
164 1948 191 2009 (8
225 1949 310 2008 tias:
332 1945 412 2013 Quos
437 1949 484 1999 itti
507 1948 576 1998 bello
601 1946 739 2015 profugas
763 1964 840 2013 egere
858 1948 991 2011 superbo,
1012 1950 1090 2017 [ue.

57 1980 253 2074 violentui-
288 2019 350 2072 152.
368 2012 513 2067 Humanis
530 2023 597 2075 etc.;
620 2015 736 2067 latenter
753 2014 806 2065 hoc
831 2012 910 2064 dicit:
934 2015 1025 2069 Nolite
1042 2032 1091 2084 pu·

41 2085 123 2130 ·tare
140 2078 223 2131 fixam
240 2097 297 2134 esse
315 2091 344 2134 et
359 2083 485 2145 stabilem
502 2083 670 2136 felicitatem.
704 2084 812 2150 Magna
832 2090 874 2133 est
896 2078 971 2133 enini
994 2102 1090 2136 rerum

10 2190 16 2199 .
55 2147 192 2214 varietas,
207 2149 325 2202 invicem
341 2152 482 2219 accipietis
499 2148 604 2203 aiuiilia.
623 2177 656 2190 -
691 2158 750 2208 153.
761 2152 918 2215 Admonet,
943 2154 1090 2204 immiscet-

56 2230 115 2282 que
141 2233 233 2282 preces
240 2241 250 2283 ‚·
279 2221 382 2288 partim
405 2228 501 2288 rogat,
524 2219 626 2287 partim
648 2220 779 2271 admonet
801 2220 855 2270 hoc
879 2220 1009 2272 solatium
1033 2239 1091 2274 esse

55 2284 133 2334 vitae
156 2284 295 2339 humanae
319 2289 501 2352 tutissimum,
518 2287 548 2337 ‘si
566 2289 607 2339 vel
629 2288 726 2340 mutua'
741 2288 841 2339 dentur
858 2289 973 2352 auxilia,
997 2291 1039 2342 vel
1061 2291 1089 2342 in

53 2355 198 2423 prosperis
215 2357 297 2420 positi
313 2358 398 2409 etiam
415 2358 536 2409 subiecta
554 2356 742 2408 considerent:
766 2363 796 2408 et
811 2364 852 2408 est
867 2358 1015 2423 superioris
1031 2375 1090 2410 ver·

53 2422 104 2472 e'us
122 2425 266 2487 expressio.
300 2424 374 2476 Nam
392 2428 489 2479 edocet
505 2440 576 2494 quae
594 2426 734 2492 peterent,
758 2433 786 2477 et
803 2425 869 2492 quid
886 2442 950 2476 eum
974 2427 1108 2479 solicita·-

52 2496 110 2541 ret
145 2490 281 2543 Admonet
304 2509 367 2545 vero
386 2497 428 2546 vel
443 2512 525 2547 causa
542 2493 688 2559 Mezentii,
711 2494 753 2545 vel
769 2493 832 2560 quia
855 2493 989 2545 instabilis
1006 2503 1091 2547 estet

51 2572 128 2625 vaga
152 2559 277 2613 fortuna.
314 2562 462 2627 Tarchon5
487 2564 539 2614 boc
563 2579 665 2613 nomen
689 2562 790 2629 ubique
815 2560 921 2612 Graece
944 2564 1023 2634 ponit
1046 2552 1089 2616 ix-

52 2633 141 2694 eepto
159 2642 213 2678 uno
230 2628 260 2680 in
276 2630 351 2695 loco:
371 2640 400 2681 ut
416 2631 479 2700 [est]
496 2638 536 2699 (8,
553 2630 641 2690 603.)··
656 2629 742 2679 Haud
760 2631 858 2694 procul
875 2628 941 2679 binc
960 2630 1088 2682 Tarchar

52 2706 83 2746 et
103 2694 258 2762 Tyrrheni,
281 2700 353 2767 quod
378 2702 461 2751 metri
486 2714 567 2749 causa
590 2698 662 2748 fecit.
679 2725 713 2735 -
749 2701 809 2752 154.
825 2696 927 2762 [Ferir5
952 2699 1033 2763 facit,
1057 2717 1088 2752 ex

51 2778 137 2815 more
159 2764 287 2816 Bouiano
314 2777 426 2837 propter
450 2780 567 2836 porcum
590 2764 637 2832 qui
661 2766 697 2821 da
718 2764 808 2832 lapide
831 2764 951 2830 feritur]
984 2765 1087 2819 Libera

45 2831 147 2903 jarim
179 2841 304 2901 exempta
327 2836 405 2887 fatali
429 2832 606 2896 necessitate,
636 2848 691 2898 qua
720 2847 844 2903 pugnare
874 2847 931 2884 non
960 2844 1088 2904 poterant
1173 2874 1176 2879 -

47 2907 172 3018 propter
195 2901 262 2952 illud
285 2907 326 2967 (8,
344 2902 432 2964 503.):
455 2902 591 2952 Externos
618 2912 707 2966 aptate
723 2903 823 2952 duces.
847 2926 880 2937 -
915 2908 976 2960 155.
999 2904 1087 2971 [Gens

76 2970 169 3035 ydia5
199 2986 250 3038 per
274 2971 474 3023 derivationem
498 2964 590 3036 Lydia
615 2986 700 3035 gens,
729 2986 796 3021 nam
819 2966 912 3050 Lydia
938 2975 1087 3051 provincia,
1186 3023 1192 3030 .

49 3037 202 3107 proprium
220 3036 280 3101 est]
297 3064 331 3076 -
356 3046 425 3098 157.
446 3039 540 3091 Prima
559 3049 629 3089 tenet
635 3059 645 3101 ,·
670 3053 749 3090 more
767 3038 829 3091 viri.
841 3040 921 3089 sortis
937 3057 965 3090 au
985 3042 1086 3108 priuci-

49 3100 108 3175 piis
125 3113 173 3156 est.
207 3107 278 3157 Alibi
296 3112 346 3172 (5,
362 3107 452 3170 833.):
477 3108 607 3173 Princeps
633 3119 696 3157 ante
722 3122 816 3158 omnes
834 3106 950 3175 densum
970 3108 1085 3160 Palinu-
1163 3162 1166 3167 ,

51 3190 113 3227 rus
132 3174 231 3240 agebat
255 3177 369 3242 Agmen.
403 3176 505 3227 Rostra
532 3175 668 3242 Phrygios
693 3177 844 3226 subiuncta
869 3174 993 3242 Leones5
1016 3181 1085 3248 [pro

49 3243 222 3295 subiunctas
240 3242 347 3295 Leones
364 3244 489 3309 babens]
522 3244 585 3294 Vult
602 3259 651 3311 pro
674 3244 739 3312 iugo
756 3246 877 3293 rostrum
894 3246 969 3295 navis
993 3248 1084 3302 fuisse.

48 3310 163 3363 Leones
186 3318 280 3363 autem
296 3313 415 3378 singulos
438 3313 467 3364 in
485 3312 596 3379 singulis
619 3312 693 3363 navis
716 3311 839 3383 partibus
855 3312 938 3364 fuisse
955 3312 1084 3383 depictos.

49 3378 126 3430 Sanc
151 3387 263 3430 notatur
288 3399 304 3434 a
329 3381 438 3432 Criticis
462 3381 588 3448 Virgilius
612 3380 665 3431 hoc
690 3381 765 3444 loco,
789 3382 1021 3448 quemadmodum
1046 3385 1084 3436 sic
1154 3440 1165 3453 .

49 3448 109 3499 cito
135 3446 202 3498 dixit
229 3452 347 3517 potuisse
378 3466 458 3501 naves
488 3451 596 3501 Aeneae
626 3449 701 3512 fieri,
730 3449 803 3518 quod
833 3457 940 3500 excusat
968 3453 1083 3520 pictura,

108 3531 139 3565 m
162 3515 248 3566 solam
272 3525 407 3570 mutatam
430 3517 561 3569 debemus
584 3517 718 3584 accipere.
768 3518 860 3584 [Ergo
890 3518 962 3569 hanc
984 3536 1083 3574 clavem

46 3532 163 3638 (ἔξω
187 3583 222 3634 ab
246 3586 367 3637 Etruscis
389 3585 483 3638 datam
511 3586 705 3653 intelligamus.
752 3585 870 3654 Quidam
894 3587 986 3638 volunt
1009 3588 1081 3643 hanc

44 3668 154 3707 navem
172 3668 203 3703 ex
225 3652 267 3703 his
292 3671 349 3706 esse
367 3653 465 3724 quibus
482 3655 587 3705 Aeneas
603 3655 638 3707 ad
656 3654 814 3705 Euandrum
832 3661 892 3705 erat
909 3663 1030 3720 evectus,
1053 3669 1081 3712 et

26 3720 88 3774 stad
107 3720 251 3791 Etruriam
267 3729 342 3775 terra
359 3740 416 3775 esse
453 3720 591 3786 ortatam.]
607 3750 641 3761 -
677 3729 736 3779 158.
755 3720 944 3787 Θνατίεείιηα,’
966 3735 1080 3796 propter

45 3788 105 3842 illic
122 3790 197 3839 facta
221 3791 263 3854 (al.
282 3741 450 3859 fabricataiJ
466 3790 581 3858 navigia.
599 3816 631 3828 -
668 3797 726 3848 160.
745 3790 867 3844 Euentus
885 3795 950 3843 beili
967 3797 1080 3860 uarias,-

44 3858 115 3910 licet
131 3854 248 3909 haberet
264 3860 445 3910 fortissimum
462 3859 595 3923 militem,
618 3859 758 3926 cogitabat
780 3867 874 3911 tamen
891 3862 997 3915 incerta
1021 3864 1084 3916 bet.

46 3927 148 3977 lorum.
166 3949 201 3960 -
237 3933 297 3984 161.
314 3928 385 3995 [Iam
404 3931 514 3993 quaerit
531 3929 642 3991 sidera,·
660 3929 744 3994 deest,
759 3927 793 3979 de
810 3931 908 3981 Aenea.
943 3930 979 3982 Et
996 3949 1078 3998 quae·

48 3996 88 4046 rit
101 3995 217 4059 sidera,
240 3995 361 4050 arumde
383 3996 516 4049 sideribus
533 3994 659 4067 qiuarit?
682 4013 718 4048 an
741 3996 801 4065 ipsa
822 3996 930 4051 sidera?
951 3999 970 4052 i.
987 4019 1012 4054 e.
1033 4018 1077 4054 re·

840 4166 849 4191 Ι
