2454 4500
24 348 28 357 ³
89 210 160 349 ‘tos
199 290 202 299 ,
264 206 273 249 '⁸
314 240 884 351 fsnauioouueurunuts

98 447 160 502 blo·
177 437 327 508 Neptunus
345 450 458 501 muros,
469 422 529 489 'boc
546 435 659 505 quidem
676 428 763 488 habet
777 433 891 498 fabula,
910 425 1026 501 quodid

99 525 166 568 oum
182 506 307 581 Apolline
325 505 427 558 Troiae
450 502 580 557 fabricati
597 505 652 556 sint
667 519 770 555 muros.
804 501 859 555 Sed
876 507 1001 563 constat,
1020 496 1026 547 l

99 578 214 630 doutem
231 573 393 646 supradictis
411 572 462 624 diis
480 581 587 626 certam
603 573 704 624 vovisse
721 571 871 639 pecuniam
889 566 928 621 ad
944 584 1018 620 sacra

88 644 149 699 'dat
173 660 272 714 quam,
295 639 506 694 imminentibus
530 641 611 709 [Miis
628 638 688 704 vel]
704 639 815 708 Mysiis,
836 637 978 689 transtulit
993 634 1024 688 od

98 729 165 768 rum
181 710 327 766 fabricam.
362 710 439 774 Unde
458 709 497 761 dii
514 716 542 760 et
558 710 653 761 fecisse
671 723 782 773 muros,
804 713 835 758 et
851 706 953 758 offensi
968 719 1020 756 esse

96 791 155 835 tur.
189 780 277 833 Simul
293 776 461 844 notandum,
486 777 559 846 quod
583 776 648 829 deos
670 777 737 828 iacit
761 791 847 846 opera
869 788 923 825 sua
946 779 1026 826 everte

96 849 195 905 Portas
210 850 360 911 Iunonem,
384 862 502 914 qiserum
518 845 570 898 dea
588 855 635 897 est.
669 844 742 897 Nam
766 852 794 896 et
816 850 932 914 portam
953 840 1026 893 lumin

100 917 242 971 tuentibus
259 914 388 986 praebet,
412 919 453 980 (ut
469 912 614 967 Terentius
632 914 725 979 (Andr.
742 919 774 976 3,
792 919 825 977 1,
842 908 911 973 15.):
934 902 1026 961 Iunci

95 985 145 1060 scr
162 982 257 1052 opem.)
292 982 577 1047 Arces,.Minervam:
596 981 723 1049 (legimus
741 979 818 1032 enim
836 979 880 1044 (E.
898 987 933 1043 2,
948 980 1010 1037 ott:

45 1078 46 1083 ¹
121 1072 173 1104 nas
192 1051 318 1104 condidit
336 1051 434 1112 eroes.)
451 1049 569 1118 legimus
587 1051 676 1101 enim:
695 1046 790 1099 Pallas
809 1064 882 1115 quos
901 1045 1018 1098 condidit

21 1121 23 1125 ’
100 1072 275 1193 iteptunum,
292 1134 399 1170 muros:
423 1118 475 1188 ipsi
491 1112 568 1170 eriiin
584 1117 765 1169 fundamenta
781 1123 846 1169 sunt
861 1120 1026 1189 consecrata,

103 1199 133 1245 et
148 1195 292 1241 moventur
316 1186 441 1239 arbitrio.
476 1185 554 1238 Unde
572 1183 736 1249 ἐννοσέχθων
759 1188 815 1253 [καὶ
833 1178 1001 1252 ἐννοσίγαιος]
1017 1195 1026 1230 t

100 1255 155 1313 boc
178 1264 219 1311 est
244 1263 351 1308 terram
374 1270 487 1306 movens
512 1271 600 1322 aquae
624 1254 818 1318 concussione,
850 1252 923 1304 sicut
937 1261 1018 1304 terrae

60 1325 78 1379 .“
100 1324 246 1380 continent
269 1323 418 1394 opiniones.
466 1322 561 1391 (Ergo
590 1339 655 1375 oum
678 1323 821 1393 Neptunus
853 1322 969 1372 infestus
987 1316 1026 1369 ind

100 1392 199 1467 Apollo
228 1399 325 1444 tamen
354 1390 440 1443 etium
470 1399 533 1458 post
574 1390 696 1444 iaculum
723 1389 851 1442 Troianis
874 1384 1026 1504 iuvenescit

103 1470 219 1533 propter
236 1460 347 1527 Chrysis
370 1459 518 1511 sacerdotis
534 1409 621 1512 fidam
639 1460 814 1515 offenderant
831 1455 955 1520 Graeci.)
1008 1455 1026 1505 n'

105 1531 200 1584 omnia
223 1528 253 1580 in
271 1545 305 1578 ns
330 1526 471 1592 exeuntis,
493 1536 540 1579 aut
555 1527 700 1599 participia
723 1535 800 1592 sunt,
821 1533 871 1578 aut
892 1523 1008 1577 nomina.

23 1642 25 1649 .
102 1598 249 1674 participia
273 1603 349 1662 suut,
372 1595 523 1647 ablativum
546 1604 574 1648 et
595 1596 625 1647 iu
654 1599 667 1647 i
688 1603 717 1648 et
740 1597 771 1664 in
795 1613 809 1645 e
832 1594 950 1646 mittunt
969 1605 1013 1663 pro

104 1666 236 1721 arbitrio:
252 1664 384 1716 Iuvenalis
402 1670 464 1731 (15,
480 1663 550 1725 81.):
568 1662 627 1716 Nec
644 1664 756 1716 ardenti
772 1664 885 1714 decoxit
902 1661 995 1713 abeno.
1022 1662 1026 1703 1

105 1732 272 1805 (14,118.):
296 1731 458 1800 Semperque
477 1732 590 1783 ardente
614 1737 735 1784 comino.
769 1731 881 1784 sivero
898 1724 1026 1783 nominal

105 1802 268 1858 omnimodo
286 1803 332 1868 (al.
350 1813 460 1852 tantum
479 1801 572 1864 modo)
588 1801 620 1853 in
636 1821 650 1853 e
667 1809 774 1854 exeunt
811 1798 839 1851 Si
857 1806 953 1852 autem
968 1794 1026 1851 eade

106 1882 136 1929 et
151 1871 266 1926 nomina
283 1878 311 1923 et
326 1867 487 1940 participia,
511 1877 541 1920 ut
558 1888 675 1921 amans:
700 1884 765 1920 cum
781 1869 897 1921 uomina
912 1868 1018 1927 fuerint,

58 1936 60 1943 '
105 1938 190 1996 modo
206 1940 237 1991 in
254 1957 268 1990 c
285 1937 412 2005 mittunt:
429 1954 515 2006 quum
532 1939 687 2008 participia,
703 1938 818 1990 licenter
836 1937 950 1989 utimur.
980 1934 1026 1998 En

107 2010 215 2063 tridens
233 2023 336 2058 nomen
362 2015 416 2071 est,
439 2008 556 2058 tridente
580 2007 677 2060 debuit
698 2005 798 2059 dicere.
832 2004 887 2058 Sed
909 2003 1026 2057 novitates

106 2078 204 2140 stavit,
233 2073 309 2126 nulla
332 2082 448 2144 cogente
477 2076 646 2128 necessitate.
665 2108 669 2123 .
691 2074 761 2127 Sane
784 2074 815 2126 in
838 2072 1026 2185 nominibus?

107 2144 222 2217 propria
239 2159 297 2195 esse
315 2151 441 2214 possunt,
465 2152 495 2195 et
511 2144 686 2214 appellativa,
708 2152 739 2194 ut
758 2143 886 2195 liberalis
905 2142 994 2212 selis,
1024 2152 1026 2182 1

109 2216 162 2280 lis,
186 2211 317 2277 ablativus
334 2230 350 2262 a
369 2212 482 2279 proprio
500 2211 530 2264 in
548 2231 561 2263 e
579 2213 646 2265 exit:
670 2211 705 2265 ab
724 2210 904 2281 appellativo,
926 2210 957 2262 in
973 2212 989 2260 i.
1003 2230 1026 2243 ·-

122 2282 236 2351 Quutit;
254 2281 388 2345 concutit,
412 2280 588 2346 commovet]
605 2307 638 2319 ·-
672 2286 734 2338 612.
759 2280 840 2348 (luno
861 2287 926 2340 etc.;
968 2274 1026 2327 uidat

106 2285 243 2404 lunonem
265 2348 315 2400 has
338 2355 430 2419 portas
452 2349 571 2401 tenuisse
595 2349 747 2420 accipiunt,
776 2348 842 2416 quia
867 2363 932 2398 eam
949 2295 1026 2398 istoru

107 2418 224 2473 hierium
241 2417 347 2478 nolimu
372 2424 400 2470 et
416 2419 506 2469 fatum
521 2417 588 2484 fuit,
612 2418 646 2470 ud
664 2418 778 2471 exitium
794 2417 898 2469 Troiae
912 2433 964 2546 per
979 2413 1019 2465 hes

21 2485 24 2489 ’
109 2503 213 2556 equum
230 2486 381 2548 introduci,
407 2486 472 2552 quia
493 2485 553 2556 ipsa
577 2496 618 2539 est
641 2504 757 2538 curruus
783 2488 937 2553 (curritis,
960 2491 987 2536 et
1005 2495 1026 2530 ⁸1¹

110 2556 223 2610 nominc
239 2553 355 2606 interest
370 2553 462 2615 bellis,
486 2572 553 2606 uam
576 2556 640 2608 ideo
663 2554 791 2622 (1‚16.):
814 2553 872 2604 Hic
897 2555 978 2606 illius
993 2566 1026 2600 on

109 2641 213 2676 citerus
233 2621 320 2692 fuit.)
359 2622 493 2691 [Scaeam
515 2622 643 2694 priscas]
690 2618 973 2691 Saevissima,'quae
994 2620 1016 2671 el

110 2693 228 2747 vetabat.
251 2717 285 2728 -
319 2695 380 2749 613.
405 2689 534 2752 Sosium3
558 2692 610 2745 sibi
632 2693 769 2743 devotum.
812 2692 940 2754 Furens;
963 2690 1026 2742 irasc

108 2758 337 2820 614.'Accinctn;
361 2759 396 2828 [i.
414 2780 437 2813 c.
461 2769 582 2827 armata,
605 2759 680 2841 quod
703 2763 772 2826 Ipsa.
789 2763 827 2812 .*
850 2760 976 2826 curritis,
996 2756 1026 2808 lli

112 2845 191 2882 arma
208 2829 254 2880 hic
271 2827 387 2892 currus]
420 2830 561 2897 (Accincta
580 2847 671 2894 emm,
694 2831 770 2880 ferro
788 2838 913 2893 armata,
930 2837 962 2879 ut
977 2830 1026 2891 (il¹

113 2896 247 2965 Cingitur
263 2899 322 2965 ipse
334 2895 440 2964 furans
459 2901 583 2949 certatim
600 2901 631 2949 in
642 2900 749 2962 proelia
767 2896 902 2960 Turnus.)
914 2922 949 2934 -
976 2899 1026 2954 nit

112 2974 276 3038 praeterea:
294 2971 325 3014 ut
342 2964 387 3031 (G.
405 2976 432 3031 2,
449 2966 516 3030 57.):
534 2967 595 3018 Iam
615 2984 686 3034 quae
704 2968 860 3018 seminibus
880 2968 1026 3018 iustiore.

114 3037 207 3087 orbos.
244 3034 343 3099 Arces3
368 3035 506 3100 (ordinem
522 3037 626 3101 tenuit,
644 3035 767 3103 primum
786 3053 898 3100 muros,
921 3033 1020 3088 deinde

114 3112 177 3177 post
193 3119 286 3161 erces3
304 3119 321 3153 a
337 3105 424 3155 muris
440 3105 563 3158 enimin
580 3121 675 3157 arcem
693 3105 890 3157 convertendus
908 3099 957 3156 est'
967 3109 1026 3154 totu

115 3182 167 3224 tus.
202 3170 247 3222 Ob
264 3170 317 3222 boc
334 3172 450 3238 autem),
464 3190 541 3224 arces
565 3173 708 3224 Minervae
731 3173 845 3238 dantur,
874 3170 949 3240 quod
972 3173 1026 3241 ipsa

116 3239 220 3294 oeunix
237 3237 439 3307 aedificiorum,
456 3251 487 3293 ut
503 3243 550 3309 (E.
567 3253 600 3308 2,
617 3239 686 3303 61.):
711 3240 805 3292 Palles
824 3259 896 3310 ques
914 3240 1026 3293 condidi

115 3308 243 3379 (asquia
260 3324 367 3360 summa
384 3327 509 3380 quaeque
526 3310 647 3382 possidet
661 3310 803 3380 sapientis.
837 3312 988 3364 Praeterea
1009 3309 1026 3360 i1

117 3394 176 3429 esse
205 3376 319 3436 dicisum
349 3377 453 3431 idcirco
486 3380 608 3432 creditur
639 3380 724 3448 patris
758 3378 827 3430 Iovis
855 3379 948 3447 capite
979 3394 1026 3449 ger

108 3443 253 3505 ,Tritonia
272 3443 382 3503 Palluit
405 3445 555 3499 notandum
574 3448 627 3501 nuo
652 3449 840 3501 antonomasia
856 3446 942 3517 [sunt]
959 3448 1018 3501 sina

118 3514 240 3569 nomine.
286 3513 323 3565 Et
346 3522 388 3567 est
408 3514 513 3568 nimiae
536 3516 710 3580 iracundiae,
739 3532 804 3567 oum
834 3516 950 3568 dicitur:
983 3515 1026 3585 Qu

118 3580 191 3633 irata
211 3581 246 3633 sit
262 3580 390 3648 Graecis,
413 3599 590 3653 nequaquam
612 3594 706 3638 tamen
724 3585 851 3637 Troianis
868 3601 1005 3655 parcere;

118 3648 357 3704 historia-lactum
380 3651 429 3716 sit,
452 3652 642 3706 vehementius
666 3654 768 3706 iratam
788 3654 964 3722 Minervam,
989 3668 1026 3723 qu

119 3716 267 3772 victoriam·
279 3717 306 3780 ei
321 3721 475 3773 sacrificare
491 3722 644 3785 noluerint,
660 3731 691 3773 ut
706 3722 833 3777 Horatius
850 3723 949 3790 (Epod
969 3719 1022 3785 tu)

110 3781 215 3839 ,Pallas
247 3799 309 3841 utto
341 3791 422 3841 uertit
452 3789 525 3840 iram
555 3792 590 3841 ab
622 3789 677 3843 llio
712 3793 743 3842 in
774 3794 891 3860 impium
922 3791 1022 3845 Aiacis

123 3852 265 3933 (bunion
286 3857 401 3913 dicendo
420 3862 538 3926 respice,
561 3860 694 3924 ostendit,
710 3876 773 3913 vero
789 3861 846 3913 ism
862 3858 1015 3929 caliginem

115 3920 153 3988 ln
177 3923 236 3977 eius
258 3940 316 3977 etse
337 3926 481 3981 sublatam.
504 3951 539 3983 ·.-
584 3932 645 3988 616.
677 3928 797 3993 Insedit,
821 3929 890 3982 adso
914 3931 1026 3999 irata,¹

104 3990 290 4049 ''uoeffioteua
310 3993 364 4053 ‚itt
394 3996 585 4053 flatandum.
613 3997 802 4061 defenderet)
853 3996 958 4052 Nimio
990 3999 1026 4071 est
