<?xml version="1.0" encoding="UTF-8"?>
<!DOCTYPE html PUBLIC "-//W3C//DTD XHTML 1.0 Transitional//EN"
    "http://www.w3.org/TR/xhtml1/DTD/xhtml1-transitional.dtd">
<html xmlns="http://www.w3.org/1999/xhtml" xml:lang="en" lang="en">
 <head>
  <title>
</title>
<meta http-equiv="Content-Type" content="text/html;charset=utf-8" />
  <meta name='ocr-system' content='tesseract 3.04.00' />
  <meta name='ocr-capabilities' content='ocr_page ocr_carea ocr_par ocr_line ocrx_word'/>
</head>
<body>
  <div class='ocr_page' id='page_1' title='image "./commentariiinvi00liongoog_0363.png"; bbox 0 0 2454 4500; ppageno 0'>
   <div class='ocr_carea' id='block_1_1' title="bbox 59 250 881 366">
    <p class='ocr_par' dir='ltr' id='par_1_1' title="bbox 59 250 881 366">
     <span class='ocr_line' id='line_1_1' title="bbox 59 250 881 366; baseline 0.011 -16"><span class='ocrx_word' id='word_1_1' title='bbox 59 346 61 350; x_wconf 85' lang='grc'>,</span> <span class='ocrx_word' id='word_1_2' title='bbox 93 266 187 366; x_wconf 71' lang='lat' dir='ltr'><strong>sse</strong></span> <span class='ocrx_word' id='word_1_3' title='bbox 235 318 252 336; x_wconf 47' lang='grc' dir='ltr'><strong>ι.</strong></span> <span class='ocrx_word' id='word_1_4' title='bbox 360 250 501 357; x_wconf 80' lang='lat' dir='ltr'><strong>sanni</strong></span> <span class='ocrx_word' id='word_1_5' title='bbox 523 287 881 359; x_wconf 68' lang='lat' dir='ltr'><strong>conuenirent</strong></span> 
     </span>
    </p>
   </div>
   <div class='ocr_carea' id='block_1_2' title="bbox 93 466 1134 1444">
    <p class='ocr_par' dir='ltr' id='par_1_2' title="bbox 93 466 1134 1018">
     <span class='ocr_line' id='line_1_2' title="bbox 94 466 1134 553; baseline 0.004 -23"><span class='ocrx_word' id='word_1_6' title='bbox 94 475 255 542; x_wconf 73' lang='lat' dir='ltr'><strong>venustatis,</strong></span> <span class='ocrx_word' id='word_1_7' title='bbox 278 476 356 529; x_wconf 73' lang='lat' dir='ltr'><strong>ortus</strong></span> <span class='ocrx_word' id='word_1_8' title='bbox 381 497 398 553; x_wconf 74' lang='lat' dir='ltr'><strong>e</strong></span> <span class='ocrx_word' id='word_1_9' title='bbox 423 478 539 547; x_wconf 81' lang='lat' dir='ltr'><strong>gaudio:</strong></span> <span class='ocrx_word' id='word_1_10' title='bbox 562 487 594 531; x_wconf 90' lang='lat' dir='ltr'><strong>ut</strong></span> <span class='ocrx_word' id='word_1_11' title='bbox 609 478 756 532; x_wconf 85' lang='lat' dir='ltr'><strong>Terentius</strong></span> <span class='ocrx_word' id='word_1_12' title='bbox 778 466 863 550; x_wconf 75' lang='lat' dir='ltr'><strong>(helel.</strong></span> <span class='ocrx_word' id='word_1_13' title='bbox 880 478 912 546; x_wconf 68' lang='grc' dir='ltr'><strong>δ’,</strong></span> <span class='ocrx_word' id='word_1_14' title='bbox 928 480 965 546; x_wconf 66' lang='lat' dir='ltr'><strong>zi,</strong></span> <span class='ocrx_word' id='word_1_15' title='bbox 981 481 1056 546; x_wconf 57' lang='lat' dir='ltr'><strong>del:</strong></span> <span class='ocrx_word' id='word_1_16' title='bbox 1078 479 1134 534; x_wconf 65' lang='lat' dir='ltr'><strong>tn.</strong></span> 
     </span>
     <span class='ocr_line' id='line_1_3' title="bbox 95 546 1134 625; baseline 0.006 -27"><span class='ocrx_word' id='word_1_17' title='bbox 95 562 189 618; x_wconf 67' lang='lat' dir='ltr'><strong>etymo</strong></span> <span class='ocrx_word' id='word_1_18' title='bbox 207 547 327 616; x_wconf 66' lang='lat' dir='ltr'><strong>gardim</strong></span> <span class='ocrx_word' id='word_1_19' title='bbox 355 548 429 616; x_wconf 86' lang='lat' dir='ltr'><strong>quod</strong></span> <span class='ocrx_word' id='word_1_20' title='bbox 453 555 481 598; x_wconf 85' lang='lat' dir='ltr'><strong>et</strong></span> <span class='ocrx_word' id='word_1_21' title='bbox 498 549 627 616; x_wconf 76' lang='lat' dir='ltr'><strong>congruit</strong></span> <span class='ocrx_word' id='word_1_22' title='bbox 643 553 730 625; x_wconf 78' lang='lat' dir='ltr'><strong>puero</strong></span> <span class='ocrx_word' id='word_1_23' title='bbox 747 550 860 621; x_wconf 76' lang='lat' dir='ltr'><strong>propter</strong></span> <span class='ocrx_word' id='word_1_24' title='bbox 878 549 1028 604; x_wconf 77' lang='lat' dir='ltr'><strong>sicteiiem</strong></span> <span class='ocrx_word' id='word_1_25' title='bbox 1046 546 1134 621; x_wconf 86' lang='lat' dir='ltr'><strong>inopi·</strong></span> 
     </span>
     <span class='ocr_line' id='line_1_4' title="bbox 94 616 1133 689; baseline -0.004 -15"><span class='ocrx_word' id='word_1_26' title='bbox 94 627 205 682; x_wconf 76' lang='lat' dir='ltr'><strong>natam,</strong></span> <span class='ocrx_word' id='word_1_27' title='bbox 223 623 276 667; x_wconf 77' lang='lat' dir='ltr'><strong>ant</strong></span> <span class='ocrx_word' id='word_1_28' title='bbox 298 623 374 669; x_wconf 87' lang='lat' dir='ltr'><strong>certe</strong></span> <span class='ocrx_word' id='word_1_29' title='bbox 396 616 433 669; x_wconf 84' lang='lat' dir='ltr'><strong>ed</strong></span> <span class='ocrx_word' id='word_1_30' title='bbox 457 618 665 669; x_wconf 79' lang='lat' dir='ltr'><strong>miserationem</strong></span> <span class='ocrx_word' id='word_1_31' title='bbox 689 619 854 673; x_wconf 84' lang='lat' dir='ltr'><strong>movendam</strong></span> <span class='ocrx_word' id='word_1_32' title='bbox 877 625 977 670; x_wconf 85' lang='lat' dir='ltr'><strong>contra</strong></span> <span class='ocrx_word' id='word_1_33' title='bbox 1001 636 1071 676; x_wconf 85' lang='lat' dir='ltr'><strong>eum</strong></span> <span class='ocrx_word' id='word_1_34' title='bbox 1086 619 1133 689; x_wconf 78' lang='lat' dir='ltr'><strong>qui</strong></span> 
     </span>
     <span class='ocr_line' id='line_1_5' title="bbox 93 685 1133 755; baseline -0.001 -15"><span class='ocrx_word' id='word_1_35' title='bbox 93 705 123 741; x_wconf 88' lang='lat' dir='ltr'><strong>se</strong></span> <span class='ocrx_word' id='word_1_36' title='bbox 140 685 277 739; x_wconf 79' lang='lat' dir='ltr'><strong>asserebat</strong></span> <span class='ocrx_word' id='word_1_37' title='bbox 294 698 351 736; x_wconf 85' lang='lat' dir='ltr'><strong>esse</strong></span> <span class='ocrx_word' id='word_1_38' title='bbox 368 685 509 736; x_wconf 80' lang='lat' dir='ltr'><strong>victorem.</strong></span> <span class='ocrx_word' id='word_1_39' title='bbox 527 686 568 722; x_wconf 84' lang='grc'><strong>-“</strong></span> <span class='ocrx_word' id='word_1_40' title='bbox 598 690 658 744; x_wconf 78' lang='grc'>344.</span> <span class='ocrx_word' id='word_1_41' title='bbox 681 685 802 738; x_wconf 84' lang='lat' dir='ltr'><strong>Veniens</strong></span> <span class='ocrx_word' id='word_1_42' title='bbox 808 710 817 754; x_wconf 87' lang='lat'>;</span> <span class='ocrx_word' id='word_1_43' title='bbox 835 703 977 741; x_wconf 72' lang='lat' dir='ltr'><strong>crescens:</strong></span> <span class='ocrx_word' id='word_1_44' title='bbox 993 696 1027 739; x_wconf 86' lang='lat' dir='ltr'><strong>ut</strong></span> <span class='ocrx_word' id='word_1_45' title='bbox 1045 687 1091 755; x_wconf 87' lang='lat' dir='ltr'><strong>(G.</strong></span> <span class='ocrx_word' id='word_1_46' title='bbox 1110 696 1133 751; x_wconf 83' lang='lat'><strong>1,</strong></span> 
     </span>
     <span class='ocr_line' id='line_1_6' title="bbox 94 752 1133 825; baseline 0.005 -22"><span class='ocrx_word' id='word_1_47' title='bbox 94 757 171 818; x_wconf 79' lang='lat'><strong>54.):</strong></span> <span class='ocrx_word' id='word_1_48' title='bbox 195 753 250 806; x_wconf 83' lang='lat' dir='ltr'><strong>Hic</strong></span> <span class='ocrx_word' id='word_1_49' title='bbox 274 765 393 821; x_wconf 81' lang='lat' dir='ltr'><strong>segetes,</strong></span> <span class='ocrx_word' id='word_1_50' title='bbox 417 754 478 805; x_wconf 86' lang='lat' dir='ltr'><strong>illic</strong></span> <span class='ocrx_word' id='word_1_51' title='bbox 501 756 620 805; x_wconf 83' lang='lat' dir='ltr'><strong>veniunt</strong></span> <span class='ocrx_word' id='word_1_52' title='bbox 637 755 759 825; x_wconf 80' lang='lat' dir='ltr'><strong>felicius</strong></span> <span class='ocrx_word' id='word_1_53' title='bbox 786 774 864 813; x_wconf 82' lang='lat' dir='ltr'><strong>uene.</strong></span> <span class='ocrx_word' id='word_1_54' title='bbox 913 752 1041 824; x_wconf 82' lang='lat' dir='ltr'><strong>[Venire</strong></span> <span class='ocrx_word' id='word_1_55' title='bbox 1068 756 1133 808; x_wconf 80' lang='lat' dir='ltr'><strong>enni</strong></span> 
     </span>
     <span class='ocr_line' id='line_1_7' title="bbox 94 820 1133 886; baseline -0.002 -8"><span class='ocrx_word' id='word_1_56' title='bbox 94 824 222 884; x_wconf 83' lang='lat' dir='ltr'><strong>dicuntur</strong></span> <span class='ocrx_word' id='word_1_57' title='bbox 243 824 274 876; x_wconf 91' lang='lat' dir='ltr'><strong>in</strong></span> <span class='ocrx_word' id='word_1_58' title='bbox 297 822 530 886; x_wconf 81' lang='lat' dir='ltr'><strong>adolescentibus,</strong></span> <span class='ocrx_word' id='word_1_59' title='bbox 554 823 625 874; x_wconf 88' lang='lat' dir='ltr'><strong>sicut</strong></span> <span class='ocrx_word' id='word_1_60' title='bbox 646 824 677 876; x_wconf 88' lang='lat' dir='ltr'><strong>in</strong></span> <span class='ocrx_word' id='word_1_61' title='bbox 700 822 811 876; x_wconf 77' lang='lat' dir='ltr'><strong>senibus</strong></span> <span class='ocrx_word' id='word_1_62' title='bbox 836 820 968 877; x_wconf 62' lang='lat' dir='ltr'><strong>recidere.</strong></span> <span class='ocrx_word' id='word_1_63' title='bbox 1003 825 1133 878; x_wconf 76' lang='lat' dir='ltr'><strong>Horatius</strong></span> 
     </span>
     <span class='ocr_line' id='line_1_8' title="bbox 94 889 1133 1018; baseline 0 -75"><span class='ocrx_word' id='word_1_64' title='bbox 94 896 162 1018; x_wconf 43' lang='lat' dir='ltr'><strong>gift.</strong></span> <span class='ocrx_word' id='word_1_65' title='bbox 180 893 208 944; x_wconf 90' lang='lat' dir='ltr'><strong>P.</strong></span> <span class='ocrx_word' id='word_1_66' title='bbox 233 890 322 953; x_wconf 81' lang='lat'><strong>175.):</strong></span> <span class='ocrx_word' id='word_1_67' title='bbox 348 889 441 942; x_wconf 87' lang='lat' dir='ltr'><strong>Multo</strong></span> <span class='ocrx_word' id='word_1_68' title='bbox 461 891 563 960; x_wconf 83' lang='lat' dir='ltr'><strong>ferunt</strong></span> <span class='ocrx_word' id='word_1_69' title='bbox 588 895 662 944; x_wconf 86' lang='lat' dir='ltr'><strong>enni</strong></span> <span class='ocrx_word' id='word_1_70' title='bbox 685 897 826 945; x_wconf 87' lang='lat' dir='ltr'><strong>venientes</strong></span> <span class='ocrx_word' id='word_1_71' title='bbox 851 894 997 946; x_wconf 81' lang='lat' dir='ltr'><strong>commodo</strong></span> <span class='ocrx_word' id='word_1_72' title='bbox 1024 910 1133 956; x_wconf 72' lang='lat' dir='ltr'><strong>secum3</strong></span> 
     </span>
    </p>

    <p class='ocr_par' dir='ltr' id='par_1_3' title="bbox 93 957 1131 1444">
     <span class='ocr_line' id='line_1_9' title="bbox 132 957 1130 1027; baseline 0.004 -16"><span class='ocrx_word' id='word_1_73' title='bbox 132 964 189 1013; x_wconf 82' lang='lat' dir='ltr'><strong>ulta</strong></span> <span class='ocrx_word' id='word_1_74' title='bbox 223 961 373 1012; x_wconf 71' lang='lat' dir='ltr'><strong>recedentes</strong></span> <span class='ocrx_word' id='word_1_75' title='bbox 404 959 563 1026; x_wconf 77' lang='lat' dir='ltr'><strong>adimunt]</strong></span> <span class='ocrx_word' id='word_1_76' title='bbox 590 986 626 999; x_wconf 82' lang='lat'><strong>...</strong></span> <span class='ocrx_word' id='word_1_77' title='bbox 658 966 734 1020; x_wconf 57' lang='lat'><strong>³49.</strong></span> <span class='ocrx_word' id='word_1_78' title='bbox 768 963 849 1014; x_wconf 75' lang='lat' dir='ltr'><strong>Germ</strong></span> <span class='ocrx_word' id='word_1_79' title='bbox 878 957 1009 1025; x_wconf 63' lang='lat' dir='ltr'><strong>manente</strong></span> <span class='ocrx_word' id='word_1_80' title='bbox 1041 963 1130 1027; x_wconf 75' lang='lat' dir='ltr'><strong>firma.</strong></span> 
     </span>
     <span class='ocr_line' id='line_1_10' title="bbox 94 1020 1131 1103; baseline 0 -21"><span class='ocrx_word' id='word_1_81' title='bbox 94 1030 197 1094; x_wconf 80' lang='lat' dir='ltr'><strong>Pueri5</strong></span> <span class='ocrx_word' id='word_1_82' title='bbox 221 1037 249 1080; x_wconf 84' lang='lat' dir='ltr'><strong>ut</strong></span> <span class='ocrx_word' id='word_1_83' title='bbox 271 1028 389 1085; x_wconf 79' lang='lat' dir='ltr'><strong>diximus</strong></span> <span class='ocrx_word' id='word_1_84' title='bbox 413 1020 506 1100; x_wconf 85' lang='lat' dir='ltr'><strong>supra&#39;</strong></span> <span class='ocrx_word' id='word_1_85' title='bbox 520 1030 606 1097; x_wconf 75' lang='lat'><strong>(296.)</strong></span> <span class='ocrx_word' id='word_1_86' title='bbox 632 1032 697 1099; x_wconf 85' lang='lat' dir='ltr'><strong>quie</strong></span> <span class='ocrx_word' id='word_1_87' title='bbox 722 1025 830 1103; x_wconf 72' lang='grc' dir='ltr'><strong>[ἄνδρες</strong></span> <span class='ocrx_word' id='word_1_88' title='bbox 847 1030 903 1097; x_wconf 80' lang='lat' dir='ltr'><strong>nel]</strong></span> <span class='ocrx_word' id='word_1_89' title='bbox 919 1026 1021 1084; x_wconf 78' lang='lat' dir='ltr'><strong>naides</strong></span> <span class='ocrx_word' id='word_1_90' title='bbox 1034 1031 1131 1084; x_wconf 76' lang='lat' dir='ltr'><strong>‹licun-</strong></span> 
     </span>
     <span class='ocr_line' id='line_1_11' title="bbox 93 1096 1130 1169; baseline 0.004 -23"><span class='ocrx_word' id='word_1_91' title='bbox 93 1108 148 1152; x_wconf 53' lang='grc' dir='ltr'><strong><em>(ιιι.</em></strong></span> <span class='ocrx_word' id='word_1_92' title='bbox 167 1125 201 1136; x_wconf 91' lang='lat'>-</span> <span class='ocrx_word' id='word_1_93' title='bbox 233 1103 292 1156; x_wconf 82' lang='lat'><strong>350.</strong></span> <span class='ocrx_word' id='word_1_94' title='bbox 313 1096 360 1148; x_wconf 85' lang='lat' dir='ltr'><strong>Me</strong></span> <span class='ocrx_word' id='word_1_95' title='bbox 378 1099 477 1161; x_wconf 83' lang='lat' dir='ltr'><strong>liceat‚·</strong></span> <span class='ocrx_word' id='word_1_96' title='bbox 502 1101 586 1149; x_wconf 85' lang='lat' dir='ltr'><strong>liceat</strong></span> <span class='ocrx_word' id='word_1_97' title='bbox 603 1117 645 1151; x_wconf 87' lang='lat' dir='ltr'><strong>me</strong></span> <span class='ocrx_word' id='word_1_98' title='bbox 664 1103 803 1152; x_wconf 83' lang='lat' dir='ltr'><strong>miserari.</strong></span> <span class='ocrx_word' id='word_1_99' title='bbox 838 1103 911 1154; x_wconf 85' lang='lat' dir='ltr'><strong>Nem</strong></span> <span class='ocrx_word' id='word_1_100' title='bbox 928 1117 987 1169; x_wconf 81' lang='lat' dir='ltr'><strong>non</strong></span> <span class='ocrx_word' id='word_1_101' title='bbox 1006 1118 1051 1152; x_wconf 83' lang='lat' dir='ltr'><strong>me</strong></span> <span class='ocrx_word' id='word_1_102' title='bbox 1068 1102 1130 1163; x_wconf 75' lang='lat' dir='ltr'><strong>lice·</strong></span> 
     </span>
     <span class='ocr_line' id='line_1_12' title="bbox 94 1165 1128 1236; baseline -0.002 -16"><span class='ocrx_word' id='word_1_103' title='bbox 94 1181 141 1221; x_wconf 74' lang='lat' dir='ltr'><strong>ete</strong></span> <span class='ocrx_word' id='word_1_104' title='bbox 159 1167 216 1230; x_wconf 87' lang='lat' dir='ltr'><strong>sed,</strong></span> <span class='ocrx_word' id='word_1_105' title='bbox 230 1165 302 1217; x_wconf 79' lang='lat' dir='ltr'><strong>milri</strong></span> <span class='ocrx_word' id='word_1_106' title='bbox 319 1167 402 1218; x_wconf 84' lang='lat' dir='ltr'><strong>licent</strong></span> <span class='ocrx_word' id='word_1_107' title='bbox 419 1166 542 1219; x_wconf 81' lang='lat' dir='ltr'><strong>dicimus.</strong></span> <span class='ocrx_word' id='word_1_108' title='bbox 562 1167 686 1234; x_wconf 74' lang='lat' dir='ltr'><strong>,Casus5</strong></span> <span class='ocrx_word' id='word_1_109' title='bbox 704 1166 803 1236; x_wconf 78' lang='lat' dir='ltr'><strong>allusit,</strong></span> <span class='ocrx_word' id='word_1_110' title='bbox 819 1189 836 1223; x_wconf 83' lang='lat' dir='ltr'><strong>n</strong></span> <span class='ocrx_word' id='word_1_111' title='bbox 854 1170 987 1222; x_wconf 81' lang='lat' dir='ltr'><strong>cadendo.</strong></span> <span class='ocrx_word' id='word_1_112' title='bbox 1000 1196 1038 1210; x_wconf 89' lang='lat'><em>-</em></span> <span class='ocrx_word' id='word_1_113' title='bbox 1071 1175 1128 1228; x_wconf 81' lang='grc'>351.</span> 
     </span>
     <span class='ocr_line' id='line_1_13' title="bbox 96 1235 1129 1306; baseline -0.003 -16"><span class='ocrx_word' id='word_1_114' title='bbox 96 1238 232 1306; x_wconf 73' lang='lat' dir='ltr'><strong>Tergum3</strong></span> <span class='ocrx_word' id='word_1_115' title='bbox 256 1235 372 1286; x_wconf 81' lang='lat' dir='ltr'><strong>mutavit</strong></span> <span class='ocrx_word' id='word_1_116' title='bbox 393 1252 472 1288; x_wconf 82' lang='lat' dir='ltr'><strong>more</strong></span> <span class='ocrx_word' id='word_1_117' title='bbox 497 1252 553 1286; x_wconf 89' lang='lat' dir='ltr'><strong>suo.</strong></span> <span class='ocrx_word' id='word_1_118' title='bbox 588 1237 661 1288; x_wconf 82' lang='lat' dir='ltr'><strong>Nam</strong></span> <span class='ocrx_word' id='word_1_119' title='bbox 687 1252 781 1305; x_wconf 79' lang='lat' dir='ltr'><strong>tergus</strong></span> <span class='ocrx_word' id='word_1_120' title='bbox 803 1239 901 1292; x_wconf 83' lang='lat' dir='ltr'><strong>debuit</strong></span> <span class='ocrx_word' id='word_1_121' title='bbox 923 1239 1035 1292; x_wconf 81' lang='lat' dir='ltr'><strong>dicere:</strong></span> <span class='ocrx_word' id='word_1_122' title='bbox 1058 1239 1129 1306; x_wconf 87' lang='lat' dir='ltr'><strong>[cum</strong></span> 
     </span>
     <span class='ocr_line' id='line_1_14' title="bbox 94 1304 1129 1378; baseline -0.003 -19"><span class='ocrx_word' id='word_1_123' title='bbox 94 1321 205 1375; x_wconf 80' lang='lat' dir='ltr'><strong>tergum</strong></span> <span class='ocrx_word' id='word_1_124' title='bbox 225 1304 328 1356; x_wconf 79' lang='lat' dir='ltr'><strong>hebeat</strong></span> <span class='ocrx_word' id='word_1_125' title='bbox 351 1305 696 1374; x_wconf 75' lang='lat' dir='ltr'><strong>camirappellationem,</strong></span> <span class='ocrx_word' id='word_1_126' title='bbox 722 1319 816 1376; x_wconf 84' lang='lat' dir='ltr'><strong>tergus</strong></span> <span class='ocrx_word' id='word_1_127' title='bbox 843 1323 907 1359; x_wconf 87' lang='lat' dir='ltr'><strong>vero</strong></span> <span class='ocrx_word' id='word_1_128' title='bbox 932 1308 968 1358; x_wconf 89' lang='lat' dir='ltr'><strong>sit</strong></span> <span class='ocrx_word' id='word_1_129' title='bbox 984 1305 1080 1378; x_wconf 76' lang='lat' dir='ltr'><strong>pellis,</strong></span> <span class='ocrx_word' id='word_1_130' title='bbox 1101 1313 1129 1356; x_wconf 89' lang='lat' dir='ltr'><strong>ut</strong></span> 
     </span>
     <span class='ocr_line' id='line_1_15' title="bbox 95 1372 1128 1444; baseline 0.003 -23"><span class='ocrx_word' id='word_1_131' title='bbox 95 1374 237 1444; x_wconf 77' lang='lat'><strong>(1‚211.):</strong></span> <span class='ocrx_word' id='word_1_132' title='bbox 264 1372 389 1441; x_wconf 77' lang='lat' dir='ltr'><strong>Tergore</strong></span> <span class='ocrx_word' id='word_1_133' title='bbox 414 1373 557 1440; x_wconf 85' lang='lat' dir='ltr'><strong>diripiunt</strong></span> <span class='ocrx_word' id='word_1_134' title='bbox 580 1374 694 1441; x_wconf 73' lang='lat' dir='ltr'><strong>testie]</strong></span> <span class='ocrx_word' id='word_1_135' title='bbox 711 1403 748 1413; x_wconf 85' lang='lat'><strong>—-</strong></span> <span class='ocrx_word' id='word_1_136' title='bbox 781 1384 842 1434; x_wconf 81' lang='lat'><strong>352.</strong></span> <span class='ocrx_word' id='word_1_137' title='bbox 868 1376 1049 1440; x_wconf 85' lang='lat' dir='ltr'><strong>Onerosum,·</strong></span> <span class='ocrx_word' id='word_1_138' title='bbox 1073 1373 1128 1443; x_wconf 80' lang='lat' dir='ltr'><strong>phu</strong></span> 
     </span>
    </p>
   </div>
   <div class='ocr_carea' id='block_1_3' title="bbox 2 1442 1128 1512">
    <p class='ocr_par' dir='ltr' id='par_1_4' title="bbox 2 1442 1128 1512">
     <span class='ocr_line' id='line_1_16' title="bbox 2 1442 1128 1512; baseline -0.002 -16"><span class='ocrx_word' id='word_1_139' title='bbox 2 1498 4 1503; x_wconf 76' lang='grc'>,</span> <span class='ocrx_word' id='word_1_140' title='bbox 24 1466 27 1470; x_wconf 81' lang='grc'><strong>’</strong></span> <span class='ocrx_word' id='word_1_141' title='bbox 68 1456 69 1461; x_wconf 78' lang='grc'>’</span> <span class='ocrx_word' id='word_1_142' title='bbox 93 1454 136 1499; x_wconf 84' lang='lat' dir='ltr'><strong>est</strong></span> <span class='ocrx_word' id='word_1_143' title='bbox 153 1459 235 1512; x_wconf 71' lang='lat' dir='ltr'><strong>sptem</strong></span> <span class='ocrx_word' id='word_1_144' title='bbox 252 1442 274 1492; x_wconf 83' lang='lat' dir='ltr'><strong>sl</strong></span> <span class='ocrx_word' id='word_1_145' title='bbox 293 1454 437 1493; x_wconf 85' lang='lat' dir='ltr'><strong>oneratum</strong></span> <span class='ocrx_word' id='word_1_146' title='bbox 456 1443 574 1494; x_wconf 86' lang='lat' dir='ltr'><strong>diceret:</strong></span> <span class='ocrx_word' id='word_1_147' title='bbox 590 1443 661 1494; x_wconf 78' lang='lat' dir='ltr'><strong>sicut</strong></span> <span class='ocrx_word' id='word_1_148' title='bbox 677 1447 841 1495; x_wconf 87' lang='lat' dir='ltr'><strong>sceleratum</strong></span> <span class='ocrx_word' id='word_1_149' title='bbox 859 1453 887 1498; x_wconf 88' lang='lat' dir='ltr'><strong>et</strong></span> <span class='ocrx_word' id='word_1_150' title='bbox 904 1447 1128 1497; x_wconf 84' lang='lat' dir='ltr'><strong>scelerosum.-</strong></span> 
     </span>
    </p>
   </div>
   <div class='ocr_carea' id='block_1_4' title="bbox 37 1511 1134 4130">
    <p class='ocr_par' dir='ltr' id='par_1_5' title="bbox 37 1511 1134 4130">
     <span class='ocr_line' id='line_1_17' title="bbox 94 1511 1127 1584; baseline 0.01 -24"><span class='ocrx_word' id='word_1_151' title='bbox 94 1519 156 1571; x_wconf 76' lang='grc'><strong><em>355.</em></strong></span> <span class='ocrx_word' id='word_1_152' title='bbox 182 1511 238 1580; x_wconf 82' lang='lat' dir='ltr'><strong>Qui</strong></span> <span class='ocrx_word' id='word_1_153' title='bbox 262 1512 344 1561; x_wconf 83' lang='lat' dir='ltr'><strong>laude</strong></span> <span class='ocrx_word' id='word_1_154' title='bbox 370 1527 518 1574; x_wconf 71' lang='lat' dir='ltr'><strong>coronam,-</strong></span> <span class='ocrx_word' id='word_1_155' title='bbox 542 1512 659 1578; x_wconf 77' lang='lat' dir='ltr'><strong>strnue,</strong></span> <span class='ocrx_word' id='word_1_156' title='bbox 683 1532 706 1565; x_wconf 85' lang='lat' dir='ltr'><strong>a</strong></span> <span class='ocrx_word' id='word_1_157' title='bbox 728 1514 853 1582; x_wconf 83' lang='lat' dir='ltr'><strong>sequenti</strong></span> <span class='ocrx_word' id='word_1_158' title='bbox 877 1515 953 1583; x_wconf 75' lang='lat' dir='ltr'><strong>qtsod</strong></span> <span class='ocrx_word' id='word_1_159' title='bbox 976 1511 1127 1584; x_wconf 66' lang='lat' dir='ltr'><strong>praecedit?</strong></span> 
     </span>
     <span class='ocr_line' id='line_1_18' title="bbox 93 1580 1125 1703; baseline -0.004 -69"><span class='ocrx_word' id='word_1_160' title='bbox 93 1581 171 1703; x_wconf 42' lang='lat' dir='ltr'><strong>Euam</strong></span> <span class='ocrx_word' id='word_1_161' title='bbox 196 1599 224 1634; x_wconf 82' lang='lat' dir='ltr'><strong>er</strong></span> <span class='ocrx_word' id='word_1_162' title='bbox 248 1580 348 1632; x_wconf 83' lang='lat' dir='ltr'><strong>virtute</strong></span> <span class='ocrx_word' id='word_1_163' title='bbox 371 1582 556 1651; x_wconf 69' lang='lat' dir='ltr'><strong>praecedente</strong></span> <span class='ocrx_word' id='word_1_164' title='bbox 580 1581 702 1649; x_wconf 83' lang='lat' dir='ltr'><strong>sequitur</strong></span> <span class='ocrx_word' id='word_1_165' title='bbox 724 1581 808 1648; x_wconf 78' lang='lat' dir='ltr'><strong>laus]</strong></span> <span class='ocrx_word' id='word_1_166' title='bbox 827 1611 861 1621; x_wconf 95' lang='lat'><em>-</em></span> <span class='ocrx_word' id='word_1_167' title='bbox 896 1590 959 1642; x_wconf 78' lang='lat'><strong>356.</strong></span> <span class='ocrx_word' id='word_1_168' title='bbox 985 1582 1125 1642; x_wconf 69' lang='lat' dir='ltr'><strong>Fortunas</strong></span> 
     </span>
     <span class='ocr_line' id='line_1_19' title="bbox 88 1649 1125 1719; baseline -0.006 -15"><span class='ocrx_word' id='word_1_169' title='bbox 88 1660 89 1665; x_wconf 78' lang='grc'>’</span> <span class='ocrx_word' id='word_1_170' title='bbox 116 1671 167 1710; x_wconf 83' lang='lat' dir='ltr'><strong>ene</strong></span> <span class='ocrx_word' id='word_1_171' title='bbox 184 1650 276 1703; x_wconf 87' lang='lat' dir='ltr'><strong>dolum</strong></span> <span class='ocrx_word' id='word_1_172' title='bbox 293 1664 374 1713; x_wconf 83' lang='lat' dir='ltr'><strong>sunm¹</strong></span> <span class='ocrx_word' id='word_1_173' title='bbox 391 1658 507 1701; x_wconf 84' lang='lat' dir='ltr'><strong>excuset.</strong></span> <span class='ocrx_word' id='word_1_174' title='bbox 525 1675 559 1687; x_wconf 83' lang='lat'><strong>··</strong></span> <span class='ocrx_word' id='word_1_175' title='bbox 594 1656 655 1708; x_wconf 80' lang='lat'><strong>358.</strong></span> <span class='ocrx_word' id='word_1_176' title='bbox 675 1651 808 1719; x_wconf 81' lang='lat' dir='ltr'><strong>Optimus</strong></span> <span class='ocrx_word' id='word_1_177' title='bbox 827 1653 891 1712; x_wconf 73' lang='lat' dir='ltr'><strong>olli,</strong></span> <span class='ocrx_word' id='word_1_178' title='bbox 909 1661 958 1713; x_wconf 73' lang='lat' dir='ltr'><strong>arrt</strong></span> <span class='ocrx_word' id='word_1_179' title='bbox 975 1652 1005 1705; x_wconf 86' lang='lat' dir='ltr'><strong>ei</strong></span> <span class='ocrx_word' id='word_1_180' title='bbox 1023 1649 1125 1705; x_wconf 85' lang='lat' dir='ltr'><strong>arrisit:</strong></span> 
     </span>
     <span class='ocr_line' id='line_1_20' title="bbox 94 1716 1124 1787; baseline -0.006 -15"><span class='ocrx_word' id='word_1_181' title='bbox 94 1729 143 1772; x_wconf 88' lang='lat' dir='ltr'><strong>aut</strong></span> <span class='ocrx_word' id='word_1_182' title='bbox 168 1721 216 1772; x_wconf 86' lang='lat' dir='ltr'><strong>olli</strong></span> <span class='ocrx_word' id='word_1_183' title='bbox 232 1721 329 1783; x_wconf 67' lang='lat' dir='ltr'><strong>=iussit</strong></span> <span class='ocrx_word' id='word_1_184' title='bbox 345 1716 448 1787; x_wconf 81' lang='lat' dir='ltr'><strong>efferri.</strong></span> <span class='ocrx_word' id='word_1_185' title='bbox 482 1718 554 1770; x_wconf 82' lang='lat' dir='ltr'><strong>Sane</strong></span> <span class='ocrx_word' id='word_1_186' title='bbox 571 1734 694 1786; x_wconf 78' lang='lat' dir='ltr'><strong>congrue</strong></span> <span class='ocrx_word' id='word_1_187' title='bbox 711 1732 791 1772; x_wconf 76' lang='lat' dir='ltr'><strong>arma</strong></span> <span class='ocrx_word' id='word_1_188' title='bbox 811 1719 859 1772; x_wconf 78' lang='lat' dir='ltr'><strong>(lat</strong></span> <span class='ocrx_word' id='word_1_189' title='bbox 875 1720 978 1774; x_wconf 85' lang='lat' dir='ltr'><strong>iuveni.</strong></span> <span class='ocrx_word' id='word_1_190' title='bbox 996 1746 1034 1760; x_wconf 91' lang='lat'><em>-</em></span> <span class='ocrx_word' id='word_1_191' title='bbox 1069 1721 1124 1777; x_wconf 79' lang='lat'><strong>359.</strong></span> 
     </span>
     <span class='ocr_line' id='line_1_21' title="bbox 94 1786 1126 1858; baseline -0.006 -18"><span class='ocrx_word' id='word_1_192' title='bbox 94 1788 287 1858; x_wconf 78' lang='lat' dir='ltr'><strong>Didymaonis</strong></span> <span class='ocrx_word' id='word_1_193' title='bbox 314 1801 404 1852; x_wconf 85' lang='lat' dir='ltr'><strong>artes,-</strong></span> <span class='ocrx_word' id='word_1_194' title='bbox 427 1786 486 1838; x_wconf 86' lang='lat' dir='ltr'><strong>leus</strong></span> <span class='ocrx_word' id='word_1_195' title='bbox 509 1787 545 1838; x_wconf 85' lang='lat' dir='ltr'><strong>ab</strong></span> <span class='ocrx_word' id='word_1_196' title='bbox 568 1789 688 1840; x_wconf 78' lang='lat' dir='ltr'><strong>artifice:</strong></span> <span class='ocrx_word' id='word_1_197' title='bbox 712 1797 744 1840; x_wconf 91' lang='lat' dir='ltr'><strong>ut</strong></span> <span class='ocrx_word' id='word_1_198' title='bbox 766 1790 814 1856; x_wconf 90' lang='lat' dir='ltr'><strong>(E.</strong></span> <span class='ocrx_word' id='word_1_199' title='bbox 838 1797 870 1855; x_wconf 82' lang='grc'><strong>3,</strong></span> <span class='ocrx_word' id='word_1_200' title='bbox 894 1789 965 1852; x_wconf 78' lang='lat'><strong>37.):</strong></span> <span class='ocrx_word' id='word_1_201' title='bbox 989 1789 1126 1841; x_wconf 85' lang='lat' dir='ltr'><strong>Divinum</strong></span> 
     </span>
     <span class='ocr_line' id='line_1_22' title="bbox 95 1856 1127 1927; baseline -0.003 -17"><span class='ocrx_word' id='word_1_202' title='bbox 95 1877 167 1927; x_wconf 83' lang='lat' dir='ltr'><strong>epus</strong></span> <span class='ocrx_word' id='word_1_203' title='bbox 185 1857 391 1909; x_wconf 76' lang='lat' dir='ltr'><strong>Alcimedontis.</strong></span> <span class='ocrx_word' id='word_1_204' title='bbox 411 1883 443 1892; x_wconf 93' lang='lat'>-</span> <span class='ocrx_word' id='word_1_205' title='bbox 478 1862 539 1914; x_wconf 79' lang='grc'>360.</span> <span class='ocrx_word' id='word_1_206' title='bbox 557 1856 685 1925; x_wconf 82' lang='lat' dir='ltr'><strong>Neptuni</strong></span> <span class='ocrx_word' id='word_1_207' title='bbox 701 1865 767 1920; x_wconf 70' lang='lat' dir='ltr'><strong>etc,</strong></span> <span class='ocrx_word' id='word_1_208' title='bbox 786 1857 917 1923; x_wconf 71' lang='lat' dir='ltr'><strong>Danais,</strong></span> <span class='ocrx_word' id='word_1_209' title='bbox 934 1877 951 1911; x_wconf 86' lang='lat' dir='ltr'><strong>a</strong></span> <span class='ocrx_word' id='word_1_210' title='bbox 968 1858 1088 1919; x_wconf 82' lang='lat' dir='ltr'><strong>Danais3</strong></span> <span class='ocrx_word' id='word_1_211' title='bbox 1102 1862 1127 1907; x_wconf 80' lang='lat' dir='ltr'><strong>et</strong></span> 
     </span>
     <span class='ocr_line' id='line_1_23' title="bbox 37 1925 1127 1998; baseline -0.006 -18"><span class='ocrx_word' id='word_1_212' title='bbox 37 1986 39 1993; x_wconf 22' lang='lat' dir='ltr'>y</span> <span class='ocrx_word' id='word_1_213' title='bbox 81 1927 285 1996; x_wconf 73' lang='lat' dir='ltr'><strong>intelligimus,</strong></span> <span class='ocrx_word' id='word_1_214' title='bbox 311 1925 366 1979; x_wconf 90' lang='lat' dir='ltr'><strong>hoc</strong></span> <span class='ocrx_word' id='word_1_215' title='bbox 383 1925 417 1977; x_wconf 85' lang='lat' dir='ltr'><strong>ed</strong></span> <span class='ocrx_word' id='word_1_216' title='bbox 434 1927 546 1978; x_wconf 81' lang='lat' dir='ltr'><strong>Aenean</strong></span> <span class='ocrx_word' id='word_1_217' title='bbox 561 1927 691 1979; x_wconf 82' lang='lat' dir='ltr'><strong>transisse</strong></span> <span class='ocrx_word' id='word_1_218' title='bbox 707 1944 758 1998; x_wconf 89' lang='lat' dir='ltr'><strong>per</strong></span> <span class='ocrx_word' id='word_1_219' title='bbox 774 1927 927 1993; x_wconf 87' lang='lat' dir='ltr'><strong>Helenum,</strong></span> <span class='ocrx_word' id='word_1_220' title='bbox 944 1929 992 1996; x_wconf 89' lang='lat' dir='ltr'><strong>[ne</strong></span> <span class='ocrx_word' id='word_1_221' title='bbox 1010 1927 1127 1979; x_wconf 82' lang='lat' dir='ltr'><strong>videatur</strong></span> 
     </span>
     <span class='ocr_line' id='line_1_24' title="bbox 93 1993 1129 2064; baseline 0 -16"><span class='ocrx_word' id='word_1_222' title='bbox 93 2013 126 2048; x_wconf 88' lang='lat' dir='ltr'><strong>en</strong></span> <span class='ocrx_word' id='word_1_223' title='bbox 143 1996 284 2064; x_wconf 84' lang='lat' dir='ltr'><strong>sacrilegio</strong></span> <span class='ocrx_word' id='word_1_224' title='bbox 302 1993 478 2063; x_wconf 84' lang='lat' dir='ltr'><strong>quaesitum]</strong></span> <span class='ocrx_word' id='word_1_225' title='bbox 493 2020 528 2031; x_wconf 89' lang='lat'><em>—</em></span> <span class='ocrx_word' id='word_1_226' title='bbox 562 2000 624 2052; x_wconf 71' lang='grc'><strong>363.</strong></span> <span class='ocrx_word' id='word_1_227' title='bbox 644 1993 907 2062; x_wconf 80' lang='lat' dir='ltr'><strong>Praesens;&#39;.iortis:</strong></span> <span class='ocrx_word' id='word_1_228' title='bbox 925 2014 959 2048; x_wconf 84' lang='lat' dir='ltr'><strong>ec</strong></span> <span class='ocrx_word' id='word_1_229' title='bbox 977 1997 1001 2049; x_wconf 89' lang='lat' dir='ltr'><strong>si</strong></span> <span class='ocrx_word' id='word_1_230' title='bbox 1020 1995 1129 2056; x_wconf 78' lang='lat' dir='ltr'><strong>diceret,</strong></span> 
     </span>
     <span class='ocr_line' id='line_1_25' title="bbox 94 2063 1125 2136; baseline -0.007 -19"><span class='ocrx_word' id='word_1_231' title='bbox 94 2064 119 2117; x_wconf 83' lang='lat' dir='ltr'><strong>si</strong></span> <span class='ocrx_word' id='word_1_232' title='bbox 136 2065 204 2116; x_wconf 80' lang='lat' dir='ltr'><strong>adsit</strong></span> <span class='ocrx_word' id='word_1_233' title='bbox 221 2065 281 2132; x_wconf 90' lang='lat' dir='ltr'><strong>quis</strong></span> <span class='ocrx_word' id='word_1_234' title='bbox 299 2063 396 2130; x_wconf 82' lang='lat' dir='ltr'><strong>plenus</strong></span> <span class='ocrx_word' id='word_1_235' title='bbox 413 2064 507 2114; x_wconf 87' lang='lat' dir='ltr'><strong>enimi.</strong></span> <span class='ocrx_word' id='word_1_236' title='bbox 525 2090 560 2100; x_wconf 84' lang='lat'>-</span> <span class='ocrx_word' id='word_1_237' title='bbox 594 2069 654 2122; x_wconf 77' lang='lat'><strong>366.</strong></span> <span class='ocrx_word' id='word_1_238' title='bbox 678 2063 820 2130; x_wconf 73' lang='lat' dir='ltr'><strong>Velotu1n3</strong></span> <span class='ocrx_word' id='word_1_239' title='bbox 843 2064 879 2132; x_wconf 89' lang='lat' dir='ltr'><strong>[i.</strong></span> <span class='ocrx_word' id='word_1_240' title='bbox 896 2065 932 2132; x_wconf 88' lang='lat' dir='ltr'><strong>e.]</strong></span> <span class='ocrx_word' id='word_1_241' title='bbox 954 2072 1125 2136; x_wconf 74' lang='lat' dir='ltr'><strong>coronatum.</strong></span> 
     </span>
     <span class='ocr_line' id='line_1_26' title="bbox 95 2129 1126 2201; baseline 0.007 -17"><span class='ocrx_word' id='word_1_242' title='bbox 95 2134 169 2184; x_wconf 87' lang='lat' dir='ltr'><strong>Auro</strong></span> <span class='ocrx_word' id='word_1_243' title='bbox 189 2142 297 2194; x_wconf 78' lang='lat' dir='ltr'><strong>erstem,</strong></span> <span class='ocrx_word' id='word_1_244' title='bbox 321 2131 386 2199; x_wconf 90' lang='lat' dir='ltr'><strong>quia</strong></span> <span class='ocrx_word' id='word_1_245' title='bbox 403 2131 490 2182; x_wconf 85' lang='lat' dir='ltr'><strong>solent</strong></span> <span class='ocrx_word' id='word_1_246' title='bbox 507 2132 612 2183; x_wconf 79' lang='lat' dir='ltr'><strong>hahere</strong></span> <span class='ocrx_word' id='word_1_247' title='bbox 628 2131 745 2184; x_wconf 85' lang='lat' dir='ltr'><strong>laminas</strong></span> <span class='ocrx_word' id='word_1_248' title='bbox 762 2135 908 2201; x_wconf 86' lang='lat' dir='ltr'><strong>quasdem:</strong></span> <span class='ocrx_word' id='word_1_249' title='bbox 933 2142 964 2184; x_wconf 92' lang='lat' dir='ltr'><strong>ut</strong></span> <span class='ocrx_word' id='word_1_250' title='bbox 981 2139 1027 2201; x_wconf 79' lang='lat'><strong>(9,</strong></span> <span class='ocrx_word' id='word_1_251' title='bbox 1044 2129 1126 2191; x_wconf 74' lang='lat' dir='ltr'><strong>ott-l2</strong></span> 
     </span>
     <span class='ocr_line' id='line_1_27' title="bbox 95 2201 1127 2268; baseline -0.006 -16"><span class='ocrx_word' id='word_1_252' title='bbox 95 2203 130 2252; x_wconf 82' lang='lat' dir='ltr'><strong>Et</strong></span> <span class='ocrx_word' id='word_1_253' title='bbox 147 2215 268 2252; x_wconf 79' lang='lat' dir='ltr'><strong>statuam</strong></span> <span class='ocrx_word' id='word_1_254' title='bbox 288 2213 351 2249; x_wconf 83' lang='lat' dir='ltr'><strong>ante</strong></span> <span class='ocrx_word' id='word_1_255' title='bbox 370 2218 437 2250; x_wconf 83' lang='lat' dir='ltr'><strong>uras</strong></span> <span class='ocrx_word' id='word_1_256' title='bbox 456 2214 557 2250; x_wconf 84' lang='lat' dir='ltr'><strong>aurato</strong></span> <span class='ocrx_word' id='word_1_257' title='bbox 576 2201 675 2268; x_wconf 79' lang='lat' dir='ltr'><strong>fronte</strong></span> <span class='ocrx_word' id='word_1_258' title='bbox 702 2204 859 2253; x_wconf 85' lang='lat' dir='ltr'><strong>iuvencum.</strong></span> <span class='ocrx_word' id='word_1_259' title='bbox 879 2228 912 2240; x_wconf 90' lang='lat'><strong>-·</strong></span> <span class='ocrx_word' id='word_1_260' title='bbox 948 2209 1011 2261; x_wconf 80' lang='grc'><strong>369.</strong></span> <span class='ocrx_word' id='word_1_261' title='bbox 1034 2201 1127 2252; x_wconf 84' lang='lat' dir='ltr'><strong>Virum</strong></span> 
     </span>
     <span class='ocr_line' id='line_1_28' title="bbox 41 2270 1125 2338; baseline -0.004 -17"><span class='ocrx_word' id='word_1_262' title='bbox 41 2294 45 2307; x_wconf 74' lang='lat'><strong><em>¹</em></strong></span> <span class='ocrx_word' id='word_1_263' title='bbox 95 2288 125 2321; x_wconf 89' lang='lat' dir='ltr'><strong>se</strong></span> <span class='ocrx_word' id='word_1_264' title='bbox 150 2288 291 2320; x_wconf 83' lang='lat' dir='ltr'><strong>murmure</strong></span> <span class='ocrx_word' id='word_1_265' title='bbox 316 2270 405 2330; x_wconf 69' lang='lat' dir='ltr'><strong>tottii,</strong></span> <span class='ocrx_word' id='word_1_266' title='bbox 429 2287 494 2319; x_wconf 91' lang='lat' dir='ltr'><strong>cnm</strong></span> <span class='ocrx_word' id='word_1_267' title='bbox 517 2271 650 2337; x_wconf 75' lang='lat' dir='ltr'><strong>suffiagio</strong></span> <span class='ocrx_word' id='word_1_268' title='bbox 677 2271 869 2338; x_wconf 89' lang='lat' dir='ltr'><strong>plurimorum.</strong></span> <span class='ocrx_word' id='word_1_269' title='bbox 889 2298 924 2312; x_wconf 89' lang='lat'><strong>·-</strong></span> <span class='ocrx_word' id='word_1_270' title='bbox 959 2278 1023 2329; x_wconf 83' lang='grc'>370.</span> <span class='ocrx_word' id='word_1_271' title='bbox 1048 2270 1125 2321; x_wconf 87' lang='lat' dir='ltr'><strong>Solus</strong></span> 
     </span>
     <span class='ocr_line' id='line_1_29' title="bbox 95 2338 1127 2408; baseline -0.007 -17"><span class='ocrx_word' id='word_1_272' title='bbox 95 2348 162 2402; x_wconf 88' lang='lat' dir='ltr'><strong>etc.;</strong></span> <span class='ocrx_word' id='word_1_273' title='bbox 188 2340 267 2390; x_wconf 89' lang='lat' dir='ltr'><strong>multi</strong></span> <span class='ocrx_word' id='word_1_274' title='bbox 291 2338 360 2389; x_wconf 86' lang='lat' dir='ltr'><strong>haec</strong></span> <span class='ocrx_word' id='word_1_275' title='bbox 384 2355 401 2389; x_wconf 79' lang='lat' dir='ltr'><strong>a</strong></span> <span class='ocrx_word' id='word_1_276' title='bbox 425 2345 506 2408; x_wconf 77' lang='lat' dir='ltr'><strong>poeta</strong></span> <span class='ocrx_word' id='word_1_277' title='bbox 524 2339 616 2390; x_wconf 81' lang='lat' dir='ltr'><strong>volunt</strong></span> <span class='ocrx_word' id='word_1_278' title='bbox 634 2340 703 2391; x_wconf 81' lang='lat' dir='ltr'><strong>dici:</strong></span> <span class='ocrx_word' id='word_1_279' title='bbox 729 2341 828 2391; x_wconf 89' lang='lat' dir='ltr'><strong>melius</strong></span> <span class='ocrx_word' id='word_1_280' title='bbox 851 2349 948 2392; x_wconf 87' lang='lat' dir='ltr'><strong>tamen</strong></span> <span class='ocrx_word' id='word_1_281' title='bbox 966 2340 1053 2391; x_wconf 85' lang='lat' dir='ltr'><strong>verba</strong></span> <span class='ocrx_word' id='word_1_282' title='bbox 1070 2342 1127 2388; x_wconf 88' lang='lat' dir='ltr'><strong>sunt</strong></span> 
     </span>
     <span class='ocr_line' id='line_1_30' title="bbox 93 2405 1127 2480; baseline -0.002 -22"><span class='ocrx_word' id='word_1_283' title='bbox 93 2409 196 2480; x_wconf 81' lang='lat' dir='ltr'><strong>populi.</strong></span> <span class='ocrx_word' id='word_1_284' title='bbox 230 2406 308 2458; x_wconf 87' lang='lat' dir='ltr'><strong>Unde</strong></span> <span class='ocrx_word' id='word_1_285' title='bbox 325 2413 365 2458; x_wconf 85' lang='lat' dir='ltr'><strong>et:</strong></span> <span class='ocrx_word' id='word_1_286' title='bbox 387 2405 411 2453; x_wconf 76' lang='lat' dir='ltr'><em>V</em></span> <span class='ocrx_word' id='word_1_287' title='bbox 411 2410 485 2456; x_wconf 86' lang='lat' dir='ltr'><strong>irum</strong></span> <span class='ocrx_word' id='word_1_288' title='bbox 505 2426 533 2457; x_wconf 90' lang='lat' dir='ltr'><strong>se</strong></span> <span class='ocrx_word' id='word_1_289' title='bbox 552 2426 694 2459; x_wconf 87' lang='lat' dir='ltr'><strong>murmure</strong></span> <span class='ocrx_word' id='word_1_290' title='bbox 712 2410 792 2459; x_wconf 87' lang='lat' dir='ltr'><strong>tollit.</strong></span> <span class='ocrx_word' id='word_1_291' title='bbox 828 2409 933 2477; x_wconf 85' lang='lat' dir='ltr'><strong>[Simile</strong></span> <span class='ocrx_word' id='word_1_292' title='bbox 951 2409 1019 2460; x_wconf 83' lang='lat' dir='ltr'><strong>dixit</strong></span> <span class='ocrx_word' id='word_1_293' title='bbox 1033 2410 1127 2458; x_wconf 88' lang='lat' dir='ltr'><strong>Home-</strong></span> 
     </span>
     <span class='ocr_line' id='line_1_31' title="bbox 93 2472 1128 2547; baseline -0.003 -19"><span class='ocrx_word' id='word_1_294' title='bbox 93 2495 140 2531; x_wconf 84' lang='lat' dir='ltr'><strong>rus</strong></span> <span class='ocrx_word' id='word_1_295' title='bbox 159 2478 203 2542; x_wconf 88' lang='lat' dir='ltr'><strong>(ll.</strong></span> <span class='ocrx_word' id='word_1_296' title='bbox 223 2493 261 2544; x_wconf 72' lang='lat' dir='ltr'><strong>tp,</strong></span> <span class='ocrx_word' id='word_1_297' title='bbox 281 2474 356 2536; x_wconf 81' lang='grc'>677.)</span> <span class='ocrx_word' id='word_1_298' title='bbox 381 2477 414 2530; x_wconf 87' lang='lat' dir='ltr'><strong>de</strong></span> <span class='ocrx_word' id='word_1_299' title='bbox 432 2477 551 2541; x_wconf 75' lang='lat' dir='ltr'><strong>Euryalo</strong></span> <span class='ocrx_word' id='word_1_300' title='bbox 578 2477 612 2527; x_wconf 83' lang='lat' dir='ltr'><strong>ad</strong></span> <span class='ocrx_word' id='word_1_301' title='bbox 636 2477 815 2546; x_wconf 85' lang='lat' dir='ltr'><strong>sepulchrum</strong></span> <span class='ocrx_word' id='word_1_302' title='bbox 832 2478 965 2535; x_wconf 79' lang='lat' dir='ltr'><strong>Patrocli:</strong></span> <span class='ocrx_word' id='word_1_303' title='bbox 991 2472 1128 2547; x_wconf 75' lang='grc' dir='ltr'><strong><em>Εάράοιλοι</em></strong></span> 
     </span>
     <span class='ocr_line' id='line_1_32' title="bbox 96 2541 1128 2614; baseline -0.004 -16"><span class='ocrx_word' id='word_1_304' title='bbox 96 2543 120 2598; x_wconf 78' lang='lat' dir='ltr'><strong>d⁰</strong></span> <span class='ocrx_word' id='word_1_305' title='bbox 136 2544 163 2597; x_wconf 72' lang='grc' dir='ltr'><strong>οἳ</strong></span> <span class='ocrx_word' id='word_1_306' title='bbox 179 2546 233 2599; x_wconf 69' lang='grc' dir='ltr'><strong><em>οἷος</em></strong></span> <span class='ocrx_word' id='word_1_307' title='bbox 253 2541 377 2599; x_wconf 69' lang='lat' dir='ltr'><strong>duotore</strong></span> <span class='ocrx_word' id='word_1_308' title='bbox 394 2564 419 2597; x_wconf 85' lang='grc' dir='ltr'><strong>κ.</strong></span> <span class='ocrx_word' id='word_1_309' title='bbox 437 2564 461 2598; x_wconf 82' lang='grc' dir='ltr'><strong>τ.</strong></span> <span class='ocrx_word' id='word_1_310' title='bbox 480 2543 503 2598; x_wconf 81' lang='lat' dir='ltr'><strong>l.</strong></span> <span class='ocrx_word' id='word_1_311' title='bbox 523 2579 538 2587; x_wconf 89' lang='lat'><em>-</em></span> <span class='ocrx_word' id='word_1_312' title='bbox 556 2579 572 2587; x_wconf 95' lang='lat'>-</span> <span class='ocrx_word' id='word_1_313' title='bbox 590 2542 767 2614; x_wconf 75' lang='grc' dir='ltr'><em>Καδμείωνας</em></span> <span class='ocrx_word' id='word_1_314' title='bbox 790 2547 859 2610; x_wconf 88' lang='lat' dir='ltr'><strong>(sine</strong></span> <span class='ocrx_word' id='word_1_315' title='bbox 875 2547 1031 2599; x_wconf 89' lang='lat' dir='ltr'><strong>lectionum</strong></span> <span class='ocrx_word' id='word_1_316' title='bbox 1047 2546 1128 2598; x_wconf 79' lang='lat' dir='ltr'><strong>varie</strong></span> 
     </span>
     <span class='ocr_line' id='line_1_33' title="bbox 94 2614 1127 2683; baseline -0.004 -17"><span class='ocrx_word' id='word_1_317' title='bbox 94 2616 182 2680; x_wconf 81' lang='lat' dir='ltr'><strong>tate)].</strong></span> <span class='ocrx_word' id='word_1_318' title='bbox 218 2615 360 2678; x_wconf 59' lang='lat' dir='ltr'><strong>Paridem</strong></span> <span class='ocrx_word' id='word_1_319' title='bbox 379 2614 452 2668; x_wconf 85' lang='lat' dir='ltr'><strong>venit</strong></span> <span class='ocrx_word' id='word_1_320' title='bbox 470 2615 504 2670; x_wconf 79' lang='lat' dir='ltr'><strong>ab</strong></span> <span class='ocrx_word' id='word_1_321' title='bbox 522 2631 554 2665; x_wconf 90' lang='lat' dir='ltr'><strong>eo</strong></span> <span class='ocrx_word' id='word_1_322' title='bbox 573 2616 647 2683; x_wconf 79' lang='lat' dir='ltr'><strong>qriod</strong></span> <span class='ocrx_word' id='word_1_323' title='bbox 665 2625 704 2668; x_wconf 88' lang='lat' dir='ltr'><strong>est</strong></span> <span class='ocrx_word' id='word_1_324' title='bbox 722 2615 820 2678; x_wconf 85' lang='lat' dir='ltr'><strong>Paris,</strong></span> <span class='ocrx_word' id='word_1_325' title='bbox 838 2616 966 2679; x_wconf 83' lang='lat' dir='ltr'><strong>Paridis,</strong></span> <span class='ocrx_word' id='word_1_326' title='bbox 990 2617 1035 2667; x_wconf 87' lang='lat' dir='ltr'><strong>vel</strong></span> <span class='ocrx_word' id='word_1_327' title='bbox 1054 2614 1127 2664; x_wconf 84' lang='lat' dir='ltr'><strong>Peri·</strong></span> 
     </span>
     <span class='ocr_line' id='line_1_34' title="bbox 96 2683 1127 2752; baseline -0.002 -17"><span class='ocrx_word' id='word_1_328' title='bbox 96 2687 155 2736; x_wconf 83' lang='lat' dir='ltr'><strong>dos.</strong></span> <span class='ocrx_word' id='word_1_329' title='bbox 198 2684 278 2752; x_wconf 87' lang='lat' dir='ltr'><strong>Quod</strong></span> <span class='ocrx_word' id='word_1_330' title='bbox 309 2689 403 2734; x_wconf 88' lang='lat' dir='ltr'><strong>autem</strong></span> <span class='ocrx_word' id='word_1_331' title='bbox 424 2685 543 2751; x_wconf 82' lang='lat' dir='ltr'><strong>legimus</strong></span> <span class='ocrx_word' id='word_1_332' title='bbox 573 2689 640 2746; x_wconf 84' lang='lat'><strong>(10,</strong></span> <span class='ocrx_word' id='word_1_333' title='bbox 658 2685 751 2747; x_wconf 81' lang='lat'><strong>705):</strong></span> <span class='ocrx_word' id='word_1_334' title='bbox 788 2683 859 2736; x_wconf 80' lang='lat' dir='ltr'><strong>Urbe</strong></span> <span class='ocrx_word' id='word_1_335' title='bbox 884 2698 1019 2752; x_wconf 82' lang='lat' dir='ltr'><strong>paterno,</strong></span> <span class='ocrx_word' id='word_1_336' title='bbox 1045 2684 1127 2734; x_wconf 83' lang='lat' dir='ltr'><strong>Parin</strong></span> 
     </span>
     <span class='ocr_line' id='line_1_35' title="bbox 97 2747 1128 2821; baseline -0.002 -17"><span class='ocrx_word' id='word_1_337' title='bbox 97 2767 186 2813; x_wconf 77' lang='lat' dir='ltr'><strong>creet,</strong></span> <span class='ocrx_word' id='word_1_338' title='bbox 209 2754 297 2816; x_wconf 78' lang='lat' dir='ltr'><strong>verrit,</strong></span> <span class='ocrx_word' id='word_1_339' title='bbox 321 2753 357 2803; x_wconf 87' lang='lat' dir='ltr'><strong>ab</strong></span> <span class='ocrx_word' id='word_1_340' title='bbox 383 2769 416 2803; x_wconf 87' lang='lat' dir='ltr'><strong>eo</strong></span> <span class='ocrx_word' id='word_1_341' title='bbox 441 2753 514 2821; x_wconf 82' lang='lat' dir='ltr'><strong>quod</strong></span> <span class='ocrx_word' id='word_1_342' title='bbox 538 2760 578 2803; x_wconf 90' lang='lat' dir='ltr'><strong>est</strong></span> <span class='ocrx_word' id='word_1_343' title='bbox 602 2749 708 2820; x_wconf 73' lang='grc' dir='ltr'><strong><em>Πάρις,</em></strong></span> <span class='ocrx_word' id='word_1_344' title='bbox 735 2754 829 2818; x_wconf 89' lang='lat' dir='ltr'><strong>(codd.</strong></span> <span class='ocrx_word' id='word_1_345' title='bbox 855 2754 949 2804; x_wconf 78' lang='lat' dir='ltr'><strong>Burni.</strong></span> <span class='ocrx_word' id='word_1_346' title='bbox 975 2756 1054 2805; x_wconf 87' lang='lat' dir='ltr'><strong>venit</strong></span> <span class='ocrx_word' id='word_1_347' title='bbox 1078 2747 1128 2804; x_wconf 79' lang='lat' dir='ltr'><strong>o’ni</strong></span> 
     </span>
     <span class='ocr_line' id='line_1_36' title="bbox 95 2819 1128 2891; baseline -0.004 -17"><span class='ocrx_word' id='word_1_348' title='bbox 95 2819 144 2876; x_wconf 67' lang='lat' dir='ltr'><strong>eoi</strong></span> <span class='ocrx_word' id='word_1_349' title='bbox 163 2843 183 2873; x_wconf 84' lang='grc' dir='ltr'>ω</span> <span class='ocrx_word' id='word_1_350' title='bbox 202 2819 303 2891; x_wconf 82' lang='grc' dir='ltr'><strong><em>Πάρις.</em></strong></span> <span class='ocrx_word' id='word_1_351' title='bbox 340 2821 430 2877; x_wconf 82' lang='lat' dir='ltr'><strong>Gnell.</strong></span> <span class='ocrx_word' id='word_1_352' title='bbox 448 2823 467 2871; x_wconf 89' lang='grc' dir='ltr'><strong>Ι.</strong></span> <span class='ocrx_word' id='word_1_353' title='bbox 492 2824 568 2871; x_wconf 86' lang='lat' dir='ltr'><strong>venit</strong></span> <span class='ocrx_word' id='word_1_354' title='bbox 586 2840 602 2869; x_wconf 88' lang='grc' dir='ltr'><strong><em>ο</em></strong></span> <span class='ocrx_word' id='word_1_355' title='bbox 621 2826 695 2889; x_wconf 88' lang='lat' dir='ltr'><strong>potio</strong></span> <span class='ocrx_word' id='word_1_356' title='bbox 714 2825 808 2888; x_wconf 84' lang='lat' dir='ltr'><strong>paris,</strong></span> <span class='ocrx_word' id='word_1_357' title='bbox 831 2836 862 2873; x_wconf 84' lang='lat' dir='ltr'><strong>tn</strong></span> <span class='ocrx_word' id='word_1_358' title='bbox 880 2824 1013 2888; x_wconf 84' lang='lat' dir='ltr'><strong>parides,</strong></span> <span class='ocrx_word' id='word_1_359' title='bbox 1030 2823 1128 2889; x_wconf 81' lang='lat' dir='ltr'><strong>toperi,</strong></span> 
     </span>
     <span class='ocr_line' id='line_1_37' title="bbox 96 2885 1128 2960; baseline -0.005 -16"><span class='ocrx_word' id='word_1_360' title='bbox 96 2892 236 2960; x_wconf 85' lang='lat' dir='ltr'><strong>toparin),</strong></span> <span class='ocrx_word' id='word_1_361' title='bbox 259 2885 445 2958; x_wconf 64' lang='lat' dir='ltr'><strong>vuillelmus,</strong></span> <span class='ocrx_word' id='word_1_362' title='bbox 471 2888 510 2958; x_wconf 73' lang='grc' dir='ltr'><strong>τῷ</strong></span> <span class='ocrx_word' id='word_1_363' title='bbox 526 2887 617 2957; x_wconf 87' lang='grc' dir='ltr'><strong><em>Πάρι,</em></strong></span> <span class='ocrx_word' id='word_1_364' title='bbox 641 2889 690 2944; x_wconf 79' lang='grc' dir='ltr'><strong>τόν</strong></span> <span class='ocrx_word' id='word_1_365' title='bbox 707 2890 807 2960; x_wconf 78' lang='grc' dir='ltr'><strong><em>Πάριν.</em></strong></span> <span class='ocrx_word' id='word_1_366' title='bbox 844 2893 881 2942; x_wconf 89' lang='lat' dir='ltr'><strong>Et</strong></span> <span class='ocrx_word' id='word_1_367' title='bbox 896 2892 1005 2956; x_wconf 89' lang='lat' dir='ltr'><strong>volunt,</strong></span> <span class='ocrx_word' id='word_1_368' title='bbox 1029 2893 1053 2942; x_wconf 91' lang='lat' dir='ltr'><strong>si</strong></span> <span class='ocrx_word' id='word_1_369' title='bbox 1069 2906 1128 2960; x_wconf 88' lang='lat' dir='ltr'><strong>pro·</strong></span> 
     </span>
     <span class='ocr_line' id='line_1_38' title="bbox 96 2960 1129 3030; baseline -0.002 -19"><span class='ocrx_word' id='word_1_370' title='bbox 96 2961 189 3030; x_wconf 87' lang='lat' dir='ltr'><strong>prium</strong></span> <span class='ocrx_word' id='word_1_371' title='bbox 207 2961 257 3024; x_wconf 86' lang='lat' dir='ltr'><strong>sit,</strong></span> <span class='ocrx_word' id='word_1_372' title='bbox 272 2961 302 3010; x_wconf 86' lang='lat' dir='ltr'><strong>in</strong></span> <span class='ocrx_word' id='word_1_373' title='bbox 320 2961 370 3011; x_wconf 84' lang='lat' dir='ltr'><strong>dos</strong></span> <span class='ocrx_word' id='word_1_374' title='bbox 389 2961 462 3010; x_wconf 84' lang='lat' dir='ltr'><strong>exire</strong></span> <span class='ocrx_word' id='word_1_375' title='bbox 479 2961 646 3024; x_wconf 72' lang='lat' dir='ltr'><strong>genitivum:</strong></span> <span class='ocrx_word' id='word_1_376' title='bbox 669 2963 691 3012; x_wconf 92' lang='lat' dir='ltr'><strong>si</strong></span> <span class='ocrx_word' id='word_1_377' title='bbox 709 2961 915 3030; x_wconf 80' lang='lat' dir='ltr'><strong>appellativum,</strong></span> <span class='ocrx_word' id='word_1_378' title='bbox 938 2960 968 3010; x_wconf 92' lang='lat' dir='ltr'><strong>in</strong></span> <span class='ocrx_word' id='word_1_379' title='bbox 987 2978 1028 3011; x_wconf 92' lang='lat' dir='ltr'><strong>os.</strong></span> <span class='ocrx_word' id='word_1_380' title='bbox 1062 2961 1129 3011; x_wconf 81' lang='lat' dir='ltr'><strong>Saue</strong></span> 
     </span>
     <span class='ocr_line' id='line_1_39' title="bbox 95 3028 1129 3096; baseline -0.006 -13"><span class='ocrx_word' id='word_1_381' title='bbox 95 3031 141 3083; x_wconf 91' lang='lat' dir='ltr'><strong>hic</strong></span> <span class='ocrx_word' id='word_1_382' title='bbox 162 3030 255 3094; x_wconf 84' lang='lat' dir='ltr'><strong>Paris,</strong></span> <span class='ocrx_word' id='word_1_383' title='bbox 279 3028 429 3081; x_wconf 86' lang='lat' dir='ltr'><strong>secundum</strong></span> <span class='ocrx_word' id='word_1_384' title='bbox 446 3029 547 3080; x_wconf 87' lang='lat' dir='ltr'><strong>Troica</strong></span> <span class='ocrx_word' id='word_1_385' title='bbox 571 3030 621 3094; x_wconf 89' lang='lat' dir='ltr'><strong>(al.</strong></span> <span class='ocrx_word' id='word_1_386' title='bbox 640 3029 788 3088; x_wconf 81' lang='lat' dir='ltr'><strong>Troicom3</strong></span> <span class='ocrx_word' id='word_1_387' title='bbox 815 3028 905 3080; x_wconf 86' lang='lat' dir='ltr'><strong>Guelf.</strong></span> <span class='ocrx_word' id='word_1_388' title='bbox 921 3030 954 3078; x_wconf 93' lang='grc' dir='ltr'><strong>Π.</strong></span> <span class='ocrx_word' id='word_1_389' title='bbox 980 3028 1129 3096; x_wconf 82' lang='lat' dir='ltr'><strong>tragicam)</strong></span> 
     </span>
     <span class='ocr_line' id='line_1_40' title="bbox 95 3097 1129 3164; baseline -0.004 -13"><span class='ocrx_word' id='word_1_390' title='bbox 95 3099 229 3161; x_wconf 88' lang='lat' dir='ltr'><strong>Neronis,</strong></span> <span class='ocrx_word' id='word_1_391' title='bbox 254 3098 417 3151; x_wconf 81' lang='lat' dir='ltr'><strong>fortissimus</strong></span> <span class='ocrx_word' id='word_1_392' title='bbox 441 3098 507 3148; x_wconf 81' lang='lat' dir='ltr'><strong>fuit:</strong></span> <span class='ocrx_word' id='word_1_393' title='bbox 532 3099 600 3149; x_wconf 81' lang='lat' dir='ltr'><strong>adeo</strong></span> <span class='ocrx_word' id='word_1_394' title='bbox 625 3106 655 3148; x_wconf 92' lang='lat' dir='ltr'><strong>ut</strong></span> <span class='ocrx_word' id='word_1_395' title='bbox 672 3099 700 3149; x_wconf 94' lang='lat' dir='ltr'><strong>in</strong></span> <span class='ocrx_word' id='word_1_396' title='bbox 719 3099 819 3150; x_wconf 82' lang='lat' dir='ltr'><strong>Troiae</strong></span> <span class='ocrx_word' id='word_1_397' title='bbox 845 3097 954 3164; x_wconf 83' lang='lat' dir='ltr'><strong>agonali</strong></span> <span class='ocrx_word' id='word_1_398' title='bbox 978 3098 1129 3150; x_wconf 81' lang='lat' dir='ltr'><strong>certamine</strong></span> 
     </span>
     <span class='ocr_line' id='line_1_41' title="bbox 96 3165 1130 3238; baseline -0.005 -18"><span class='ocrx_word' id='word_1_399' title='bbox 96 3176 239 3238; x_wconf 83' lang='lat' dir='ltr'><strong>superaret</strong></span> <span class='ocrx_word' id='word_1_400' title='bbox 257 3182 366 3216; x_wconf 89' lang='lat' dir='ltr'><strong>omnes:</strong></span> <span class='ocrx_word' id='word_1_401' title='bbox 384 3167 474 3233; x_wconf 86' lang='lat' dir='ltr'><strong>ipsum</strong></span> <span class='ocrx_word' id='word_1_402' title='bbox 491 3167 577 3218; x_wconf 85' lang='lat' dir='ltr'><strong>etiarn</strong></span> <span class='ocrx_word' id='word_1_403' title='bbox 593 3168 750 3229; x_wconf 87' lang='lat' dir='ltr'><strong>Hectorem,</strong></span> <span class='ocrx_word' id='word_1_404' title='bbox 769 3165 816 3234; x_wconf 88' lang='lat' dir='ltr'><strong>qui</strong></span> <span class='ocrx_word' id='word_1_405' title='bbox 834 3181 898 3215; x_wconf 89' lang='lat' dir='ltr'><strong>cum</strong></span> <span class='ocrx_word' id='word_1_406' title='bbox 915 3167 1002 3216; x_wconf 90' lang='lat' dir='ltr'><strong>iratus</strong></span> <span class='ocrx_word' id='word_1_407' title='bbox 1020 3167 1050 3218; x_wconf 91' lang='lat' dir='ltr'><strong>in</strong></span> <span class='ocrx_word' id='word_1_408' title='bbox 1068 3181 1130 3219; x_wconf 84' lang='lat' dir='ltr'><strong>etun</strong></span> 
     </span>
     <span class='ocr_line' id='line_1_42' title="bbox 96 3234 1130 3305; baseline -0.004 -18"><span class='ocrx_word' id='word_1_409' title='bbox 96 3239 247 3304; x_wconf 86' lang='lat' dir='ltr'><strong>stringeret</strong></span> <span class='ocrx_word' id='word_1_410' title='bbox 263 3236 400 3303; x_wconf 80' lang='lat' dir='ltr'><strong>gladium,</strong></span> <span class='ocrx_word' id='word_1_411' title='bbox 424 3235 505 3297; x_wconf 84' lang='lat' dir='ltr'><strong>dixit,</strong></span> <span class='ocrx_word' id='word_1_412' title='bbox 530 3253 559 3288; x_wconf 88' lang='lat' dir='ltr'><strong>se</strong></span> <span class='ocrx_word' id='word_1_413' title='bbox 584 3251 641 3287; x_wconf 89' lang='lat' dir='ltr'><strong>esse</strong></span> <span class='ocrx_word' id='word_1_414' title='bbox 659 3252 839 3302; x_wconf 82' lang='lat' dir='ltr'><strong>germanum:</strong></span> <span class='ocrx_word' id='word_1_415' title='bbox 863 3243 892 3285; x_wconf 90' lang='lat' dir='ltr'><strong>et</strong></span> <span class='ocrx_word' id='word_1_416' title='bbox 909 3234 998 3286; x_wconf 78' lang='lat' dir='ltr'><strong>allatis</strong></span> <span class='ocrx_word' id='word_1_417' title='bbox 1015 3252 1130 3305; x_wconf 88' lang='lat' dir='ltr'><strong>crepun-</strong></span> 
     </span>
     <span class='ocr_line' id='line_1_43' title="bbox 97 3302 1130 3371; baseline -0.007 -14"><span class='ocrx_word' id='word_1_418' title='bbox 97 3307 148 3357; x_wconf 89' lang='lat' dir='ltr'><strong>diis</strong></span> <span class='ocrx_word' id='word_1_419' title='bbox 173 3304 310 3370; x_wconf 81' lang='lat' dir='ltr'><strong>(lratrem)</strong></span> <span class='ocrx_word' id='word_1_420' title='bbox 335 3303 476 3370; x_wconf 83' lang='lat' dir='ltr'><strong>probavit,</strong></span> <span class='ocrx_word' id='word_1_421' title='bbox 500 3305 545 3371; x_wconf 89' lang='lat' dir='ltr'><strong>qui</strong></span> <span class='ocrx_word' id='word_1_422' title='bbox 570 3303 667 3356; x_wconf 84' lang='lat' dir='ltr'><strong>habitu</strong></span> <span class='ocrx_word' id='word_1_423' title='bbox 691 3303 785 3354; x_wconf 86' lang='lat' dir='ltr'><strong>rustici</strong></span> <span class='ocrx_word' id='word_1_424' title='bbox 810 3303 898 3355; x_wconf 89' lang='lat' dir='ltr'><strong>adhuc</strong></span> <span class='ocrx_word' id='word_1_425' title='bbox 921 3302 1037 3355; x_wconf 88' lang='lat' dir='ltr'><strong>latebat.</strong></span> <span class='ocrx_word' id='word_1_426' title='bbox 1078 3305 1130 3354; x_wconf 89' lang='lat' dir='ltr'><strong>Hos</strong></span> 
     </span>
     <span class='ocr_line' id='line_1_44' title="bbox 97 3369 1132 3441; baseline -0.005 -15"><span class='ocrx_word' id='word_1_427' title='bbox 97 3383 191 3426; x_wconf 82' lang='lat' dir='ltr'><strong>autem</strong></span> <span class='ocrx_word' id='word_1_428' title='bbox 215 3374 292 3427; x_wconf 86' lang='lat' dir='ltr'><strong>ludos</strong></span> <span class='ocrx_word' id='word_1_429' title='bbox 316 3369 446 3424; x_wconf 79' lang='lat' dir='ltr'><strong>transfert</strong></span> <span class='ocrx_word' id='word_1_430' title='bbox 463 3372 590 3440; x_wconf 82' lang='lat' dir='ltr'><strong>Virgilius</strong></span> <span class='ocrx_word' id='word_1_431' title='bbox 615 3373 651 3423; x_wconf 84' lang='lat' dir='ltr'><strong>ed</strong></span> <span class='ocrx_word' id='word_1_432' title='bbox 674 3372 799 3424; x_wconf 87' lang='lat' dir='ltr'><strong>Hectoris</strong></span> <span class='ocrx_word' id='word_1_433' title='bbox 822 3371 975 3423; x_wconf 89' lang='lat' dir='ltr'><strong>tumulum:</strong></span> <span class='ocrx_word' id='word_1_434' title='bbox 999 3373 1048 3441; x_wconf 88' lang='lat' dir='ltr'><strong>qui</strong></span> <span class='ocrx_word' id='word_1_435' title='bbox 1072 3377 1132 3423; x_wconf 84' lang='lat' dir='ltr'><strong>sunt</strong></span> 
     </span>
     <span class='ocr_line' id='line_1_45' title="bbox 97 3439 1129 3495; baseline -0.006 0"><span class='ocrx_word' id='word_1_436' title='bbox 97 3443 178 3495; x_wconf 80' lang='lat' dir='ltr'><strong>facti.</strong></span> <span class='ocrx_word' id='word_1_437' title='bbox 209 3459 274 3493; x_wconf 86' lang='lat' dir='ltr'><strong>eum</strong></span> <span class='ocrx_word' id='word_1_438' title='bbox 302 3441 360 3493; x_wconf 89' lang='lat' dir='ltr'><strong>ludi</strong></span> <span class='ocrx_word' id='word_1_439' title='bbox 388 3439 519 3493; x_wconf 81' lang='lat' dir='ltr'><strong>funebres</strong></span> <span class='ocrx_word' id='word_1_440' title='bbox 549 3441 757 3493; x_wconf 77' lang='lat' dir='ltr'><strong>celebrarentur</strong></span> <span class='ocrx_word' id='word_1_441' title='bbox 786 3441 913 3492; x_wconf 86' lang='lat' dir='ltr'><strong>cadaveri</strong></span> <span class='ocrx_word' id='word_1_442' title='bbox 936 3441 1067 3492; x_wconf 85' lang='lat' dir='ltr'><strong>Hectoris</strong></span> <span class='ocrx_word' id='word_1_443' title='bbox 1096 3439 1129 3491; x_wconf 83' lang='lat' dir='ltr'><strong>ab</strong></span> 
     </span>
     <span class='ocr_line' id='line_1_46' title="bbox 98 3508 1133 3578; baseline -0.006 -16"><span class='ocrx_word' id='word_1_444' title='bbox 98 3512 203 3562; x_wconf 61' lang='lat' dir='ltr'><strong>ursule</strong></span> <span class='ocrx_word' id='word_1_445' title='bbox 227 3511 317 3562; x_wconf 87' lang='lat' dir='ltr'><strong>occisi.</strong></span> <span class='ocrx_word' id='word_1_446' title='bbox 343 3536 376 3547; x_wconf 92' lang='lat'>-</span> <span class='ocrx_word' id='word_1_447' title='bbox 419 3517 480 3568; x_wconf 85' lang='lat'><strong>373.</strong></span> <span class='ocrx_word' id='word_1_448' title='bbox 499 3511 596 3576; x_wconf 84' lang='lat' dir='ltr'><strong>Amyci</strong></span> <span class='ocrx_word' id='word_1_449' title='bbox 622 3511 654 3560; x_wconf 87' lang='lat' dir='ltr'><strong>de</strong></span> <span class='ocrx_word' id='word_1_450' title='bbox 679 3522 757 3578; x_wconf 78' lang='lat' dir='ltr'><strong>gente</strong></span> <span class='ocrx_word' id='word_1_451' title='bbox 776 3509 902 3577; x_wconf 62' lang='lat' dir='ltr'><strong>ferebam</strong></span> <span class='ocrx_word' id='word_1_452' title='bbox 928 3511 1049 3577; x_wconf 88' lang='lat' dir='ltr'><strong>Amycus</strong></span> <span class='ocrx_word' id='word_1_453' title='bbox 1064 3508 1133 3560; x_wconf 86' lang='lat' dir='ltr'><strong>filius</strong></span> 
     </span>
     <span class='ocr_line' id='line_1_47' title="bbox 98 3576 1131 3648; baseline -0.002 -18"><span class='ocrx_word' id='word_1_454' title='bbox 98 3579 221 3645; x_wconf 76' lang='lat' dir='ltr'><strong>Neptuni</strong></span> <span class='ocrx_word' id='word_1_455' title='bbox 238 3580 292 3630; x_wconf 80' lang='lat' dir='ltr'><strong>init</strong></span> <span class='ocrx_word' id='word_1_456' title='bbox 308 3587 336 3631; x_wconf 92' lang='lat' dir='ltr'><strong>et</strong></span> <span class='ocrx_word' id='word_1_457' title='bbox 352 3578 496 3646; x_wconf 76' lang='lat' dir='ltr'><strong>Nymphae</strong></span> <span class='ocrx_word' id='word_1_458' title='bbox 514 3578 625 3644; x_wconf 87' lang='lat' dir='ltr'><strong>Melies,</strong></span> <span class='ocrx_word' id='word_1_459' title='bbox 650 3580 697 3648; x_wconf 84' lang='lat' dir='ltr'><strong>qui</strong></span> <span class='ocrx_word' id='word_1_460' title='bbox 714 3596 731 3629; x_wconf 85' lang='lat' dir='ltr'><strong>a</strong></span> <span class='ocrx_word' id='word_1_461' title='bbox 748 3579 857 3631; x_wconf 84' lang='lat' dir='ltr'><strong>Polluce</strong></span> <span class='ocrx_word' id='word_1_462' title='bbox 875 3578 960 3628; x_wconf 87' lang='lat' dir='ltr'><strong>victus</strong></span> <span class='ocrx_word' id='word_1_463' title='bbox 977 3587 1020 3630; x_wconf 86' lang='lat' dir='ltr'><strong>est</strong></span> <span class='ocrx_word' id='word_1_464' title='bbox 1036 3576 1131 3648; x_wconf 75' lang='lat' dir='ltr'><strong>pyctali</strong></span> 
     </span>
     <span class='ocr_line' id='line_1_48' title="bbox 98 3646 1132 3716; baseline -0.004 -18"><span class='ocrx_word' id='word_1_465' title='bbox 98 3648 262 3700; x_wconf 74' lang='lat' dir='ltr'><strong>certamine.</strong></span> <span class='ocrx_word' id='word_1_466' title='bbox 297 3646 430 3715; x_wconf 76' lang='lat' dir='ltr'><strong>Bebrycia</strong></span> <span class='ocrx_word' id='word_1_467' title='bbox 448 3654 539 3698; x_wconf 85' lang='lat' dir='ltr'><strong>autem</strong></span> <span class='ocrx_word' id='word_1_468' title='bbox 557 3648 616 3716; x_wconf 86' lang='lat' dir='ltr'><strong>ipsa</strong></span> <span class='ocrx_word' id='word_1_469' title='bbox 633 3655 674 3700; x_wconf 86' lang='lat' dir='ltr'><strong>est</strong></span> <span class='ocrx_word' id='word_1_470' title='bbox 689 3647 824 3714; x_wconf 84' lang='lat' dir='ltr'><strong>Bithynia.</strong></span> <span class='ocrx_word' id='word_1_471' title='bbox 861 3647 1016 3699; x_wconf 86' lang='lat' dir='ltr'><strong>Sallustius:</strong></span> <span class='ocrx_word' id='word_1_472' title='bbox 1040 3649 1132 3715; x_wconf 81' lang='lat' dir='ltr'><strong>Igitur</strong></span> 
     </span>
     <span class='ocr_line' id='line_1_49' title="bbox 101 3715 1132 3783; baseline -0.006 -16"><span class='ocrx_word' id='word_1_473' title='bbox 101 3721 243 3767; x_wconf 78' lang='lat' dir='ltr'><strong>introrsus</strong></span> <span class='ocrx_word' id='word_1_474' title='bbox 267 3719 361 3783; x_wconf 85' lang='lat' dir='ltr'><strong>primo</strong></span> <span class='ocrx_word' id='word_1_475' title='bbox 385 3715 469 3766; x_wconf 73' lang='lat' dir='ltr'><strong>Asiae</strong></span> <span class='ocrx_word' id='word_1_476' title='bbox 487 3716 630 3783; x_wconf 81' lang='lat' dir='ltr'><strong>&#39;Bithynia</strong></span> <span class='ocrx_word' id='word_1_477' title='bbox 655 3729 709 3778; x_wconf 90' lang='lat' dir='ltr'><strong>est,</strong></span> <span class='ocrx_word' id='word_1_478' title='bbox 741 3718 838 3767; x_wconf 88' lang='lat' dir='ltr'><strong>multis</strong></span> <span class='ocrx_word' id='word_1_479' title='bbox 861 3728 943 3767; x_wconf 82' lang='lat' dir='ltr'><strong>antea</strong></span> <span class='ocrx_word' id='word_1_480' title='bbox 969 3717 1132 3767; x_wconf 84' lang='lat' dir='ltr'><strong>nominibus</strong></span> 
     </span>
     <span class='ocr_line' id='line_1_50' title="bbox 100 3784 1134 3854; baseline -0.003 -19"><span class='ocrx_word' id='word_1_481' title='bbox 100 3787 249 3853; x_wconf 69' lang='lat' dir='ltr'><strong>appellata.</strong></span> <span class='ocrx_word' id='word_1_482' title='bbox 287 3785 351 3850; x_wconf 86' lang='lat' dir='ltr'><strong>Ipsa</strong></span> <span class='ocrx_word' id='word_1_483' title='bbox 370 3787 445 3835; x_wconf 87' lang='lat' dir='ltr'><strong>enim</strong></span> <span class='ocrx_word' id='word_1_484' title='bbox 470 3798 509 3835; x_wconf 88' lang='lat' dir='ltr'><strong>est</strong></span> <span class='ocrx_word' id='word_1_485' title='bbox 527 3798 551 3836; x_wconf 89' lang='lat' dir='ltr'><strong>et</strong></span> <span class='ocrx_word' id='word_1_486' title='bbox 576 3788 666 3837; x_wconf 84' lang='lat' dir='ltr'><strong>maior</strong></span> <span class='ocrx_word' id='word_1_487' title='bbox 685 3785 816 3854; x_wconf 80' lang='lat' dir='ltr'><strong>Phrygia.</strong></span> <span class='ocrx_word' id='word_1_488' title='bbox 836 3812 870 3823; x_wconf 85' lang='lat'><strong>-·</strong></span> <span class='ocrx_word' id='word_1_489' title='bbox 905 3788 967 3842; x_wconf 80' lang='grc'><strong>374.</strong></span> <span class='ocrx_word' id='word_1_490' title='bbox 985 3784 1134 3836; x_wconf 70' lang='lat' dir='ltr'><strong>Moridun-</strong></span> 
     </span>
     <span class='ocr_line' id='line_1_51' title="bbox 102 3854 1134 3922; baseline -0.003 -17"><span class='ocrx_word' id='word_1_491' title='bbox 102 3857 183 3912; x_wconf 72' lang='lat' dir='ltr'><strong>dutn3</strong></span> <span class='ocrx_word' id='word_1_492' title='bbox 201 3854 333 3903; x_wconf 87' lang='lat' dir='ltr'><strong>morienti</strong></span> <span class='ocrx_word' id='word_1_493' title='bbox 350 3854 477 3905; x_wconf 88' lang='lat' dir='ltr'><strong>similem.</strong></span> <span class='ocrx_word' id='word_1_494' title='bbox 493 3881 525 3891; x_wconf 78' lang='lat'>—</span> <span class='ocrx_word' id='word_1_495' title='bbox 561 3859 620 3912; x_wconf 83' lang='lat'><strong>375.</strong></span> <span class='ocrx_word' id='word_1_496' title='bbox 640 3855 737 3917; x_wconf 86' lang='lat' dir='ltr'><strong>Talis‚·</strong></span> <span class='ocrx_word' id='word_1_497' title='bbox 756 3856 866 3922; x_wconf 81' lang='lat' dir='ltr'><strong>qttalem</strong></span> <span class='ocrx_word' id='word_1_498' title='bbox 881 3854 1030 3905; x_wconf 89' lang='lat' dir='ltr'><strong>multitudo</strong></span> <span class='ocrx_word' id='word_1_499' title='bbox 1043 3855 1134 3921; x_wconf 87' lang='lat' dir='ltr'><strong>loque-</strong></span> 
     </span>
     <span class='ocr_line' id='line_1_52' title="bbox 101 3922 1132 3987; baseline 0.007 -17"><span class='ocrx_word' id='word_1_500' title='bbox 101 3925 192 3974; x_wconf 77' lang='lat' dir='ltr'><strong>batur.</strong></span> <span class='ocrx_word' id='word_1_501' title='bbox 218 3949 249 3959; x_wconf 92' lang='lat'>-</span> <span class='ocrx_word' id='word_1_502' title='bbox 300 3929 359 3980; x_wconf 79' lang='grc'>376.</span> <span class='ocrx_word' id='word_1_503' title='bbox 387 3922 533 3987; x_wconf 83' lang='lat' dir='ltr'><strong>Ostendit;</strong></span> <span class='ocrx_word' id='word_1_504' title='bbox 565 3923 662 3974; x_wconf 87' lang='lat' dir='ltr'><strong>melius</strong></span> <span class='ocrx_word' id='word_1_505' title='bbox 694 3924 803 3975; x_wconf 85' lang='lat' dir='ltr'><strong>dixisset</strong></span> <span class='ocrx_word' id='word_1_506' title='bbox 829 3924 966 3976; x_wconf 86' lang='lat' dir='ltr'><strong>Ostentot.</strong></span> <span class='ocrx_word' id='word_1_507' title='bbox 991 3948 1027 3960; x_wconf 90' lang='lat'><strong>·-</strong></span> <span class='ocrx_word' id='word_1_508' title='bbox 1073 3926 1132 3981; x_wconf 80' lang='grc'>380·</span> 
     </span>
     <span class='ocr_line' id='line_1_53' title="bbox 102 3989 1134 4059; baseline -0.005 -17"><span class='ocrx_word' id='word_1_509' title='bbox 102 3994 230 4055; x_wconf 75' lang='lat' dir='ltr'><strong>Alacris5</strong></span> <span class='ocrx_word' id='word_1_510' title='bbox 256 4007 321 4041; x_wconf 88' lang='lat' dir='ltr'><strong>cum</strong></span> <span class='ocrx_word' id='word_1_511' title='bbox 346 4008 409 4041; x_wconf 81' lang='lat' dir='ltr'><strong>acer</strong></span> <span class='ocrx_word' id='word_1_512' title='bbox 433 3992 535 4059; x_wconf 85' lang='lat' dir='ltr'><strong>ubique</strong></span> <span class='ocrx_word' id='word_1_513' title='bbox 560 3992 647 4058; x_wconf 91' lang='lat' dir='ltr'><strong>dicat,</strong></span> <span class='ocrx_word' id='word_1_514' title='bbox 670 3993 764 4044; x_wconf 82' lang='lat' dir='ltr'><strong>alacer</strong></span> <span class='ocrx_word' id='word_1_515' title='bbox 782 4002 876 4047; x_wconf 84' lang='lat' dir='ltr'><strong>temen</strong></span> <span class='ocrx_word' id='word_1_516' title='bbox 893 4008 951 4043; x_wconf 88' lang='lat' dir='ltr'><strong>non</strong></span> <span class='ocrx_word' id='word_1_517' title='bbox 968 3991 1051 4056; x_wconf 85' lang='lat' dir='ltr'><strong>dicit,</strong></span> <span class='ocrx_word' id='word_1_518' title='bbox 1072 3989 1134 4041; x_wconf 91' lang='lat' dir='ltr'><strong>licet</strong></span> 
     </span>
     <span class='ocr_line' id='line_1_54' title="bbox 101 4060 1134 4130; baseline -0.007 -14"><span class='ocrx_word' id='word_1_519' title='bbox 101 4062 167 4116; x_wconf 86' lang='lat' dir='ltr'><strong>inde</strong></span> <span class='ocrx_word' id='word_1_520' title='bbox 190 4068 326 4127; x_wconf 74' lang='lat' dir='ltr'><strong>nascatur.</strong></span> <span class='ocrx_word' id='word_1_521' title='bbox 368 4060 441 4113; x_wconf 88' lang='lat' dir='ltr'><strong>Vitat</strong></span> <span class='ocrx_word' id='word_1_522' title='bbox 464 4060 540 4113; x_wconf 89' lang='lat' dir='ltr'><strong>enim</strong></span> <span class='ocrx_word' id='word_1_523' title='bbox 564 4061 762 4115; x_wconf 82' lang='lat' dir='ltr'><strong>contusionem.</strong></span> <span class='ocrx_word' id='word_1_524' title='bbox 803 4060 881 4116; x_wconf 85' lang='lat' dir='ltr'><strong>Unde</strong></span> <span class='ocrx_word' id='word_1_525' title='bbox 908 4068 1059 4130; x_wconf 76' lang='lat' dir='ltr'><strong>utriunque</strong></span> <span class='ocrx_word' id='word_1_526' title='bbox 1080 4072 1134 4110; x_wconf 86' lang='lat' dir='ltr'><strong>non</strong></span> 
     </span>
    </p>
   </div>
   <div class='ocr_carea' id='block_1_5' title="bbox 0 0 1239 4500">
    <p class='ocr_par' dir='ltr' id='par_1_6' title="bbox 0 0 1239 4500">
     <span class='ocr_line' id='line_1_55' title="bbox 0 0 1239 4500; baseline 0 0"><span class='ocrx_word' id='word_1_527' title='bbox 0 0 1239 4500; x_wconf 95' lang='lat' dir='ltr'><strong> </strong></span> 
     </span>
    </p>
   </div>
  </div>
 </body>
</html>
