2454 4500
102 251 170 319 206
373 244 512 317 SERVII
534 240 886 315 COMMENTARIUS

95 436 214 506 'erunpta
229 432 341 486 lieentia
358 450 429 503 quae
445 430 624 488 minuebatur
645 434 756 487 timore.
771 461 806 473 -
839 441 901 494 177.
920 436 1137 506 ingrediturque

103 514 172 567 etc.;
195 505 249 555 hoc
265 503 323 556 vult
339 503 491 557 ostendere.
520 504 578 556 Nec
594 503 693 556 humili
709 520 774 557 eam
789 505 917 558 fortunae
934 523 1072 574 parcere,
1087 525 1137 558 uec

102 573 248 645 superiori.
282 572 343 642 [Vel
359 573 424 641 quia
439 574 531 624 famae
556 571 678 624 incertus
701 571 816 639 sueton]
831 596 867 610 -
900 581 963 632 173.
982 574 1072 626 Terra
1089 593 1136 643 pa·

104 660 186 705 rens;
212 641 344 721 generale
367 650 422 707 est,
444 658 545 711 pareus
567 656 664 692 rerum
688 642 818 693 omnium
839 641 961 708 [fellus]
993 643 1135 709 (Gneut

102 711 241 779 generans
259 717 315 776 est3
331 710 470 763 bonarum
485 709 656 761 malarumve
671 726 771 781 parens
787 717 862 762 terra
878 727 977 764 rerum
993 711 1134 772 omnium3

103 780 197 831 Guell.
213 780 246 831 H.
263 780 393 850 generale
411 787 466 843 est;
489 796 558 832 uam
573 795 632 847 par.
649 787 690 831 est
711 795 767 831 rer.
784 794 857 829 omn.
876 779 909 830 L.
926 782 988 835 Vos.
1005 795 1071 851 geu.
1088 787 1135 843 est,

102 865 162 921 par.
189 864 245 900 rer.
270 848 354 910 omn.)
396 849 447 900 Ire
470 851 584 900 irritato
609 848 722 913 deorum
729 870 738 915 5
763 847 943 917 amphibolou
960 856 1015 916 est,
1041 855 1133 901 utum

103 934 158 968 sua
184 919 246 982 im,
268 934 320 987 pro
339 925 382 969 ter
407 918 538 970 extinctos
564 917 702 984 gigantes:
731 934 767 968 un
800 919 845 969 ire
869 916 986 969 deorum
1011 919 1134 981 irritato,

102 986 170 1052 quia
186 985 231 1052 (al
248 938 339 1054 queri)
350 986 512 1039 exstinxerat
527 985 660 1053 gigantes
694 985 755 1104 ΗΜ
768 986 831 1045 ideo
850 987 895 1036 ira
912 985 1046 1051 deorum,
1062 986 1134 1052 quod

101 1053 133 1107 in
150 1071 215 1106 eum
238 1055 357 1109 rumina
380 1064 408 1109 et
431 1055 578 1123 grandines
600 1054 636 1104 de
652 1068 728 1105 coeo
751 1051 871 1119 cadunt]
887 1081 922 1093 -
958 1059 1020 1113 179.
1037 1053 1132 1107 Extre-

98 1140 197 1187 mam,-
214 1132 264 1175 aut
279 1134 340 1194 post
356 1141 451 1175 omnes
467 1124 600 1190 gigantes,
616 1122 718 1192 quippe
734 1123 769 1174 ed
786 1138 884 1175 eorum
900 1121 1038 1179 ultionem
1054 1130 1135 1185 nate;

101 1209 171 1244 nam
188 1194 345 1265 peripsam
362 1207 459 1245 eorum
475 1191 595 1244 crimina
612 1191 721 1257 vulgata
732 1200 809 1255 sunt,
825 1197 874 1241 aut
886 1198 961 1243 certe
974 1204 1134 1254 extremam,

100 1263 261 1330 pessimam.
295 1261 399 1314 Omnes
416 1259 492 1310 enim
510 1259 557 1328 qui
580 1259 615 1311 de
632 1260 768 1313 medicina
784 1266 917 1326 nectant,
941 1259 1039 1311 dicunt
1054 1267 1133 1312 natu-

100 1331 162 1383 rale
180 1347 246 1395 esse,
262 1335 293 1378 ut
307 1329 462 1380 inutiliores
478 1327 533 1379 siut
550 1331 598 1394 qui
615 1336 765 1380 nascuntur
783 1328 882 1380 ultimi.
918 1326 1048 1393 [Famam
1066 1344 1131 1395 ergo

100 1399 210 1451 inducit
234 1398 320 1448 ultam
342 1413 401 1450 esse
422 1396 537 1460 iratres,
563 1396 628 1464 quia
651 1396 711 1464 ipsa
734 1398 850 1450 deortun
872 1396 972 1453 delicta
995 1396 1132 1466 vulgant]

103 1464 142 1517 Ut
158 1467 315 1535 perbibent,
337 1465 571 1534 quotienscunque
592 1465 749 1520 fabulosum
764 1465 875 1534 aliquid
897 1465 979 1529 dicit,
1001 1467 1073 1521 solet
1091 1465 1133 1519 iu-

99 1537 178 1590 terre
194 1536 280 1587 Fama
297 1545 346 1586 ert.
378 1532 452 1584 Mire
471 1548 539 1599 ergo
558 1534 650 1598 modo,
666 1551 732 1587 cum
745 1535 779 1586 de
796 1535 854 1603 ipsa
870 1534 947 1584 fama
963 1533 1133 1602 loqueretur,

99 1605 154 1657 ait:
187 1604 222 1654 Ut
244 1602 394 1670 perhibent.
436 1601 526 1668 [Coeo
550 1602 760 1669 Enceladoque3
790 1604 834 1654 isti
857 1601 991 1671 Gigantes
1019 1604 1132 1656 fuerunt

99 1673 175 1726 inte-r
198 1673 281 1735 allos,
303 1671 350 1737 qui
366 1672 460 1721 Iovem
482 1672 660 1739 superpositis
683 1672 823 1725 montibus
845 1686 933 1739 reguo
958 1669 1070 1725 coelesti
1086 1671 1131 1723 de-

98 1742 214 1795 trudere
232 1741 336 1806 coneti,
350 1739 512 1791 fulminibus
529 1749 593 1792 sunt
609 1742 701 1802 deleti,
717 1749 746 1794 et
762 1741 834 1793 bene
850 1739 934 1807 elegit
950 1756 982 1792 ex
997 1739 1132 1795 fratribus

98 1811 249 1876 maximos,
272 1809 421 1875 exquibus
447 1807 663 1876 existimaretur,
679 1812 693 1842 *
710 1816 760 1878 (er.
780 1822 836 1861 toto
855 1807 959 1863 turba?
984 1811 1129 1863 existima-

101 1890 201 1931 rentur
216 1877 345 1941 amnesi)
362 1906 397 1918 -
432 1883 493 1934 180.
512 1877 632 1929 Pedibus
649 1886 717 1942 etc.;
734 1877 869 1930 convertit
884 1892 982 1930 rerum
998 1877 1128 1947 epitheta

97 1947 172 2000 Nam
188 1950 288 2013 peruia
304 1947 408 2018 pedum
425 1953 480 1997 est:
498 1955 528 1996 ut
544 1953 605 2014 (11,
621 1946 707 2008 716.);
732 1947 897 2001 Pernicibus
914 1947 999 2012 ignea
1016 1947 1131 2013 plantis.

99 2015 250 2079 celeritas,
266 2031 422 2087 parmarum
439 2013 482 2080 (al.
499 2014 586 2084 pinu.)
604 2024 657 2067 est:
681 2023 712 2065 ut
729 2021 772 2081 (3,
789 2014 876 2078 243.):
901 2014 1044 2083 Celerique
1055 2015 1130 2087 juga

97 2087 151 2135 sub
177 2085 271 2136 sidera
296 2085 399 2165 lapsae.
435 2085 500 2151 [Aut
522 2091 598 2135 certe
621 2083 738 2135 intentio
756 2082 934 2135 describentis
957 2091 1013 2151 est,
1037 2100 1130 2153 super·

96 2169 215 2205 vacuum
233 2160 273 2205 est
290 2170 366 2205 ennu
384 2152 439 2203 alas
456 2151 572 2202 habenti
588 2151 693 2219 pedum
711 2153 873 2219 pernicitas,
895 2159 944 2207 aut
966 2152 1006 2202 sic
1030 2152 1130 2205 intelli·

95 2222 151 2290 git:
182 2223 299 2290 pedibus
325 2223 452 2284 celerem,
477 2232 502 2273 et
526 2221 583 2270 olis
607 2220 758 2273 velocibus.
782 2248 818 2258 -
866 2227 926 2285 1⁸1·
951 2220 1129 2284 Monstrum,-

95 2292 168 2343 bene
192 2291 354 2360 vituperavit
376 2292 483 2341 famant
507 2305 539 2339 ex
562 2288 749 2343 accidentibus
772 2305 909 2359 personae
925 2307 975 2360 per
991 2300 1131 2358 parentes,

95 2361 168 2425 elas,
192 2367 220 2411 et
236 2361 343 2411 fratres.
362 2359 375 2390 *
398 2359 435 2409 Et
451 2358 526 2425 quod
544 2374 607 2408 eam
625 2357 770 2423 describit,
794 2374 852 2413 non
870 2367 911 2411 est
925 2359 1066 2424 narratio,
1083 2360 1130 2411 sed

95 2429 307 2496 argumentatio.
347 2426 420 2496 Quid
443 2427 473 2479 ni
496 2434 667 2490 monstrum,
698 2443 767 2494 quae
792 2427 873 2482 huius
895 2434 1013 2480 naturae
1042 2428 1077 2478 sit
1100 2434 1130 2478 ut

95 2505 164 2569 quot
180 2497 301 2569 phuuas,
323 2503 365 2545 tot
382 2494 488 2559 oculos,
505 2502 546 2544 tot
561 2494 685 2561 linguas,
707 2503 748 2544 tot
767 2512 846 2547 aures
864 2503 892 2546 et
907 2494 1022 2559 cetera]
1056 2495 1129 2562 Quot

96 2579 164 2619 suut
190 2584 303 2634 corpore
329 2566 459 2630 plumae,⁸
484 2579 541 2613 non
561 2563 661 2630 ipsius,
686 2565 735 2615 sed
757 2565 787 2615 in
811 2564 937 2614 omnium
961 2566 1130 2635 corporibus.

94 2637 168 2689 Nam
185 2634 359 2700 exaugeretio
377 2640 431 2695 est,
448 2648 480 2683 ac
498 2631 520 2681 si
538 2632 658 2696 diceret,
682 2646 748 2699 quot
765 2646 832 2683 suut
850 2633 980 2684 harenae.
998 2660 1034 2677 -ι-
1069 2640 1128 2693 182.

96 2706 185 2761 Oculi
201 2672 309 2766 saitem
330 2701 490 2753 adverbium
508 2708 561 2765 est,
579 2718 611 2751 ac
629 2702 652 2751 si
669 2702 789 2765 diceret,
806 2718 862 2752 non
880 2702 930 2754 sub
948 2703 1067 2770 plumis,
1083 2702 1129 2755 sed

95 2776 146 2830 sub
161 2773 236 2847 ipsa:
261 2774 300 2838 [et
322 2771 394 2825 mire
419 2771 529 2833 subter,
557 2770 634 2836 quasi
658 2787 729 2838 quae
747 2786 803 2820 non
823 2771 959 2836 videatur,
982 2780 1012 2829 et
1036 2773 1129 2823 onmia

95 2845 167 2901 videt
183 2841 298 2907 reliqua.
328 2839 464 2890 Mirabile
483 2839 576 2902 dictn5
594 2840 633 2888 sic
651 2839 811 2894 exclamavit
827 2839 926 2903 Poeta,
944 2842 1022 2907 quasi
1039 2842 1129 2894 minus

95 2910 287 2967 admirationis
301 2908 419 2959 haberet
436 2907 494 2976 ipsa
513 2907 681 2976 descriptio]
694 2935 728 2945 -
763 2913 824 2966 183.
846 2909 899 2959 Tot
916 2910 1052 2977 liuguae5
1069 2910 1128 2961 infi-

96 2983 168 3039 nius
184 2986 224 3031 est
239 2993 379 3028 numerus.
414 2976 488 3026 Nam
510 2994 543 3028 re
560 2993 624 3027 vcra
641 2986 708 3043 quot
732 2986 795 3030 sunt
811 2977 954 3044 homines,
976 2980 1007 3035 in
1031 2979 1129 3046 quibus

97 3059 136 3108 est
157 3051 245 3110 fama,
274 3053 316 3096 tot
338 3060 388 3096 ora
411 3044 510 3106 hahet,
538 3054 605 3112 quot
628 3053 690 3094 sunt
714 3044 764 3114 [et]
793 3045 949 3098 hominum.
990 3048 1128 3115 [Totidem

99 3138 146 3179 ora
172 3128 291 3177 sorrunt‚·
316 3113 389 3169 uliud
406 3116 478 3178 visu,
500 3115 553 3165 hoc
578 3121 619 3164 est
636 3132 702 3177 orn,
726 3115 799 3167 aliud
824 3115 934 3179 auditu,
956 3115 1012 3167 hoc
1028 3123 1069 3168 est
1086 3135 1127 3167 so·

100 3186 186 3253 mne]
202 3210 236 3222 -
272 3187 332 3239 184.
357 3180 444 3232 Nocte
462 3184 554 3245 volut;
580 3183 651 3233 berre
677 3184 832 3237 naturalem
856 3200 917 3235 rem
941 3184 1017 3241 dixit.
1056 3186 1128 3241 Nam

99 3265 196 3333 querito
213 3253 335 3307 celatum
352 3261 393 3301 est
410 3251 520 3319 aliquid,
537 3258 614 3302 tanto
632 3253 720 3319 stragis
737 3251 902 3319 requiritur:
921 3261 950 3303 et
966 3253 1026 3305 sine
1044 3254 1126 3305 dubio

99 3325 225 3397 incipiens
249 3323 325 3371 fama
342 3337 452 3387 semper
478 3322 594 3371 obscura
619 3327 673 3384 est,
697 3338 768 3387 quae
791 3321 928 3394 divulgata
952 3323 1126 3390 conquiescit.

99 3398 172 3459 Unde
188 3391 239 3445 ait:
258 3389 332 3439 Luce
350 3391 424 3440 sedet
442 3403 544 3440 custos.
582 3389 671 3455 [Coeli
690 3392 796 3451 medio,
814 3391 954 3454 absolute,
972 3393 1038 3459 quia
1053 3394 1126 3444 inter

101 3450 213 3527 eoeluut‘
225 3468 385 3525 terramque
409 3459 534 3509 medium
560 3456 619 3520 est]
655 3458 810 3526 Terraeque
835 3477 882 3525 per
908 3460 1038 3513 umbram
1046 3485 1055 3525 ‚-
1079 3477 1125 3513 no·

102 3548 168 3599 ,pm
185 3528 314 3579 umbram
330 3536 423 3578 terrae
441 3544 498 3578 esse
515 3542 651 3593 nusquam
668 3528 832 3595 significavit
850 3528 978 3598 apertius.
998 3554 1033 3567 ·-
1067 3535 1126 3588 185.

103 3602 245 3683 [satidana-
265 3603 356 3663 potest
373 3604 401 3647 et
417 3597 452 3647 ad
470 3596 524 3647 oris
541 3611 649 3661 sonunt,
666 3604 694 3647 et
711 3597 745 3647 ad
763 3598 882 3647 volutum
894 3598 1005 3651 referri.
1040 3598 1127 3649 Daiei

105 3672 216 3739 Jsstiuut
234 3666 345 3714 lumina
365 3680 479 3730 somno;
506 3664 553 3732 qni
577 3672 619 3718 est
636 3665 766 3715 omnibus
788 3665 952 3717 animalibus
976 3667 1078 3733 dulcis,
1102 3676 1128 3720 et

106 3756 208 3807 mmo,
232 3740 326 3783 utrum
350 3734 468 3784 ablativo
496 3752 532 3784 an
556 3733 655 3784 dativo.
695 3735 795 3787 Melius
818 3735 1029 3803 interpreteris,
1050 3738 1126 3806 qnasi

108 3832 154 3877 ⁸⁰¹¹
174 3801 280 3857 ctuuln't
303 3805 454 3868 (rrrccurub.
473 3821 492 3854 s.
511 3802 597 3862 conc.)
620 3804 659 3854 illi
676 3804 688 3835 *
706 3831 741 3839 —
776 3810 836 3863 180.
854 3802 930 3852 erce
949 3806 1040 3871 sedet,-
1066 3808 1084 3858 i.
1103 3826 1126 3860 e.

139 3875 239 3935 ,dicun
255 3878 302 3921 aut
316 3879 346 3919 ut
359 3872 402 3920 lun
418 3873 517 3941 coepit,
535 3881 562 3923 ct
578 3872 647 3925 berre
663 3880 799 3925 nocturna
816 3873 855 3922 illi
872 3879 901 3922 et
917 3873 1020 3928 diurna
1038 3875 1128 3927 officia

110 3906 161 4019 ες,
177 3959 211 3993 nc
237 3939 307 3990 dulci
333 3956 429 3990 somno
453 3938 606 4009 capiatur]
648 3940 764 4002 Custos3
789 3942 966 4010 speculatrix,
991 3942 1038 4006 [ne
1064 3946 1131 4013 quid

118 4008 352 4089 *praeterirem
370 4025 426 4061 non
444 4024 514 4079 quem
531 4008 667 4063 custodiat
680 4017 727 4073 aut
740 4009 847 4077 servet]
880 4010 991 4065 Summi
1006 4016 1131 4066 culmine

104 4260 229 4446 s
