2454 4500
57 214 1101 338 ·ammmmffimmm

10 459 45 512 ,J
64 447 121 505 est,
145 449 172 493 et
197 440 306 510 Nefas]
328 458 383 494 non
406 443 435 493 in
459 459 492 494 eo
523 453 647 511 tantum,
677 446 934 515 quod'Aegyptiam
957 447 1098 502 Romania

15 566 21 571 ,
64 510 193 574 duxerat,
216 513 367 562 sedetiam
385 511 458 579 quod
482 513 583 564 mulier
598 508 687 566 casira
709 517 889 582 sequebatur,
904 517 987 585 vquod
1010 520 1039 569 in
1057 519 1097 569 in·

10 626 22 635 ,
63 578 142 657 genti
165 580 337 646 turpitudine
361 579 433 648 apud
456 581 579 637 maiores
595 583 655 634 tuit.
689 583 766 634 Unde
785 582 935 645 bellaturus
951 585 1096 655 Pompeius

10 646 25 701 ’,
63 662 93 696 m
110 645 201 696 Lesbo
220 647 331 714 reliquit
354 662 475 698 uxorem.
493 675 527 686 -
562 655 623 706 589.
642 651 747 714 Ruere;
773 651 905 714 ruebant,
922 653 940 702 i,
958 671 982 703 e.
1006 653 1094 708 renie-

10 762 15 768 ,
64 712 133 764 bant
156 729 221 765 cum
245 713 359 783 impetu.
393 717 446 782 [Et
468 716 529 766 hoc·
544 718 629 769 verbo
654 736 733 769 more
756 735 804 769 tuo
829 719 946 772 ostendit
970 712 1095 779 velocita-

10 784 24 835 ζ
63 788 130 832 tem.
156 808 190 818 -
232 787 293 839 691.
318 782 436 843 Credas;
461 800 512 850 pro
535 787 631 836 credat
654 785 738 854 quia]
762 813 795 823 ·-
837 791 898 845 692.
924 787 1095 842 Concurrere

10 848 23 913 ζ
52 851 210 911 1ηιοηιίὒιυ
234 836 402 914 altas3'alii
427 853 493 902 altis
519 853 629 919 lagunt;
657 869 744 904 unum
767 863 863 907 tamen
878 862 935 909 ,esti
957 874 990 894 ··-
1033 862 1095 927 ⁶93t
1171 912 1175 920 ,

32 926 34 930 ’
52 917 193 981 ,Ταννίιὶε
210 921 351 984 puppibus
370 922 492 980 instant;
509 921 562 972 hoc
580 923 614 973 de
630 922 744 974 historia
762 921 852 974 traxit.
885 924 957 974 Nam
971 925 1093 1005 Agrippa

62 986 174 1056 primus
189 986 242 1037 hoc
259 995 345 1053 'genus
359 988 482 1038 'turrium
497 989 615 1053 invenit,
638 998 669 1040 ut
685 991 718 1041 de
742 989 870 1042 tabulatis
892 991 982 1042 subito
1006 990 1112 1060 erige''

63 1063 177 1118 rentur,
200 1053 282 1106 simul
297 1071 329 1105 ac
347 1062 458 1108 ventum
475 1065 546 1109 esset
566 1059 595 1108 in
619 1057 768 1128 praelium,
790 1065 880 1109 turres
903 1058 1025 1110 hostibus
1042 1062 1093 1115 im·

38 1140 42 1152 ·
61 1123 204 1192 provisae,
228 1122 273 1189 [iu
290 1123 444 1190 navigando
467 1128 557 1176 essent
574 1127 704 1178 occultae.
722 1152 755 1162 -
789 1131 850 1184 694.
869 1126 999 1194 'l'clispue
1017 1130 1092 1179 aala-

60 1191 128 1250 tile3
152 1191 237 1242 Cato:
261 1191 317 1241 Sub
342 1195 396 1243 tela
421 1191 566 1257 volantia]
591 1220 624 1230 -·
665 1199 727 1253 695.
752 1193 826 1245 Arva
851 1211 924 1247 nova
948 1195 990 1247 Nc
1011 1200 1092 1248 tunic

60 1259 147 1308 caede
166 1261 331 1326 rubescunt,
351 1279 422 1312 nova
442 1261 781 1330 caedc,magua,nimia.
817 1263 889 1314 Nam
906 1278 963 1314 nou
1000 1265 1096 1324 'citra

54 1341 129 1381 ,vera
148 1344 220 1378 nova
245 1330 343 1393 [arva,
366 1330 414 1397 sed
432 1347 510 1385 noua¹
524 1332 619 1394 caede,
642 1347 708 1380 cum
729 1330 785 1391 alia
807 1330 912 1381 fuerint
935 1330 1006 1383 bella
1029 1333 1092 1385 civi·

59 1394 115 1459 tia,
139 1402 167 1446 et
189 1397 287 1447 caedes
310 1397 380 1448 aliae
403 1399 432 1448 in
459 1397 531 1466 ipsis.
564 1399 702 1451 Homerus
724 1394 885 1467 ἐρυθαίνετο
902 1399 1000 1467 αἵματι
1018 1402 1092 1470 γαΐα,

58 1463 111 1515 sed
128 1479 184 1514 nun
202 1464 311 1521 esthoc
330 1467 389 1531 (sed
407 1466 458 1517 hac
476 1479 516 1516 est
534 1466 648 1529 nunc?)
668 1466 882 1532 rubescunt.]—
916 1474 977 1526 596.
995 1467 1090 1520 Patrio

37 1549 44 1564 ·-
61 1543 146 1582 vocat
163 1535 279 1599 agmina
299 1536 401 1598 sistra,·
428 1534 574 1601 Cleopatra
597 1534 649 1585 sibi
672 1543 781 1587 tantum
798 1544 998 1603 assumpserat,
1018 1543 1049 1586 ut
1064 1553 1094 1589 se

58 1600 118 1655 Isin
136 1600 215 1652 vellet
231 1601 324 1653 videri.
357 1604 406 1653 Isis
430 1611 523 1656 autem
547 1612 589 1653 est
611 1603 708 1670 genius
724 1603 854 1672 Aegypti,
876 1603 923 1670 qui
948 1621 998 1672 per
1020 1604 1093 1659 sistri

57 1664 180 1732 molum,
198 1670 271 1737 quod
289 1670 360 1734 gerit
377 1671 406 1720 in
423 1672 524 1736 dextra,
542 1670 734 1721 Nili‘accessus
750 1687 924 1737 recessusque
941 1672 1092 1738 significat:

59 1753 114 1805 per
137 1737 248 1787 situlam
266 1738 317 1803 ‘·(el.
334 1739 465 1800 sitellam)
483 1755 568 1807 quiam
585 1738 694 1791 sinistra
710 1737 817 1807 [manti]
833 1741 950 1803 retinet,
975 1739 1093 1791 ostendit

59 1804 234 1857 affluentiam
252 1805 378 1856 omnium
399 1808 579 1870 lacunarum,
603 1808 637 1873 [i.
654 1824 679 1858 e.
704 1807 854 1869 fossarmn,
878 1807 908 1857 in
931 1805 1091 1874 quasNilus

58 1881 192 1942 siagrians
209 1873 414 1942 recipiebatur]
447 1874 493 1926 lais
511 1883 605 1931 autem
619 1875 714 1944 lingna
732 1872 928 1944 Aegyptiorum
945 1883 986 1926 eat
1001 1882 1092 1931 terra:

58 1958 146 2010 quam
168 1939 234 1993 Isim
258 1943 351 1993 volunt
375 1959 439 1993 esse.
469 1945 564 2011 [Hanc
579 1944 645 1994 Isim
663 1951 691 1994 et
714 1941 780 1994 alios
798 1944 862 1994 deos
884 1941 948 1993 ideo
965 1940 1091 2012 Aegyptii

31 2059 33 2063 .
59 2009 170 2074 colunt,
194 2009 258 2077 quia
275 2011 340 2064 deos
362 2026 442 2078 reges
459 2011 587 2063 habuisse
604 2011 746 2062 dicuntur:
766 2011 844 2079 'Ergo
861 2009 890 2060 in
909 2011 1091 2078 =pprobrium

57 2077 234 2130 Alexandrini
251 2077 382 2131 exercitus
399 2094 450 2146 pro
467 2079 578 2130 classico
596 2081 712 2130 sistrum
730 2078 837 2152 posuit,
854 2078 927 2145 quod
945 2085 1037 2138 autem
1053 2082 1093 2133 uit
1122 2086 1126 2091 '

36 2153 38 2157 ’
59 2158 144 2196 vacat
161 2148 294 2212 agmina,
315 2146 369 2198 hoc
395 2154 436 2199 est
458 2146 532 2216 quod
553 2147 676 2218 superius
693 2147 798 2198 dictum
822 2155 869 2198 est
905 2147 941 2197 Et
957 2147 1091 2214 Augustus

56 2213 90 2265 in
118 2216 383 2269 commemoratione
406 2214 477 2267 vitae
498 2231 564 2267 stiae
587 2215 865 2267 refartzanroniam
895 2215 1031 2278 iussisse,
1060 2227 1091 2271 ut

59 2283 187 2349 legiones
209 2287 277 2334 suae
301 2280 385 2349 'apud
410 2282 582 2351 Cleopatram
608 2284 791 2350 excubarent,
823 2287 938 2348 eiusque
969 2295 1040 2335 nutu
1065 2296 1105 2340 et.
1162 2329 1163 2333 ,

58 2352 143 2403 iussu
162 2364 305 2419 parerent.-
331 2352 401 2403 bene
418 2368 484 2419 ergo
507 2351 591 2403 Vocat
608 2354 740 2419 agmina,
764 2367 834 2420 quae
855 2349 968 2418 'signum
986 2349 1091 2417 dabat]

57 2444 95 2457 ··-
128 2424 190 2487 697.
216 2419 238 2467 A
264 2433 338 2486 tergo
365 2423 479 2487 respicit
508 2437 630 2488 anguem
660 2421 714 2471 hoc
744 2429 798 2483 est,
828 2419 952 2473 nondum
982 2419 1092 2470 videbat

59 2494 184 2539 mortem
206 2487 337 2540 futuram.
372 2489 518 2556 [Traditur
542 2490 633 2553 enim,
655 2505 691 2541 ne
715 2489 750 2540 aa
773 2487 959 2554 Triumphum
976 2487 1090 2556 Augusti

59 2556 252 2608 adservaretur
275 2557 387 2615 admoto
413 2557 542 2623 (admota)
567 2556 618 2612 sibi
636 2557 728 2624 aspide
747 2556 894 2607 defecisse:
917 2564 977 2605 tum
1001 2557 1088 2621 gerni.

59 2641 130 2689 nos,
157 2639 222 2674 cum
247 2640 316 2676 unus
342 2624 394 2675 sibi
419 2623 697 2689 admoveretur.]-—
743 2629 804 2684 698.
829 2623 920 2679 Deum
947 2634 1070 2674 monstra
1078 2645 1088 2689 3

57 2693 123 2745 ideo
142 2704 266 2744 monstra
284 2692 364 2758 dixit,
406 2693 450 2744 uia
474 2694 524 2742 sub
541 2694 662 2758 Augusto
683 2691 803 2742 necdum
819 2689 938 2740 Rotnani
955 2690 1089 2768 Aegyptia
1103 2687 1144 2751 ’χ
1187 2668 1208 2763 'x

59 2776 140 2813 sacra
162 2769 344 2831 susceperant.
380 2761 391 2827 [
415 2767 427 2810 t
449 2759 613 2811 admittebat
634 2759 708 2809 locus
731 2773 782 2828 pro
804 2757 885 2808 laude
903 2757 1015 2824 Augusti
1039 2757 1087 2808 ah}

59 2827 128 2948 guid
144 2829 231 2880 etiam
252 2829 281 2879 in
299 2829 364 2880 deos
387 2827 576 2878 inclementius
599 2825 668 2888 dici,
692 2826 779 2876 Varro
801 2825 960 2891 indignatur
977 2825 1089 2878 Alexan·

48 2965 197 3035 pingitur,
220 2962 401 3016 huncmbmt
418 2979 475 3016 esse
492 2964 678 3029 Mercuriumr
702 2961 764 3013 ideo
782 2977 847 3029 quia
870 2959 939 3012 nibil
962 2969 1003 3012 est
1019 2977 1087 3014 caue

59 3033 192 3100 sagacius.
226 3033 312 3100 [cessa
336 3039 429 3083 autem
455 3030 723 3099 Gigantumcplures
746 3030 811 3081 deos
834 3031 959 3080 ferarum
983 3029 1100 3082 formas,

59 3101 197 3171 accepisse
214 3098 350 3164 traditan]
364 3126 395 3136 ·-
431 3104 491 3158 699.
512 3099 614 3150 Contra
633 3098 811 3165 Neptunum
828 3098 983 3147 Homerum
999 3095 1089 3165 sequi-

32 3229 36 3232 ,
59 3177 121 3235 tur,
144 3171 190 3238 qui
209 3169 273 3220 deos
288 3169 357 3231 dicit
372 3176 469 3219 contra
485 3185 514 3218 se
533 3181 584 3236 pro
601 3164 712 3218 diversis
727 3165 852 3235 partibus
875 3165 978 3219 habere
1001 3172 1091 3217 certa·

29 3240 35 3250 ‘
58 3244 134 3290 men.
169 3239 216 3305 [Et
232 3238 344 3304 quidam
357 3236 477 3289 latenter
499 3235 567 3287 illud
583 3234 704 3301 tetigisse
721 3233 866 3301 Virgilium
883 3233 990 3297 volunt,
1014 3231 1088 3301 quod

81 2897 154 2949 nuci
176 2897 241 2949 deos
257 2896 364 2947 Romae
389 2895 461 2960 coli]
495 2895 628 2947 Latratar
645 2893 769 2955 Anubim
793 2892 857 2971 quia
881 2888 1114 2968 capite'canino,
1182 2948 1211 2970 ,ι

59 3305 163 3358 Plinius
175 3305 316 3358 ·Se'cundus
333 3305 363 3356 in
380 3305 499 3355 Historia
515 3301 640 3355 Naturali
658 3307 718 3368 (32,
736 3299 772 3362 1.)
790 3301 869 3364 dicit,
887 3301 960 3367 qnod
976 3300 1087 3356 Antonii
1149 3330 1152 3336 ν
1209 3332 1211 3337 .

59 3391 159 3427 navem
172 3374 253 3441 piscis
264 3373 398 3425 Echeneis
412 3371 565 3434 retinuerit,
581 3370 628 3438 qui
641 3369 721 3440 piscis
734 3368 832 3420 Latine
848 3386 954 3419 remora
969 3367 1087 3436 dicium]

56 3437 95 3482 *ἶ-
136 3449 198 3500 701.
223 3441 355 3496 Caelatus
372 3441 470 3509 scrrc;
502 3447 549 3492 aut
572 3438 600 3489 in
625 3437 710 3489 armis
732 3439 850 3488 locatus:
881 3443 928 3486 aut
950 3436 984 3488 de
1010 3437 1087 3489 ferro
1126 3446 1128 3450 ’
1151 3494 1159 3506 Ι
1183 3418 1189 3426 Ι

59 3511 189 3577 sculptus,
205 3510 309 3562 scilicet
325 3510 436 3561 metallo
454 3506 505 3559 sibi
523 3521 659 3574 congruo:
678 3506 736 3572 [aut
749 3507 837 3555 saevit
847 3502 949 3572 ferra]
981 3502 1087 3568 Dirae3

60 3582 140 3630 dirae
165 3579 277 3646 proprie
300 3585 363 3628 sunt
386 3575 601 3638 ultrices‘deae,
631 3581 658 3626 et
687 3573 758 3625 bene
787 3574 836 3623 has
863 3571 997 3638 interesse
1020 3571 1088 3629 dicit
1135 3625 1139 3634 ,

61 3648 184 3717 praelio:
209 3650 275 3714 [aut
292 3663 309 3696 a
326 3648 387 3696 Iove
411 3645 504 3694 missas
522 3644 557 3695 ad
572 3648 709 3693 terrorem
726 3640 862 3710 Aegyptiis
878 3639 1087 3708 inferendum]

59 3717 96 3770 ad
122 3714 293 3784 puniendum
317 3713 481 3777 Antonium,
509 3711 556 3780 qui
579 3709 750 3773 matrimonii
777 3710 895 3761 laeserat
916 3707 1012 3759 foedus
1035 3707 1087 3771 (al.

56 3782 170 3853 fidem).
194 3809 228 3823 ··-
268 3788 331 3840 702.
354 3781 448 3832 Scissa
473 3780 616 3831 discordia
642 3781 735 3845 palla‚·
760 3778 870 3844 [utrum
887 3778 985 3845 'scissa
1008 3776 1086 3840 palla

23 3862 26 3867 ·
60 3853 205 3919 gaudena,
236 3868 272 3902 au
298 3853 386 3900 scissa
410 3851 488 3917 palla
514 3849 604 3910 uadit,
629 3855 656 3898 et
679 3861 801 3897 seorsum
823 3843 971 3912 gaudens?
1022 3844 1087 3897 Ideo

60 3919 179 3988 [autern]
197 3919 356 3984 discordia,
378 3922 442 3986 quia
460 3915 540 3967 tinius
556 3915 669 3966 civitatis
687 3917 727 3982 [et
748 3914 819 3964 cives
835 3912 970 3983 principes
999 3919 1087 3977 erant,

58 3996 88 4046 et
119 3989 190 4045 benc
221 3988 319 4040 Diram
348 3985 485 4042 discordia
514 3984 635 4057 sequitur
642 4021 651 4054 ,
680 3997 764 4054 quam
787 3982 901 4036 Bellona
927 3980 1085 4049 comitatur.
1163 4034 1165 4038 ,
